Quarters,Year,Quarter,FillingDate,Date,NetIncome,Revenue,OperatingIncome,EPSDiluted,GrossProfit,GrossProfitRatio,TotalAssets,CommonStockEquity,CurrentAssets,CurrentLiability,TotalLiability,Inventory,RetainedEarnings,MarketCap,EnterpriseValue,bookValuePerShare,currentRatio,debtToAssets,debtToEquity,roic,shareholdersEquityPerShare,roe,priceToSalesRatio,peRatio,pbRatio,payoutRatio,inventoryTurnover,dividendYield,assetTurnover,quickRatio,returnOnAssets,priceToFreeCashFlowsRatio,grossProfitMargin,epsdilutedGrowth,fiveYNetIncomeGrowthPerShare,fiveYRevenueGrowthPerShare,fiveYShareholdersEquityGrowthPerShare,grossProfitGrowth,netIncomeGrowth,operatingIncomeGrowth,threeYNetIncomeGrowthPerShare,threeYRevenueGrowthPerShare,threeYShareholdersEquityGrowthPerShare,Industry,Sector,Symbol
2023Q1,2023,Q1,2023-05-05,2023-03-31,1964000.0,7901000.0,1808000.0,0.56,7901000.0,1.0,1017746000.0,73640000.0,429597000.0,0.0,0.0,0.0,116798000.0,79358560.38,55453560.379999995,21.027125391510285,0.0,0.0,0.0,0.02161357261305621,21.027125391510285,0.026670287887017925,10.04411598278699,10.10164974287169,1.0776556271048343,0.48116089613034624,0.0,0.011907978111938628,0.007763233655548634,0.0,0.0019297545753066089,16.242030368399508,1.0,-0.5590551181102362,-0.06907719385928568,0.15178939671567085,-0.09977699713406064,1.4431045145330859,-0.5602328705776982,-0.7270119281292465,0.11043467496205168,0.08035367135785224,-0.27594025755884977,Banks—Regional,Financial Services,AUBN
2022Q4,2022,Q4,2023-03-17,2022-12-31,4466000.0,3234000.0,6623000.0,1.27,3234000.0,1.0,1074735000.0,82925000.0,423258000.0,0.0,991810000.0,0.0,116600000.0,80599912.0,62645912.0,23.663487374527158,0.0,0.0,0.0,0.06025128127826349,23.663487374527158,0.05385589388001206,24.922669140383427,4.511862516793551,0.9719615556225505,0.20801612180922527,0.0,0.011526067174862424,0.003009113874583037,0.0,0.0041554429696622885,108.18780134228187,1.0,1.2280701754385968,1.5444148221015017,-0.5276617790321186,-0.007871818804586364,-0.6004941321803583,1.2352352352352352,1.2382561676241974,0.6932792837577177,-0.6233652711907561,-0.14177598601903305,Banks—Regional,Financial Services,AUBN
2022Q3,2022,Q3,2022-11-09,2022-09-30,1998000.0,8095000.0,2959000.0,0.57,8095000.0,1.0,1069973000.0,77191000.0,450042000.0,0.0,992782000.0,0.0,113063000.0,80738460.36,42234460.36,22.008554684804743,0.0,0.0,0.0,0.031518642789386785,22.008554684804743,0.02588384656242308,9.97386786411365,10.102409954954956,1.045956916738998,0.464964964964965,0.0,0.011506288277702302,0.007565611468700612,0.0,0.0018673368393408059,26.32489741115096,1.0,0.1176470588235293,-0.02824492543683201,0.16332539856676245,-0.07333577903024152,0.12088064248130712,0.10938367573570239,0.0874678427048879,-0.0789614999745242,0.08966900835458655,-0.18803929310816936,Banks—Regional,Financial Services,AUBN
2022Q2,2022,Q2,2022-08-04,2022-06-30,1801000.0,7222000.0,2721000.0,0.51,7222000.0,1.0,1084251000.0,76107000.0,500021000.0,0.0,1008144000.0,0.0,111994000.0,95001065.11999999,24200065.11999999,21.662212706778966,0.0,0.0,0.0,0.02975503017240029,21.662212706778966,0.0236640519268924,13.154398382719467,13.187266118822876,1.2482566008382934,0.5163797890061077,0.0,0.009789363927923086,0.006660819312133445,0.0,0.0016610544975287087,-70.94926446601941,1.0,-0.135593220338983,-0.06377790867211951,0.08641130676217933,-0.07251217308157686,0.033781849413111936,-0.13455069678039405,-0.06974358974358974,-0.2050992141453273,-0.017151479460701953,-0.17615909533678373,Banks—Regional,Financial Services,AUBN
2022Q1,2022,Q1,2022-05-05,2022-03-31,2081000.0,6986000.0,2925000.0,0.59,6986000.0,1.0,1109664000.0,86411000.0,535787000.0,0.0,1023253000.0,0.0,111123000.0,116854598.97,-1473401.0300000012,24.557949240292533,0.0,0.0,0.0,0.030167688471139754,24.557949240292533,0.02408258207867054,16.72696807472087,14.038274744113407,1.352311615072155,0.4478616049975973,0.0,0.007975723747417693,0.00629559938864377,0.0,0.0018753424460016726,80.14718722222221,1.0,0.11320754716981121,0.1401369042057235,0.07567981651346775,0.07331400010705448,-0.00992063492063492,0.1122394441475147,0.4893075356415479,-0.15932918336813276,-0.07753640512643212,-0.023951599305058108,Banks—Regional,Financial Services,AUBN
2021Q4,2021,Q4,2022-03-08,2021-12-31,1871000.0,7056000.0,1964000.0,0.53,7056000.0,1.0,1073564000.0,105925000.0,0.0,0.0,967639000.0,0.0,0.0,113835245.3,113835245.3,30.05552007186653,0.0,0.0,0.0,0.017663441113995752,30.05552007186653,0.017663441113995752,16.133112996031745,15.210481734366649,1.0746777937219731,0.48957776590058794,0.0,0.008046716968773468,0.006572500568200871,0.0,0.0017427931637051914,-32.275374340799544,1.0,0.0,-0.0687107691128806,0.17127064313015897,0.33258671719346466,0.012338593974175036,-0.0021333333333333334,0.0,-0.19397046354119532,-0.012672311861154651,0.22978325544025757,Banks—Regional,Financial Services,AUBN
2021Q3,2021,Q3,2021-10-29,2021-09-30,1875000.0,6970000.0,0.0,0.53,6970000.0,1.0,1065871000.0,104929000.0,0.0,0.0,960942000.0,0.0,109018000.0,119527615.99999999,10759615.999999985,29.671805718939464,0.0,0.0,0.0,0.0,29.671805718939464,0.017869225857484586,17.148868866571018,15.937015466666665,1.139128515472367,0.48906666666666665,0.0,0.007671867227737564,0.006539252873940655,0.0,0.0017591246970787271,-65.85543581267217,1.0,-0.1846153846153846,-0.009825051433173866,0.07648942849847808,0.271052873643998,-0.016231474947071278,-0.17979002624671916,0.0,-0.021769501643129786,-0.004310625610714988,0.26515796487281684,Banks—Regional,Financial Services,AUBN
2021Q2,2021,Q2,2021-07-30,2021-06-30,2286000.0,7085000.0,0.0,0.65,7085000.0,1.0,1036232000.0,106043000.0,0.0,0.0,930189000.0,0.0,108060000.0,126055725.66,34268725.66,29.830337022074783,0.0,0.0,0.0,0.0,29.830337022074783,0.021557292796318475,17.791916112914606,13.785621791338583,1.1887227413407768,0.40332458442694663,0.0,0.007314225475856898,0.006837271962263277,0.0,0.0022060696832369585,-45.01990202142857,1.0,0.16071428571428564,0.213358783000797,0.08625985322970817,0.28156450371357106,-0.004775951678606546,0.13958125623130607,0.0,0.03495690280613159,0.014826932917038054,0.26759485641392877,Banks—Regional,Financial Services,AUBN
2021Q1,2021,Q1,2021-04-30,2021-03-31,2006000.0,7119000.0,0.0,0.56,7119000.0,1.0,993263000.0,103639000.0,0.0,0.0,889624000.0,0.0,106696000.0,136838892.63,51258892.629999995,29.06065924365848,0.0,0.0,0.0,0.0,29.06065924365848,0.019355647970358648,19.22164526337969,17.053700477318046,1.3203416921236213,0.4621136590229312,0.0,0.006774389811137425,0.007167286005821218,0.0,0.002019606086202748,476.79056665505226,1.0,-0.034482758620689495,-0.06462089100963327,0.11362359516865154,0.2774264599240144,-0.06217889606112502,-0.024319066147859923,0.0,-0.0662744588209454,0.019121891729872012,0.24415836413628872,Banks—Regional,Financial Services,AUBN
2020Q4,2020,Q4,2021-03-09,2020-12-31,2056000.0,7591000.0,0.0,0.58,7591000.0,1.0,956597000.0,107690000.0,0.0,0.0,848907000.0,0.0,105617000.0,148678046.44,64660046.44,30.196765477489684,0.0,0.0,0.0,0.0,30.196765477489684,0.01909183768223605,19.58609490712686,18.078556230544745,1.3806114443309498,0.44260700389105057,0.0,0.006120607727834495,0.007935421081186748,0.0,0.0021492854357686676,-118.75243325878594,1.0,0.07407407407407393,0.0849730680472125,0.15320868205356403,0.3761429247194232,0.04819110742888705,0.06198347107438017,0.0,0.15102323121696326,0.0894413276417728,0.266045935537637,Banks—Regional,Financial Services,AUBN
2020Q3,2020,Q3,2020-10-30,2020-09-30,1936000.0,7242000.0,0.0,0.54,7242000.0,1.0,937890000.0,106314000.0,338001000.0,0.0,831576000.0,0.0,104471000.0,129311826.13999999,55820826.139999986,29.811238113878513,0.0,0.0,0.0,0.0,29.811238113878513,0.018210207498542054,17.855816920740125,16.698324656508262,1.2163198274921458,0.46952479338842973,0.0,0.007029519473461517,0.007721587819467102,0.0,0.0020642079561569056,-167.71961885862515,1.0,0.1489361702127661,0.03554816117020076,0.10001846064102381,0.36452395035006463,-0.02569621956141531,0.16556291390728478,0.0,-0.07395650516796767,0.023546497301471278,0.2551940887792237,Banks—Regional,Financial Services,AUBN
2020Q2,2020,Q2,2020-08-06,2020-06-30,1661000.0,7433000.0,0.0,0.47,7433000.0,1.0,942887000.0,105299000.0,0.0,0.0,837588000.0,0.0,103444000.0,203592416.94,85507416.94,29.527228962420708,0.0,0.0,0.0,0.0,29.527228962420708,0.015774128909106448,27.39034265303377,30.64304890728477,1.9334696145262538,0.547260686333534,0.0,0.004464802833338769,0.007883235212703113,0.0,0.0017616108823220599,120.46888576331361,1.0,-0.06000000000000005,-0.21070741832062526,0.09187732465990439,0.396180419395223,-0.0018799516583859273,-0.07773459189339256,0.0,-0.14934191050248985,0.1015929749113748,0.2642358283513713,Banks—Regional,Financial Services,AUBN
2020Q1,2020,Q1,2020-05-08,2020-03-31,1801000.0,7447000.0,0.0,0.5,7447000.0,1.0,856475000.0,103563000.0,0.0,0.0,752912000.0,0.0,102692000.0,149706809.07999998,86026809.07999998,29.040594524172594,0.0,0.0,0.0,0.0,29.040594524172594,0.017390380734432182,20.102968857257952,20.78106733481399,1.4455626920811486,0.5052748473070516,0.0,0.006078547833543872,0.008694941475232785,0.0,0.0021028051023088824,87.75311200468933,1.0,-0.3333333333333333,-0.011816498620943798,0.11166751633706849,0.3644574134499392,-0.1477454795147631,-0.3289865871833085,0.0,-0.026409225228034135,0.13139331057167408,0.2692296237458717,Banks—Regional,Financial Services,AUBN
2019Q4,2019,Q4,2020-03-06,2019-12-31,2684000.0,8738000.0,0.0,0.75,8738000.0,1.0,827879000.0,98328000.0,0.0,0.0,729551000.0,0.0,101801000.0,189005738.0,123575738.0,27.572623218454883,0.0,0.0,0.0,0.0,27.572623218454883,0.027296395736717924,21.630320210574503,17.604856371087926,1.9221965055731836,0.3323397913561848,0.0,0.0047194334385763466,0.010554682507951042,0.0,0.0032420196671252683,88.32043831775701,1.0,0.20967741935483872,0.44624986199038214,0.3606334848610024,0.32529598286582667,0.15612595924847844,0.21613049388309924,0.0,0.3202871939405701,0.4334608374596707,0.2225012700241477,Banks—Regional,Financial Services,AUBN
2019Q3,2019,Q3,2019-10-31,2019-09-30,2207000.0,7558000.0,0.0,0.62,7558000.0,1.0,824963000.0,96720000.0,557630000.0,0.0,728243000.0,0.0,100009000.0,169065441.628287,106076441.62828699,27.10544303190859,0.0,0.0,0.0,0.0,27.10544303190859,0.02281844499586435,22.369071398291478,19.1510468541331,1.7479884370170284,0.4041685545990032,0.0,0.0052760634663657725,0.009161623006122699,0.0,0.002675271497024715,41.8789798435192,1.0,-0.03125000000000003,0.20374634788189533,0.19364958698379262,0.34922765224211955,0.010157711841753542,-0.043346337234503686,0.0,0.15506061350986694,0.15684629024346736,0.16111744541081813,Banks—Regional,Financial Services,AUBN
2019Q2,2019,Q2,2019-08-01,2019-06-30,2307000.0,7482000.0,0.0,0.64,7482000.0,1.0,839178000.0,94065000.0,0.0,0.0,745113000.0,0.0,98694000.0,120737553.75,71564553.75,26.29416988664142,0.0,0.0,0.0,0.0,26.29416988664142,0.02452559400414607,16.137069466720128,13.083826804291286,1.2835544968904482,0.3870827915041179,0.0,0.007396207495217701,0.008915867670506138,0.0,0.0027491187805209383,68.5230157491487,1.0,-0.08571428571428563,0.263845386011521,0.20299933523929328,0.32516381952319456,-0.038303341902313624,-0.09280377506881636,0.0,0.21679063058703427,0.13990019635461376,0.1296444541138533,Banks—Regional,Financial Services,AUBN
2019Q1,2019,Q1,2019-05-06,2019-03-31,2543000.0,7780000.0,0.0,0.7,7780000.0,1.0,835014000.0,90949000.0,0.0,0.0,744065000.0,0.0,97280000.0,137504747.64,73014747.63999999,25.16058550252978,0.0,0.0,0.0,0.0,25.16058550252978,0.02796072524161893,17.674132087403596,13.517965753047582,1.5118885049863109,0.353126228863547,0.0,0.006530683597565999,0.009317209052782348,0.0,0.0030454579204660043,124.77744794918328,1.0,0.06060606060606049,0.40746496626026957,0.30122275315919766,0.3423944678106422,0.052916497496278254,0.059583333333333335,0.0,0.16988632437901177,0.20071405647021573,0.10598997079275661,Banks—Regional,Financial Services,AUBN
2018Q4,2018,Q4,2019-03-12,2018-12-31,2400000.0,7389000.0,0.0,0.66,7389000.0,1.0,818077000.0,89055000.0,0.0,0.0,729022000.0,0.0,95635000.0,115364860.88,79506860.88,24.43968881419415,0.0,0.0,0.0,0.0,24.43968881419415,0.026949637864241198,15.613054659629178,12.017173008333334,1.2954338429060692,0.3641666666666667,0.0,0.007575963714888155,0.009032157119684333,0.0,0.002933709174075301,27.119149243065348,1.0,0.2222222222222222,0.3869946533535275,0.15411075378707367,0.3807315610743405,0.0244003881879939,0.21518987341772153,0.0,0.23953674075537587,0.0986184627216041,0.11377839024080941,Banks—Regional,Financial Services,AUBN
2018Q3,2018,Q3,2018-11-02,2018-09-30,1975000.0,7213000.0,0.0,0.54,7213000.0,1.0,808951000.0,85459000.0,550482000.0,0.0,723492000.0,0.0,94109000.0,142473909.4,113668909.4,23.4530442385685,0.0,0.0,0.0,0.0,23.4530442385685,0.023110497431516868,19.75237895466519,18.034672075949366,1.6671609707579071,0.4430379746835443,0.0,0.006141475331763444,0.008916485670949168,0.0,0.0024414334119124644,51.80869432727273,1.0,-0.12903225806451607,0.10187675151561318,0.07600783590451786,0.29834359333116117,0.00796534376746786,-0.12765017667844522,0.0,0.03391279538492658,0.0722825699509494,0.0734958558211571,Banks—Regional,Financial Services,AUBN
2018Q2,2018,Q2,2018-08-02,2018-06-30,2264000.0,7156000.0,0.0,0.62,7156000.0,1.0,811791000.0,85748000.0,545309000.0,0.0,726043000.0,0.0,93009000.0,180765494.91,155096494.91,23.53302151009501,0.0,0.0,0.0,0.0,23.53302151009501,0.026402948173718337,25.260689618501956,19.960854119920494,2.1081015873256517,0.38648409893992935,0.0,0.004840525568420274,0.008815076787005523,0.0,0.002788895171294089,99.5404707654185,1.0,0.03333333333333337,0.1869521967853664,-0.02033739596499581,0.31465149093417033,0.0026621829900518425,0.03143507972665148,0.0,0.05293135512332917,0.028810276507131204,0.11274728432585102,Banks—Regional,Financial Services,AUBN
2018Q1,2018,Q1,2018-05-09,2018-03-31,2195000.0,7137000.0,0.0,0.6,7137000.0,1.0,830721000.0,85108000.0,556236000.0,0.0,745613000.0,0.0,91620000.0,142322257.98000002,82406257.98000002,23.357685067553902,0.0,0.0038725396372548664,0.03779903181839545,0.0,23.357685067553902,0.025790759975560466,19.94146812105927,16.209824371298406,1.67225475842459,0.3981776765375854,0.0,0.006140993070267476,0.008591332107891819,0.0,0.002642283028838804,46.193527419668946,1.0,0.19999999999999996,0.2993127024727004,0.04995608736064777,0.21181667361071152,0.0025284450063211127,0.20273972602739726,0.0,0.1787370745656104,0.04272021085508644,0.09744883235516,Banks—Regional,Financial Services,AUBN
2017Q4,2017,Q4,2018-03-13,2017-12-31,1825000.0,7119000.0,0.0,0.5,7119000.0,1.0,853381000.0,86906000.0,0.0,0.0,766475000.0,0.0,90299000.0,141738685.2,80967685.19999999,23.85124001418351,0.0,0.0037697113012827798,0.03701700688099786,0.0,23.85124001418351,0.02099970082618001,19.909915044247786,19.41625824657534,1.6309424573677305,0.4591780821917808,0.0,0.005912288510490572,0.00834211213982969,0.0,0.0021385524167985928,74.79613994722955,1.0,-0.1525423728813559,0.0991667682457574,-0.3143718964749897,0.23861714067754572,-0.015216489140960023,-0.14559925093632958,0.0,-0.03753707564745486,0.0849467623629956,0.14642529028608797,Banks—Regional,Financial Services,AUBN
2017Q3,2017,Q3,2017-10-27,2017-09-30,2136000.0,7229000.0,0.0,0.59,7229000.0,1.0,828546000.0,86538000.0,547837000.0,0.0,742008000.0,0.0,89223000.0,127528065.0,74210065.0,23.750301551270304,0.0,0.0038827053657853636,0.037174420485798144,0.0,23.750301551270304,0.024682798308257644,17.641176511274036,14.926037570224718,1.4736654995493308,0.39232209737827717,0.0,0.006571102603964076,0.008724922937290144,0.0,0.0025780101527253766,45.36750800426894,1.0,0.07272727272727258,0.327247350331877,-0.006673098930597139,0.23236480520020167,0.04859297940237888,0.07067669172932331,0.0,0.14092198711972426,0.11807320924476987,0.18221877297264133,Banks—Regional,Financial Services,AUBN
2017Q2,2017,Q2,2017-08-01,2017-06-30,1995000.0,6894000.0,0.0,0.55,6894000.0,1.0,836311000.0,85099000.0,544191000.0,0.0,751212000.0,0.0,87925000.0,134592503.62350002,75425503.62350002,23.35579193395091,0.0,0.0038466551318827565,0.03780302941280156,0.0,23.35579193395091,0.023443283704861397,19.523136585944304,16.866228524248122,1.5815991212998979,0.42005012531328323,0.0,0.006226201143743969,0.008243344880074518,0.0,0.002385476216383618,107.33054515430624,1.0,0.057692307692307744,-0.01696400219916436,-0.03276048720072324,0.24584264785899748,0.02513011152416357,0.05555555555555555,0.0,0.0730698408477541,0.08832272776458143,0.17707653752201089,Banks—Regional,Financial Services,AUBN
2017Q1,2017,Q1,2017-04-28,2017-03-31,1890000.0,6725000.0,0.0,0.52,6725000.0,1.0,842781000.0,83366000.0,554562000.0,0.0,759415000.0,0.0,86768000.0,120236853.0,50804853.0,22.880489062700267,0.0,0.003817124496162111,0.038588873161720605,0.0,22.880489062700267,0.022671112923733895,17.87908594795539,15.904345634920633,1.44227686346952,0.4433862433862434,0.0,0.006969576956575867,0.007979534422346968,0.0,0.002242575473343609,65.95548710916073,1.0,-0.08771929824561392,0.2898180634133199,0.019178092656029704,0.26337881172743965,0.07980089916506101,-0.09003370245546462,0.0,0.03778302254942878,0.11588095284809719,0.22074432391418433,Banks—Regional,Financial Services,AUBN
2016Q4,2016,Q4,2017-03-03,2016-12-31,2077000.0,6228000.0,0.0,0.57,6228000.0,1.0,831943000.0,82177000.0,573817000.0,0.0,749766000.0,0.0,85716000.0,114078705.13,38114705.129999995,22.554269590174126,0.0,0.003866851454967468,0.0391472066393273,0.0,22.554269590174126,0.025274711902357107,18.317068903339756,13.731187425373134,1.3882072250142983,0.3948001925854598,0.0,0.007188019876852192,0.007486089792209322,0.0,0.0024965652694956264,49.55634453953084,1.0,0.05555555555555539,0.7824485052851012,-0.43868582238133286,0.2559510654636742,-0.06640683555688802,0.0645822655048693,0.0,0.20044194696469209,-0.02713731529413496,0.27421392706302644,Banks—Regional,Financial Services,AUBN
2016Q3,2016,Q3,2016-10-28,2016-09-30,1951000.0,6671000.0,0.0,0.54,6671000.0,1.0,851672000.0,85055000.0,587388000.0,0.0,766617000.0,0.0,84459000.0,100014239.7,-1000760.299999997,23.34427334550842,0.0,0.008473919537098789,0.08485097877843747,0.0,23.34427334550842,0.022938098877197107,14.992390900914407,12.815766235263968,1.175877252366116,0.41978472578165044,0.0,0.008188833934614214,0.007832827661353197,0.0,0.0022907880028931325,38.01377411630559,1.0,0.018867924528301903,0.426912038437333,0.02941717034974719,0.32000049048571383,-0.0020942408376963353,0.010357327809425169,0.0,0.0885848458629446,-0.004756070420386367,0.29232211523608204,Banks—Regional,Financial Services,AUBN
2016Q2,2016,Q2,2016-07-29,2016-06-30,1931000.0,6685000.0,0.0,0.53,6685000.0,1.0,846056000.0,84808000.0,615198000.0,0.0,761248000.0,0.0,83327000.0,103803400.47,-4828599.530000001,23.2765006643332,0.0,0.008530168215815502,0.08509810395245732,0.0,23.2765006643332,0.022769078388831243,15.52780859685864,13.439073080010356,1.22398123372795,0.4246504401864319,0.0,0.007899548533932533,0.007901368230944525,0.0,0.0022823548323042445,34.326521319444446,1.0,-0.11666666666666659,0.3250477432270374,0.04235751697601808,0.3877282074794073,0.023579849946409433,-0.11866727521679599,0.0,0.01243291479360391,-0.08476043481639746,0.3003211801327377,Banks—Regional,Financial Services,AUBN
2016Q1,2016,Q1,2016-04-29,2016-03-31,2191000.0,6531000.0,0.0,0.6,6531000.0,1.0,833328000.0,82887000.0,585213000.0,0.0,750441000.0,0.0,82216000.0,102928423.0,22229423.0,22.749379440118304,0.0,0.008660455426914732,0.08707034878810911,0.0,22.749379440118304,0.026433578245080653,15.759979023120502,11.744457211319032,1.2417921145656134,0.374258329529895,0.0,0.007966701287165354,0.007837250158401013,0.0,0.002629216826987693,77.74050075528702,1.0,0.1320754716981131,0.41416745079980516,0.09576184906903343,0.4337087847812887,-0.028847583643122676,0.13171487603305784,0.0,0.29701577105634996,-0.03914281393954474,0.18025725751935995,Banks—Regional,Financial Services,AUBN
2015Q4,2015,Q4,2015-12-31,2015-12-31,1936000.0,6725000.0,0.0,0.53,6725000.0,1.0,817189000.0,79949000.0,561320000.0,0.0,737240000.0,0.0,80845000.0,107919818.36,58601818.36,21.943044530528248,0.0,0.008831494305478903,0.09027004715506134,0.0,21.943044530528248,0.02421543734130508,16.047556633457248,13.935926957644629,1.3498582641433914,0.4137396694214876,0.0,0.0074221770586011945,0.008229430401045535,0.0,0.0023690969898028484,26.283443341451534,1.0,0.019230769230769246,1.204557493946549,0.3547482726392345,0.41804823156049714,-0.0001486767766874814,0.013612565445026177,0.0,0.1660810046738276,-0.35228410694699935,0.13952276938224276,Banks—Regional,Financial Services,AUBN
2015Q3,2015,Q3,2015-09-30,2015-09-30,1910000.0,6726000.0,0.0,0.52,6726000.0,1.0,817994000.0,79599000.0,553811000.0,0.0,738395000.0,0.0,79710000.0,96441217.87658401,50973217.87658401,21.847354241184647,0.0,0.008822803101245242,0.09066696817799219,0.0,21.847354241184647,0.023995276322566865,14.33856941370562,12.623196057144503,1.2115883098604756,0.4198952879581152,0.0,0.008315946414388096,0.008222554199664056,0.0,0.002334980452179356,39.108360858306575,1.0,-0.11864406779661009,0.5350684671938242,0.019663390468743266,0.3059943735615071,-0.032925952552120774,-0.11162790697674418,0.0,0.18689677689058776,-0.07572799308074156,0.13362394138264191,Banks—Regional,Financial Services,AUBN
2015Q2,2015,Q2,2015-06-30,2015-06-30,2150000.0,6955000.0,0.0,0.59,6955000.0,1.0,806233000.0,77053000.0,539939000.0,0.0,729180000.0,0.0,78602000.0,93745016.49,38783016.489999995,21.14857689754085,0.0,0.008951506574402189,0.09366280352484653,0.0,21.14857689754085,0.027902872049109056,13.478794606757727,10.900583312790697,1.2166303257498086,0.3725581395348837,0.0,0.008544454201311539,0.008626538482051714,0.0,0.0026667228952424425,42.61137113181818,1.0,0.15686274509803913,0.3376998775140864,-0.07032395501097331,0.30486203656351263,0.016218585622443014,0.15467239527389903,0.0,0.0594645676477782,-0.024153878561160663,0.1281055729128029,Banks—Regional,Financial Services,AUBN
2015Q1,2015,Q1,2015-03-31,2015-03-31,1862000.0,6844000.0,0.0,0.51,6844000.0,1.0,790224000.0,77544000.0,514789000.0,0.0,712680000.0,0.0,77253000.0,90537620.25,48326620.25,21.283621048124466,0.0,0.00913285346939602,0.09306974105024245,0.0,21.283621048124466,0.024012173733622202,13.228758072764466,12.155964050751882,1.1675644827452802,0.43071965628356607,0.0,0.00885819615962349,0.008660835408694244,0.0,0.002356293911599749,165.81981730769232,1.0,-0.019230769230769246,0.15143645303922945,-0.03977378172030726,0.34201080650695787,0.04313366864807194,-0.017932489451476793,0.0,0.27077103181846895,0.03726272412065447,0.17520546852608415,Banks—Regional,Financial Services,AUBN
2014Q4,2014,Q4,2015-03-24,2014-12-31,1896000.0,6561000.0,0.0,0.52,6561000.0,1.0,789231000.0,75799000.0,508433000.0,0.0,713432000.0,0.0,76193000.0,86128273.92,83349273.92,20.804879494791575,0.0,0.01547962510342346,0.1611762688162113,0.0,20.804879494791575,0.02501352260583913,13.127308934613627,11.356576202531647,1.13627190226784,0.4129746835443038,0.0,0.00909109128005151,0.00831315546398963,0.0,0.002402338478848398,-22.33037954887218,1.0,0.01960784313725492,8.339358002440425,0.11046347746711536,0.34906625430374133,0.014849187935034803,0.01282051282051282,0.0,0.6272042592610322,-0.408641709850733,0.15853499329060272,Banks—Regional,Financial Services,AUBN
2014Q3,2014,Q3,2014-10-31,2014-09-30,1872000.0,6465000.0,0.0,0.51,6465000.0,1.0,781136000.0,73193000.0,503697000.0,0.0,707943000.0,0.0,75080000.0,89771601.92,76675601.92,20.089599399230593,0.0,0.015618279019274492,0.1666826062601615,0.0,20.089599399230593,0.025576216304837893,13.885785293116783,11.98872888888889,1.2265052931291245,0.4188034188034188,0.0,0.008733274033570906,0.008276407693410622,0.0,0.0023965096986952334,6.672980147179068,1.0,0.0,0.8302982643769684,0.11086833403983017,0.25346201355942133,0.020682033470161034,0.006993006993006993,0.0,0.3692003281606215,-0.002322417216902827,0.13596515377284868,Banks—Regional,Financial Services,AUBN
2014Q2,2014,Q2,2014-08-01,2014-06-30,1859000.0,6334000.0,0.0,0.51,6334000.0,1.0,775128000.0,72291000.0,485560000.0,0.0,702837000.0,0.0,73992000.0,87512310.2295,72813310.2295,19.84220328027239,0.0,0.015739335954835846,0.1687623632264044,0.0,19.84220328027239,0.025715510921138177,13.81627884898958,11.76873456555944,1.2105560889944806,0.42227003765465304,0.0,0.008970166573609436,0.008171553601469693,0.0,0.0023983135688557247,-25.8529720028065,1.0,0.020000000000000018,0.9952899805414201,0.09582831013746895,0.3657688916507366,0.05111184865582476,0.02086765513454146,0.0,0.2757143372792722,-0.01231571500717045,0.18297787058548087,Banks—Regional,Financial Services,AUBN
2014Q1,2014,Q1,2014-05-05,2014-03-31,1821000.0,6026000.0,0.0,0.5,6026000.0,1.0,773333000.0,68284000.0,480631000.0,0.0,705049000.0,0.0,72918000.0,84521335.2,80697335.2,18.743064058931242,0.0,0.015775868868908995,0.17866557319430612,0.0,18.743064058931242,0.026668033507117335,14.026109392631929,11.603697858319604,1.2377912131685314,0.4294343767160901,0.0,0.00925210182907759,0.007792244738036525,0.0,0.0023547423942855148,23.63572013422819,1.0,0.06382978723404262,6.409887869353015,0.35979796596780583,0.23872258196520557,-0.058584596156850494,0.05260115606936416,0.0,0.1754574364067583,0.011123308078224889,0.18122323581361027,Banks—Regional,Financial Services,AUBN
2013Q4,2013,Q4,2014-03-24,2013-12-31,1730000.0,6401000.0,0.0,0.47,6401000.0,1.0,751343000.0,64485000.0,467332000.0,0.0,686858000.0,0.0,71879000.0,91077750.0,76037750.0,17.70053608043677,0.0,0.0162602167052864,0.1894549119950376,0.0,17.70053608043677,0.02682794448321315,14.228675206998906,13.161524566473988,1.4123866015352406,0.44277456647398844,0.0,0.00841039661168617,0.008519411240937894,0.0,0.002302543578631863,38.39702782462057,1.0,-0.04081632653061228,0.8286854150690154,0.5041152173381039,0.12993265811180127,-0.04491196657714115,-0.03459821428571429,0.0,0.9701806378613571,0.28960886966681537,0.14388018725548668,Banks—Regional,Financial Services,AUBN
2013Q3,2013,Q3,2013-11-01,2013-09-30,1792000.0,6702000.0,0.0,0.49,6702000.0,1.0,744602000.0,65807000.0,472118000.0,0.0,678795000.0,0.0,70915000.0,88889883.19999999,75790883.19999999,18.063819438115765,0.0,0.01638459203708827,0.18539061194097892,0.0,18.063819438115765,0.027231145622806083,13.263187585795283,12.400932366071428,1.350766380476241,0.4263392857142857,0.0,0.008594903857405451,0.00900078162562013,0.0,0.0024066548303657525,15.702152128599185,1.0,-0.057692307692307744,-0.08267690055955755,0.06878893390944966,0.28218217637609866,-0.08229494728193892,-0.060304142632406924,0.0,0.44038516816019074,0.016133195626416418,0.07982167043083409,Banks—Regional,Financial Services,AUBN
2013Q2,2013,Q2,2013-08-02,2013-06-30,1907000.0,7303000.0,0.0,0.52,7303000.0,1.0,767747000.0,65211000.0,484184000.0,0.0,702536000.0,0.0,69887000.0,80254298.65,68626298.65,17.900577964866432,0.0,0.01589065147763521,0.18708500099676434,0.0,17.900577964866432,0.029243532532854888,10.98922342188142,10.521014505768223,1.230686519912285,0.40167802831672783,0.0,0.009544660072859536,0.009512248175505732,0.0,0.002483891177692651,18.781722127311024,1.0,0.13043478260869565,0.03185193034280719,0.27462896730600844,0.23475604652000698,0.07460270747498529,0.1290704558910598,0.0,0.18665785243406485,-0.02368400613866696,0.1044612945855278,Banks—Regional,Financial Services,AUBN
2013Q1,2013,Q1,2013-05-07,2013-03-31,1689000.0,6796000.0,0.0,0.46,6796000.0,1.0,772155000.0,70217000.0,489345000.0,0.0,701938000.0,0.0,68746000.0,80144196.0,86289196.0,19.27493289719944,0.0,0.028750704197991337,0.31616275260976684,0.0,19.27493289719944,0.024054004016121452,11.792848145968216,11.862669626998224,1.1413788113989491,0.45233866193013617,0.0,0.009532817572965608,0.008801341699529239,0.0,0.002187384657225557,84.09674291710388,1.0,0.0,-0.07777882413056908,0.2062789984957331,0.26068751181881933,-0.3453424525575571,0.01746987951807229,0.0,0.04458367383057339,-0.046391275934127126,0.21535561003692824,Banks—Regional,Financial Services,AUBN
2012Q4,2012,Q4,2013-03-22,2012-12-31,1660000.0,10381000.0,0.0,0.46,10381000.0,1.0,759833000.0,70149000.0,488304000.0,0.0,689684000.0,0.0,67821000.0,75954527.55000001,88904527.55000001,19.25634583188188,0.0,0.042400106339156106,0.45926527819355945,0.0,19.25634583188188,0.02366391538011946,7.316686981023024,11.438934871987954,1.082759947397682,0.45,0.0,0.0098348317617835,0.01366221261777259,0.0,0.0021846905833255467,12.671759684684687,1.0,0.0454545454545455,-0.05745578257138036,0.8904267564968166,0.33724748936088117,0.4267454645409566,0.031696706028589185,0.0,7.177818029333285,0.7572117426431481,0.24865353579663216,Banks—Regional,Financial Services,AUBN
2012Q3,2012,Q3,2012-11-02,2012-09-30,1609000.0,7276000.0,0.0,0.44,7276000.0,1.0,753467000.0,70206000.0,0.0,0.0,683261000.0,0.0,66908000.0,79414696.8,111105696.8,19.27213553247489,0.0,0.06266631451676052,0.6725493547560037,0.0,19.27213553247489,0.022918269093809646,10.91460923584387,12.339138719701678,1.1311668062558755,0.4636420136730889,0.0,0.009393727232614706,0.009656693657452815,0.0,0.0021354618052283644,15.01223001890359,1.0,-0.21428571428571436,-0.06357514500237499,0.3684899118639972,0.4150238194080262,0.021049677238282348,-0.20699852143913258,0.0,0.5733521956495854,0.2503760060773027,0.2024575169503493,Banks—Regional,Financial Services,AUBN
2012Q2,2012,Q2,2012-08-06,2012-06-30,2029000.0,7126000.0,0.0,0.56,7126000.0,1.0,766161000.0,68292000.0,0.0,0.0,697869000.0,0.0,66045000.0,78320759.0,109034759.0,18.74698379774384,0.0,0.06162803901529835,0.6913986997012828,0.0,18.74698379774384,0.029710654249399636,10.990844653381982,9.650167447018235,1.1468511538686814,0.36865450961064566,0.0,0.009550469244048057,0.009300917170150922,0.0,0.0026482684448829947,-44.780308176100625,1.0,0.4000000000000001,0.2141303013069785,0.3421455954418154,0.47807354989436723,0.08018796422616341,0.3849829351535836,0.0,1.1780336698295426,0.23300882549651944,0.29038327657368074,Banks—Regional,Financial Services,AUBN
2012Q1,2012,Q1,2012-05-15,2012-03-31,1465000.0,6597000.0,0.0,0.4,6597000.0,1.0,760522000.0,65972000.0,0.0,0.0,694550000.0,0.0,64764000.0,80103808.61999999,111427808.61999999,18.110553105932954,0.0,0.0622046436526491,0.7170920996786515,0.0,18.110553105932954,0.02220639058994725,12.142459999999998,13.669591914675767,1.2142091890498998,0.5092150170648464,0.0,0.009312915488686785,0.008674305279794667,0.0,0.0019263085091555537,20.16204596526554,1.0,0.25000000000000006,-0.10367304373667066,0.31689378854552147,0.352191116557076,-0.40530064004327054,0.2575107296137339,0.0,4.9619694032346,0.48881992350395764,0.19692015316509887,Banks—Regional,Financial Services,AUBN
2011Q4,2011,Q4,2012-03-26,2011-12-31,1165000.0,11093000.0,0.0,0.32,11093000.0,1.0,776218000.0,65416000.0,0.0,0.0,710802000.0,0.0,64045000.0,67463507.76,139188507.76,17.95792066297384,0.0,0.10990855661682672,1.3041610615140027,0.0,17.95792066297384,0.01780909869145163,6.081628753267827,14.47714758798283,1.0312998006603888,0.6248927038626609,0.0,0.010791019088272798,0.014291088328278911,0.0,0.00150086702446993,29.06656947867299,1.0,-0.15789473684210525,-0.22688558967020012,0.8986739000361978,0.3870656672212643,0.712146936255595,-0.14776883686905634,0.0,0.2315815427724008,1.6069136088000173,0.14636307830820094,Banks—Regional,Financial Services,AUBN
2011Q3,2011,Q3,2011-11-14,2011-09-30,1367000.0,6479000.0,0.0,0.38,6479000.0,1.0,764637000.0,64422000.0,0.0,0.0,700215000.0,0.0,63608000.0,71579801.69999999,141915801.7,17.685048993367076,0.0,0.11157843525751435,1.3243457204060725,0.0,17.685048993367076,0.02121945919095961,11.047970628183359,13.090673317483539,1.1111080329701033,0.5332845647403073,0.0,0.010184437267028642,0.008473301710484844,0.0,0.0017877764220146292,12.175506327606733,1.0,-0.04993824598598907,-0.14679312994483648,0.3663126183474103,0.4199329564219296,0.010449157829070493,-0.06177076183939602,0.0,-0.30017828856186474,0.0333086809829001,0.25529679286910567,Banks—Regional,Financial Services,AUBN
2011Q2,2011,Q2,2011-08-15,2011-06-30,1457000.0,6412000.0,0.0,0.399974,6412000.0,1.0,779725000.0,61100000.0,0.0,0.0,718625000.0,0.0,62970000.0,71944075.5,140521075.5,16.773097598564597,0.0,0.10942575908172754,1.3964320785597382,0.0,16.773097598564597,0.023846153846153847,11.220223877105427,12.344556537405627,1.1774807774140752,0.5003431708991077,0.0,0.010132870496056344,0.00822341210042002,0.0,0.001868607521882715,168.88280633802816,1.0,-0.06982790697674418,-0.12666021787987822,0.362664945827875,0.4382851997983346,0.076019466353415,-0.05939315687540349,0.0,-0.211590025482292,0.1191849656267368,0.1569840772374402,Banks—Regional,Financial Services,AUBN
2011Q1,2011,Q1,2011-05-16,2011-03-31,1549000.0,5959000.0,0.0,0.43,5959000.0,1.0,781557000.0,57801000.0,0.0,0.0,723756000.0,0.0,62242000.0,71251756.037272,138485756.037272,15.867503695032953,0.0,0.10917565833330134,1.4762201345997474,0.0,15.867503695032953,0.026798844310652065,11.956998831561002,11.499637836874113,1.2327080160770922,0.4699806326662363,0.0,0.010217292042868123,0.007624523867101184,0.0,0.0019819411763953238,18.29783154526759,1.0,0.7916666666666667,-0.020808365852188024,0.282923381404871,0.34925391951532503,0.20068506951440662,0.7642369020501139,0.0,-0.1541769619797924,0.05776802238842404,0.037822744118268685,Banks—Regional,Financial Services,AUBN
2010Q4,2010,Q4,2011-03-29,2010-12-31,878000.0,4963000.0,0.0,0.24,4963000.0,1.0,763829000.0,56368000.0,0.0,0.0,707461000.0,0.0,61421000.0,73073123.67999999,152480123.68,15.474117200076426,0.0,0.12218834320247071,1.6557443939824013,0.0,15.474117200076426,0.015576213454442238,14.72357922224461,20.806698086560363,1.2963582827135962,0.8086560364464692,0.0,0.009716294640820534,0.00649752758798108,0.0,0.0011494719367816618,15.72817987085665,1.0,-0.3142857142857143,-0.47250035837018084,0.08027707718027265,0.33294442147144526,-0.24746019711902956,-0.2942122186495177,0.0,-0.5014496509949858,-0.09617197558760576,0.07459247754151778,Banks—Regional,Financial Services,AUBN
2010Q3,2010,Q3,2010-11-15,2010-09-30,1244000.0,6595000.0,0.0,0.35,6595000.0,1.0,777846000.0,60937000.0,0.0,0.0,716909000.0,0.0,61253000.0,74128965.35000001,167019965.35000002,16.728520951898055,0.0,0.13927564067951753,1.7778197154438191,0.0,16.728520951898055,0.020414526478165974,11.240176702047007,14.897300110530548,1.2164853102384432,0.5715434083601286,0.0,0.009591392469097775,0.008478542025028091,0.0,0.0015992882909984752,88.03915124703089,1.0,-0.2045454545454546,-0.19580623677704403,0.2575009328344802,0.4057733578417011,-0.11831550802139038,-0.22588674548848786,0.0,-0.2759673812929791,0.24046516635831763,0.22826323893967332,Banks—Regional,Financial Services,AUBN
2010Q2,2010,Q2,2010-08-16,2010-06-30,1607000.0,7480000.0,0.0,0.44,7480000.0,1.0,784124000.0,59042000.0,0.0,0.0,725082000.0,0.0,60720000.0,68486087.60000001,166883087.60000002,16.207519496266276,0.0,0.14454346506419902,1.919650418346262,0.0,16.207519496266276,0.02721791267233495,9.155894064171124,10.654338456751711,1.159955414789472,0.4418170504044804,0.0,0.010367069062943522,0.0095393075584984,0.0,0.0020494207548806057,37.46503698030635,1.0,0.0,0.10445631020867505,0.49775317772615524,0.3775628795905185,0.04952995650343763,-0.006184291898577613,0.0,-0.03840311540379939,0.4087999586281438,0.27785387427024405,Banks—Regional,Financial Services,AUBN
2010Q1,2010,Q1,2010-05-13,2010-03-31,1617000.0,7127000.0,0.0,0.44,7127000.0,1.0,791324000.0,57778000.0,0.0,0.0,733546000.0,0.0,59823000.0,75230345.39999999,178204345.39999998,15.859500493533558,0.0,0.14955315395463806,2.048270968188584,0.0,15.859500493533558,0.027986430821419918,10.555681969973339,11.631160389610388,1.3020586624666828,0.4397031539888683,0.0,0.009450973489748195,0.009006424675606958,0.0,0.0020434107900177425,25.754996713454293,1.0,6.857142857142857,0.0807001445106912,0.38837162595001273,0.4169913719955881,0.20633039945836154,6.9655172413793105,0.0,-0.010777947796436411,0.422544825876043,0.18412041614362992,Banks—Regional,Financial Services,AUBN
2009Q4,2009,Q4,2010-03-30,2009-12-31,203000.0,5908000.0,0.0,0.056,5908000.0,1.0,773382000.0,56183000.0,0.0,0.0,717199000.0,0.0,58917000.0,71732954.04,177686954.04000002,15.421688466686211,0.0,0.15302786979784894,2.1064912874001034,0.0,15.421688466686211,0.0036131926027446024,12.141664529451592,88.34107640394089,1.2767732951248598,3.4088669950738915,0.0,0.009646891157084152,0.007639174431264239,0.0,0.00026248348164296557,-17.419367178241867,1.0,-0.8,-0.8855822432591575,0.048563473603765867,0.3326237679976564,0.014945885586668957,-0.8015640273704789,0.0,-0.865299621124278,0.011106239745463516,0.19116767493170572,Banks—Regional,Financial Services,AUBN
2009Q3,2009,Q3,2009-11-16,2009-09-30,1023000.0,5821000.0,0.0,0.28,5821000.0,1.0,786042000.0,58405000.0,0.0,0.0,727637000.0,0.0,59406000.0,88915966.8,193614966.8,16.027290162693255,0.0,0.1505708346373349,2.0264532146220358,0.0,16.027290162693255,0.017515623662357673,15.275032949665006,21.729219648093842,1.522403335330879,0.6764418377321603,0.0,0.007782629204904513,0.007405456705875767,0.0,0.001301457174044135,13.821850893828696,1.0,0.1200000000000001,-0.32287827744905245,0.16066822652166368,0.43889590772050213,0.00674507090971982,0.09763948497854077,0.0,-0.36173729210955435,0.22709364253965078,0.28683146496685413,Banks—Regional,Financial Services,AUBN
2009Q2,2009,Q2,2009-08-13,2009-06-30,932000.0,5782000.0,0.0,0.25,5782000.0,1.0,800910000.0,52948000.0,0.0,0.0,747962000.0,0.0,59075000.0,103867993.5,191368993.5,14.52822904487897,0.0,0.14777940093144049,2.2353629976580796,0.0,14.52822904487897,0.017602175719573922,17.96402516430301,27.861586239270387,1.9616981472388004,0.7435622317596566,0.0,0.00667193017452484,0.007219288059831941,0.0,0.0011636763181880612,164.6085475435816,1.0,2.571428571428571,-0.3386178505194638,0.20651809440430205,0.527623099152823,0.3034265103697024,2.7886178861788617,0.0,-0.44161896655007693,0.22818760954985717,0.24578878121581582,Banks—Regional,Financial Services,AUBN
2009Q1,2009,Q1,2009-05-15,2009-03-31,246000.0,4436000.0,0.0,0.07,4436000.0,1.0,802450000.0,55180000.0,0.0,0.0,747270000.0,0.0,58836000.0,76583367.0,181230367.0,15.130961792264893,0.0,0.15373294286248365,2.235646973541138,0.0,15.130961792264893,0.004458137006161653,17.26405928764653,77.82862499999999,1.3878826930047117,2.817073170731707,0.0,0.009048962289683608,0.005528070284752944,0.0,0.00030656115645834634,138.98977676950997,1.0,-0.7307692307692307,-0.8290951469288201,-0.11524182419925857,0.345454127062708,0.04131455399061033,-0.7402323125659979,0.0,-0.8446672732003394,-0.04603936328604028,0.28662390106395597,Banks—Regional,Financial Services,AUBN
2008Q4,2008,Q4,2009-03-31,2008-12-31,947000.0,4260000.0,0.0,0.26,4260000.0,1.0,745970000.0,57128000.0,0.0,0.0,688842000.0,0.0,59283000.0,73301222.7,180991222.7,15.6651247783347,0.0,0.16537930479778007,2.1595014703822994,0.0,15.6651247783347,0.016576809970592354,17.206859788732395,19.350903563885957,1.2831050045511834,0.7117212249208026,0.0,0.009194935298125661,0.0057106854163036045,0.0,0.0012694880491172567,97.21647572944298,1.0,-0.5185185185185185,-0.2993083185679639,-0.02850166772901092,0.5073263744276719,-0.32701421800947866,-0.5197768762677485,0.0,-0.4316848749085408,-0.07378445190195465,0.349397863215888,Banks—Regional,Financial Services,AUBN
2008Q3,2008,Q3,2008-11-14,2008-09-30,1972000.0,6330000.0,0.0,0.54,6330000.0,1.0,734989000.0,51810000.0,0.0,0.0,683179000.0,0.0,59010000.0,88260216.0,195477216.0,14.088340776324408,0.0,0.1746583962481071,2.4777456089558,0.0,14.088340776324408,0.03806215016406099,13.943162085308057,11.189175456389451,1.7035363057324842,0.3448275862068966,0.0,0.007704490548720162,0.00861237379062816,0.0,0.0026830333515195466,154.03179057591623,1.0,0.058823529411764754,0.5847296830817214,0.3654152918736762,0.4080122059402766,0.09364201796821009,0.056239957150508835,0.0,0.2627489371845697,0.1955479710202139,0.183907063660915,Banks—Regional,Financial Services,AUBN
2008Q2,2008,Q2,2008-08-14,2008-06-30,1867000.0,5788000.0,0.0,0.51,5788000.0,1.0,731306000.0,53352000.0,0.0,0.0,677954000.0,0.0,57718000.0,81331182.4,187889182.4,14.497258802916408,0.0,0.16870776391825038,2.312509371719898,0.0,14.497258802916408,0.03499400209926526,14.051690117484451,10.890624317086234,1.5244261208577,0.36475629351901445,0.0,0.008373172255762016,0.00791460756509587,0.0,0.0025529668839035916,50.7052259351621,1.0,0.020000000000000018,0.499925459817013,0.08513251967491475,0.36550034188112596,0.01650860554970144,0.00864397622906537,0.0,0.27015486877468886,0.14722042239576835,0.23219876967078212,Banks—Regional,Financial Services,AUBN
2008Q1,2008,Q1,2008-05-15,2008-03-31,1851000.0,5694000.0,0.0,0.5,5694000.0,1.0,728906000.0,56292000.0,0.0,0.0,672614000.0,0.0,56532000.0,80999798.0,187665798.0,15.289223313865548,0.0,0.16926873972775638,2.1918034534214454,0.0,15.289223313865548,0.03288211468769985,14.225465050930804,10.940005132360886,1.4389220137852625,0.3679092382495948,0.0,0.008407428374080636,0.0078117068593206804,0.0,0.0025394220928350157,92.57119771428572,1.0,0.041666666666666706,0.45893454128704375,0.19036925625143947,0.4865127551070952,0.025945945945945945,0.039887640449438204,0.0,0.22409000877468216,0.09755976552893299,0.36603908358240467,Banks—Regional,Financial Services,AUBN
2007Q4,2007,Q4,2008-03-31,2007-12-31,1780000.0,5550000.0,0.0,0.48,5550000.0,1.0,688659000.0,53018000.0,0.0,0.0,635641000.0,0.0,55362000.0,80815707.55,182753707.55,14.399986528361465,0.0,0.16755172008207256,2.176355200120714,0.0,14.399986528361465,0.03357350333848882,14.561388747747747,11.350520723314606,1.5243069815911579,0.38820224719101126,0.0,0.008550318013023446,0.008059141026255375,0.0,0.0025847335183305526,24.04513762273133,1.0,0.02127659574468087,0.3011074410722832,0.19330801603262848,0.41692501526484954,0.025498891352549888,0.017724413950829045,0.0,-0.007274590783860265,-0.02532693086841167,0.24433614049422006,Banks—Regional,Financial Services,AUBN
2007Q3,2007,Q3,2007-11-14,2007-09-30,1749000.0,5412000.0,0.0,0.47,5412000.0,1.0,661780000.0,50503000.0,0.0,0.0,611277000.0,0.0,54273000.0,91404591.05,166610591.05,13.619654502026242,0.0,0.13658617667502795,1.789794665663426,0.0,13.619654502026242,0.03463160604320535,16.88924446600148,13.065264586906803,1.8098843840959942,0.36935391652372784,0.0,0.007067478696410623,0.008177944331953218,0.0,0.0026428722536190274,201.77613918322294,1.0,0.021739130434782507,0.2293627074961284,0.09290785040880307,0.3706870423417452,-0.004415011037527594,0.022209234365867914,0.0,0.1376790601102367,0.060491340767160624,0.2227435161278388,Banks—Regional,Financial Services,AUBN
2007Q2,2007,Q2,2007-08-14,2007-06-30,1711000.0,5436000.0,0.0,0.46,5436000.0,1.0,651822000.0,47305000.0,0.0,0.0,604517000.0,0.0,53170000.0,98135366.472,174955366.472,12.683390348933328,0.0,0.13868049866374563,1.9108973681429025,0.0,12.683390348933328,0.03616953810379452,18.052863589403973,14.338890483927528,2.0745241828982137,0.3816481589713618,0.0,0.006654074096582846,0.008339700102175133,0.0,0.0026249497562217906,54.51964804,1.0,0.025213567587204482,0.4761973234551803,0.1286186166415553,0.3115904374814124,0.05697063970445265,0.01966626936829559,0.0,0.1864563372169943,0.10840989500251251,0.33364087341616844,Banks—Regional,Financial Services,AUBN
2007Q1,2007,Q1,2007-05-11,2007-03-31,1678000.0,5143000.0,0.0,0.448687,5143000.0,1.0,643515000.0,50089000.0,0.0,0.0,593426000.0,0.0,52112000.0,104751882.03,180281882.03,13.393486234435343,0.0,0.14047691196009418,1.804767513825391,0.0,13.393486234435343,0.033500369342570224,20.367855732063,15.606657036650775,2.091315099722494,0.38915375446960665,0.0,0.006233778213292498,0.007992043697505108,0.0,0.0026075538254741537,1091.1654378125,1.0,0.09435853658536593,0.9354455183977277,0.05765249728373494,0.4765154230652391,-0.14257310427047942,0.08464847499587924,0.0,0.1367832884581138,0.0002671521976180372,0.1909567664820077,Banks—Regional,Financial Services,AUBN
