Quarters,Year,Quarter,FillingDate,Date,NetIncome,Revenue,OperatingIncome,EPSDiluted,GrossProfit,GrossProfitRatio,TotalAssets,CommonStockEquity,CurrentAssets,CurrentLiability,TotalLiability,Inventory,RetainedEarnings,MarketCap,EnterpriseValue,bookValuePerShare,currentRatio,debtToAssets,debtToEquity,roic,shareholdersEquityPerShare,roe,priceToSalesRatio,peRatio,pbRatio,payoutRatio,inventoryTurnover,dividendYield,assetTurnover,quickRatio,returnOnAssets,priceToFreeCashFlowsRatio,grossProfitMargin,epsdilutedGrowth,fiveYNetIncomeGrowthPerShare,fiveYRevenueGrowthPerShare,fiveYShareholdersEquityGrowthPerShare,grossProfitGrowth,netIncomeGrowth,operatingIncomeGrowth,threeYNetIncomeGrowthPerShare,threeYRevenueGrowthPerShare,threeYShareholdersEquityGrowthPerShare,Industry,Sector,Symbol
2023Q3,2023,Q3,2023-05-05,2023-03-31,2323000.0,10382000.0,5120000.0,0.23,10382000.0,1.0,1335280000.0,129406000.0,66632000.0,167828000.0,1205874000.0,0.0,206449000.0,96514030.0,240753030.0,18.27510238666855,0.39702552613389896,0.15353334132167037,1.5842387524535184,0.010813548921773409,18.27510238666855,0.0179512541922322,9.296284916201117,10.386787559190703,0.7458234548629894,0.4266035299182092,0.0,0.010267937210786865,0.007775148283506081,0.39702552613389896,0.0017397100233658858,14.905641698841698,1.0,-0.30303030303030304,0.4116798360705033,-0.23722019074187625,0.13003701617366253,0.0039648003094478294,-0.020244622522142555,0.16602140742427693,1.1399697494186114,0.09606415897171462,0.10829582340623521,Banks—Regional,Financial Services,PROV
2023Q2,2023,Q2,2023-02-08,2022-12-31,2371000.0,10341000.0,4391000.0,0.33,10341000.0,1.0,1271042000.0,129241000.0,30560000.0,156499000.0,1141801000.0,0.0,205117000.0,98937450.0,254097450.0,17.987613082811414,0.19527281324481308,0.1416160913644081,1.3927468837288477,0.010043704163845486,17.987613082811414,0.018345571451783876,9.567493472584857,10.432038169548713,0.7655268065087704,0.42345002108814844,0.0,0.010147825722211358,0.008135844448885245,0.19527281324481308,0.0018653986256945089,38.303310104529615,1.0,0.13793103448275876,4.213270075921433,-0.24860049054492375,0.12753422704140033,0.037419743178170144,0.13444976076555024,0.12879177377892032,0.029652598459746382,-0.019494804743789812,0.08735714007174127,Banks—Regional,Financial Services,PROV
2023Q1,2023,Q1,2022-11-04,2022-09-30,2090000.0,9968000.0,3890000.0,0.29,9968000.0,1.0,1245915000.0,129189000.0,44272000.0,16402000.0,1116726000.0,0.0,203750000.0,103276600.0,179575600.0,17.76282139419772,2.699183026460188,0.09230164176528896,0.8901686676110195,0.011259483441224148,17.76282139419772,0.016177847959191572,10.360814606741574,12.35366028708134,0.7994225514556192,0.4880382775119617,0.0,0.00987639019874783,0.008000545783620873,2.699183026460188,0.001677482011212643,50.378829268292684,1.0,-0.14705882352941188,10.826779797424264,-0.3183441410087393,0.09405093274882631,0.03071037121290456,-0.1514413317092976,-0.1040994933210502,-0.1607399975721051,-0.03726616156888477,0.08791228952265973,Banks—Regional,Financial Services,PROV
2022Q4,2022,Q4,2022-09-02,2022-06-30,2463000.0,9671000.0,4342000.0,0.34,9671000.0,1.0,1187038000.0,128650000.0,29056000.0,17884000.0,1058388000.0,0.0,202680000.0,108126212.18,169712212.18,17.644930507913404,1.6246924625363452,0.07160680618480622,0.6607073455110766,0.013777992244042683,17.644930507913404,0.019144966964632724,11.180458295936305,10.975051987413723,0.8404680309366499,0.41412911084043846,0.0,0.009433420254304149,0.00814716967780307,1.6246924625363452,0.0020749125133315022,24.652579156406752,1.0,0.4782608695652174,1.7490432633402875,-0.3440769712119494,0.07947936520914675,0.11777623670827554,0.4496762801648028,0.39255933290570877,2.3781161166724227,-0.02302882363481941,0.1510647549115018,Banks—Regional,Financial Services,PROV
2022Q3,2022,Q3,2022-05-06,2022-03-31,1699000.0,8652000.0,3118000.0,0.23,8652000.0,1.0,1187834000.0,127617000.0,65915000.0,16717000.0,1060217000.0,0.0,201237000.0,121701320.0,141580320.0,17.343979342212556,3.9429921636657297,0.06734947812573137,0.6268757297225291,0.010640386405032076,17.343979342212556,0.013313273309982212,14.066264447526583,17.907786933490286,0.9536450472899379,0.6068275456150677,0.0,0.008471559716854345,0.007283846059297848,3.9429921636657297,0.00143033454169522,77.02615189873417,1.0,-0.23333333333333328,0.5982932955960362,-0.3963376922009954,0.04460218358447943,-0.04196655962794818,-0.2495583038869258,-0.22955275512725476,12.47915071040396,-0.3029901184902033,0.07415508589907478,Banks—Regional,Financial Services,PROV
2022Q2,2022,Q2,2022-02-08,2021-12-31,2264000.0,9031000.0,4047000.0,0.3,9031000.0,1.0,1182405000.0,127934000.0,91660000.0,18123000.0,1054471000.0,0.0,200569000.0,122904153.54,117224153.54,17.206489439852334,5.057661535065939,0.06765871253927377,0.6253224318789375,0.013774310820299512,17.206489439852334,0.017696624822173934,13.60914112944303,13.571571724823322,0.9606840522456893,0.4589222614840989,0.0,0.008453741961306866,0.007637822911777267,5.057661535065939,0.0019147415648614477,46.85632998093786,1.0,-0.14285714285714282,0.6104278364446131,-0.428882884510326,0.032529687126566634,0.008261694763871832,-0.151106111736033,0.0,0.16730601037615805,-0.320936815049722,0.052795011480654304,Banks—Regional,Financial Services,PROV
2022Q1,2022,Q1,2021-11-05,2021-09-30,2667000.0,8957000.0,0.0,0.35,8957000.0,1.0,1192281000.0,128235000.0,0.0,0.0,1064046000.0,0.0,199344000.0,126878309.50000001,128629309.50000001,17.030174491724292,0.0,0.07548556087029819,0.7018364721020003,0.0,17.030174491724292,0.020797754123289273,14.165268449257566,11.893354846269217,0.9894202791749523,0.39595050618672667,0.0,0.008322935607839258,0.007512490763502899,0.0,0.00223688878712317,41.750019578808825,1.0,-0.2045454545454546,0.7660584731452112,-0.4844941204348867,0.01600944927095686,0.0392156862745098,-0.20125786163522014,0.0,0.44375732724971284,-0.36434977731568985,0.04002847347341387,Banks—Regional,Financial Services,PROV
2021Q4,2021,Q4,2021-09-03,2021-06-30,3339000.0,8619000.0,0.0,0.44,8619000.0,1.0,1183596000.0,127280000.0,0.0,0.0,1056316000.0,0.0,197733000.0,129845220.34,160558220.34,16.928814123802194,0.0,0.08531880810682023,0.7933925204274042,0.0,16.928814123802194,0.02623350094280327,15.064998299106625,9.721864356094638,1.0201541510056569,0.3141659179395028,0.0,0.008078849550666487,0.007282045562844079,0.0,0.0028210639441160665,50.95966261381476,1.0,1.0952380952380953,0.40918224953283816,-0.5197441377156463,0.02844242476450009,-0.004274491682070241,1.1390134529147982,0.0,1.362634702978317,-0.38569857732340324,0.04673397112829739,Banks—Regional,Financial Services,PROV
2021Q3,2021,Q3,2021-05-07,2021-03-31,1561000.0,8656000.0,0.0,0.21,8656000.0,1.0,1189296000.0,125750000.0,0.0,0.0,1063546000.0,0.0,195443000.0,126121235.49999999,165492235.5,16.85025516579244,0.0,0.09333252613310732,0.882703777335984,0.0,16.85025516579244,0.01241351888667992,14.570383029112753,20.198788516976297,1.0029521709741551,0.6668802049967969,0.0,0.008253962910155602,0.007278255371244837,0.0,0.0013125412008448696,55.462284740545286,1.0,0.31249999999999994,0.16459152564042032,-0.40940081544141116,0.03325975848285262,0.005109150023223409,0.3273809523809524,0.0,-0.09991611292747694,-0.3965677812927693,0.04193189545178118,Banks—Regional,Financial Services,PROV
2021Q2,2021,Q2,2021-02-08,2020-12-31,1176000.0,8612000.0,0.0,0.16,8612000.0,1.0,1170727000.0,124984000.0,0.0,0.0,1045743000.0,0.0,194923000.0,116913568.64,158927568.64,16.794446212192877,0.0,0.09909654428402181,0.9282388145682647,0.0,16.794446212192877,0.009409204378160405,13.575658225731537,24.854074965986396,0.9354282839403444,0.8860544217687075,0.0,0.008912566882707378,0.0073561129110373295,0.0,0.0010045040389433232,32.96125419791373,1.0,-0.20000000000000004,0.3510901954516354,-0.360234912384151,0.02279572248989329,-0.07646112600536192,-0.2080808080808081,0.0,2.5387250990552475,-0.39584213893458425,0.05274184191500165,Banks—Regional,Financial Services,PROV
2021Q1,2021,Q1,2020-11-06,2020-09-30,1485000.0,9325000.0,0.0,0.2,9325000.0,1.0,1184033000.0,124659000.0,0.0,64688000.0,1059374000.0,0.0,194789000.0,88494064.4,204089064.4,16.763181915735355,0.0,0.1537642954208202,1.460480189958206,0.0,16.763181915735355,0.011912497292614252,9.489980096514746,14.89799063973064,0.7098890926447349,0.701010101010101,0.0,0.011763500829779946,0.007875625088152104,1.1479099678456592,0.0012541880167191285,29.705963209130584,1.0,-0.04761904761904753,-0.29982365043328213,-0.41986432276421026,0.031146590877718042,0.0032275416890801506,-0.0625,0.0,7.828696307229392,-0.37633353837423283,0.03248095579789299,Banks—Regional,Financial Services,PROV
2020Q4,2020,Q4,2020-09-04,2020-06-30,1584000.0,9295000.0,0.0,0.21,9295000.0,1.0,1176837000.0,123976000.0,0.0,0.0,1052861000.0,0.0,194345000.0,99720984.15,124733984.15,16.67169828066724,0.0,0.11985262190090896,1.1376960056785184,0.0,16.67169828066724,0.012776666451571272,10.728454454007531,15.73879169034091,0.8043571671129895,0.6571969696969697,0.0,0.010439126818425007,0.007898290077555345,0.0,0.001345980794281621,24.905340696803197,1.0,0.4,-0.25688026467307457,-0.44030475130672875,0.024063174659795544,-0.0696626964267841,0.3834061135371179,0.0,0.7334223834478897,-0.38189401356452496,0.019939084991119974,Banks—Regional,Financial Services,PROV
2020Q3,2020,Q3,2020-05-08,2020-03-31,1145000.0,9991000.0,0.0,0.15,9991000.0,1.0,1107567000.0,123158000.0,0.0,0.0,984409000.0,0.0,193802000.0,113751834.36,160571834.36,16.489372242242933,0.0,0.11834047059906985,1.0642426801344613,0.0,16.489372242242933,0.009297000600854187,11.385430323290961,24.83664505676856,0.923625216063918,0.914410480349345,0.0,0.009204247174480465,0.009020673241438215,0.0,0.001033797503898184,63.47758613839286,1.0,-0.5161290322580645,-0.4728814670094528,-0.39132023960535556,0.03916603203689268,-0.09032140580897752,-0.5225187656380317,0.0,0.061133104438492646,-0.313267207770114,-0.0068695360895814845,Banks—Regional,Financial Services,PROV
2020Q2,2020,Q2,2020-02-10,2019-12-31,2398000.0,10983000.0,0.0,0.31,10983000.0,1.0,1107387000.0,123776000.0,0.0,0.0,983611000.0,0.0,193704000.0,163862370.0,246714370.0,16.542506983146893,0.0,0.11837325162747983,1.0590502197518097,0.0,16.542506983146893,0.01937370734229576,14.91963671128107,17.08323290241868,1.3238622188469493,0.4370308590492077,0.0,0.0063956111461099955,0.009917941966087735,0.0,0.002165457965462842,76.28601955307262,1.0,-0.060606060606060656,0.2555714962684214,-0.23965470224388497,0.045189168989097084,0.031073976717987232,-0.06401249024199844,0.0,0.69501136494183,-0.3098096128012431,-0.00731467512269652,Banks—Regional,Financial Services,PROV
2020Q1,2020,Q1,2019-11-08,2019-09-30,2562000.0,10652000.0,0.0,0.33,10652000.0,1.0,1105296000.0,122169000.0,0.0,0.0,983127000.0,0.0,192354000.0,155260526.25,231837526.25,16.327438861814368,0.0,0.1186035234000666,1.073038168438802,0.0,16.327438861814368,0.020970950077351867,14.575715945362374,15.150324575526932,1.2708668013162097,0.40866510538641687,0.0,0.006743504130046062,0.009637237445896845,0.0,0.0023179311243323054,-708.9521746575342,1.0,2.3,0.32567831618973825,-0.22724802298464988,0.042223302589683966,-0.003088441740758072,2.255400254129606,0.0,0.7072837785591973,-0.38305459769185835,-0.025915314369886505,Banks—Regional,Financial Services,PROV
2019Q4,2019,Q4,2019-08-30,2019-06-30,787000.0,10685000.0,0.0,0.1,10685000.0,1.0,1084850000.0,120641000.0,0.0,0.0,964209000.0,0.0,190839000.0,169126300.0,199601300.0,15.329224904701398,0.0,0.09319905977784947,0.8380815808887526,0.0,15.329224904701398,0.006523487040061007,15.828385587271876,53.724999999999994,1.4018973649091104,1.335451080050826,0.0,0.0062142907401155235,0.00984928791998894,0.0,0.0007254459141816841,4.888184629613573,1.0,6.0,-0.544637780966045,-0.2490188725261154,0.0006658057204929678,-0.15626974099810487,6.211920529801325,0.0,-0.6826895499021526,-0.4312135806877258,-0.06873422346900838,Banks—Regional,Financial Services,PROV
2019Q3,2019,Q3,2019-05-09,2019-03-31,-151000.0,12664000.0,0.0,-0.02,12664000.0,1.0,1119395000.0,121209000.0,0.0,0.0,998186000.0,0.0,191103000.0,149009384.5,188672384.5,16.14662497985152,0.0,0.09033540439255133,0.8342697324456104,0.0,16.14662497985152,-0.0012457820788885313,11.766375908085912,-246.70427897351,1.2293590781212618,-6.966887417218543,0.0,0.007059958025663813,0.011313254034545446,0.0,-0.00013489429557930847,5.470844237617946,1.0,-1.076923076923077,-1.140799905809683,0.16004155525026884,0.05441422482908301,-0.05675554893490243,-1.0771195097037793,0.0,-1.1119943392855527,-0.14099656745104305,-0.009886932699753485,Banks—Regional,Financial Services,PROV
2019Q2,2019,Q2,2019-02-08,2018-12-31,1958000.0,13426000.0,0.0,0.26,13426000.0,1.0,1127170000.0,122677000.0,0.0,0.0,1004493000.0,0.0,192306000.0,116344643.0,160120643.0,16.343627441445673,0.0,0.0985964850022623,0.9059155342892311,0.0,16.343627441445673,0.015960612013661894,8.6656221510502,14.85503613381001,0.9483818727226782,0.5367722165474974,0.0,0.009033505736916482,0.01191124675071196,0.0,0.0017370937835464039,5.412385699665054,1.0,0.08333333333333341,0.6400640272644116,0.21813637115879644,0.08048155201629799,-0.03451747447145117,0.07405375754251234,0.0,1.2303023755286508,-0.01113456399634278,-0.004659515063794812,Banks—Regional,Financial Services,PROV
2019Q1,2019,Q1,2018-11-08,2018-09-30,1823000.0,13906000.0,0.0,0.24,13906000.0,1.0,1157480000.0,121680000.0,0.0,0.0,1035800000.0,0.0,191399000.0,135020670.39000002,167241670.39000002,16.37471946787006,0.0,0.09602671320454781,0.9134533201840894,0.0,16.37471946787006,0.014981919789612098,9.709526131885518,18.51627405238618,1.109637330621302,0.5704882062534284,0.0,0.007702524339392002,0.012014030480008294,0.0,0.001574973217679787,5.792392552123553,1.0,0.3333333333333333,0.6709469727095269,0.19455459543417059,0.07373629824613537,0.00050363335491762,0.30214285714285716,0.0,-0.13981968392871666,-0.13422546626434625,0.007251262961225676,Banks—Regional,Financial Services,PROV
2018Q4,2018,Q4,2018-08-31,2018-06-30,1400000.0,13899000.0,0.0,0.18,13899000.0,1.0,1175549000.0,120457000.0,0.0,0.0,1055092000.0,0.0,190616000.0,142108545.95999998,224970545.95999998,16.17298625127668,0.0,0.10732262117529767,1.0473696007703994,0.0,16.17298625127668,0.011622404675527366,10.224371966328512,25.376526064285713,1.1797450207127853,0.7457142857142857,0.0,0.007346496953771239,0.01182341186968812,0.0,0.0011909329173007675,-29.428151990060048,1.0,-0.21739130434782614,-0.6281615082997408,-0.22993024477152335,0.051349045633925706,-0.03034742570113018,-0.19215233698788228,0.0,-0.3442359470586056,-0.16439364624747776,-0.006570334624076088,Banks—Regional,Financial Services,PROV
2018Q3,2018,Q3,2018-05-08,2018-03-31,1733000.0,14334000.0,0.0,0.23,14334000.0,1.0,1176602000.0,120600000.0,0.0,0.0,1056002000.0,0.0,190301000.0,134902104.75,195504104.75,16.17212721805217,0.0,0.09448904557360943,0.9218573797678276,0.0,16.17212721805217,0.014369817578772802,9.411337013394725,19.460776796018465,1.11859125,0.601269474899019,0.0,0.00772411966389279,0.012182539210370201,0.0,0.0014728854786920302,19.105240723693527,1.0,3.3,-0.4966351711027441,-0.1355024932820186,0.08334180899110129,-0.010902566933480542,3.2303732303732304,0.0,-0.20093941548560104,-0.12536742377996365,0.019173139152395664,Banks—Regional,Financial Services,PROV
2018Q2,2018,Q2,2018-02-08,2017-12-31,-777000.0,14492000.0,0.0,-0.1,14492000.0,1.0,1162131000.0,120700000.0,0.0,0.0,1041431000.0,0.0,189610000.0,139213480.0,203229480.0,15.953052822183599,0.0,0.09567682128778941,0.9212013256006628,0.0,15.953052822183599,-0.006437448218724109,9.606229643941486,-44.79198198198198,1.1533842584921292,-1.3693693693693694,0.0,0.007642938025829108,0.01247019484034072,0.0,-0.0006685993231399902,4.289034444512909,1.0,-2.3333333333333335,-1.1576567492310126,-0.2915954990562497,0.09052283326832611,-0.0632191338073691,-2.453333333333333,0.0,-1.4023323353279133,-0.007821398261009598,0.00794625863203635,Banks—Regional,Financial Services,PROV
2018Q1,2018,Q1,2017-11-07,2017-09-30,-225000.0,15470000.0,0.0,-0.03,15470000.0,1.0,1193786000.0,124921000.0,0.0,0.0,1068865000.0,0.0,191451000.0,150805477.20000002,222794477.20000002,16.23582674489226,0.0,0.1015307601194854,0.9702612050816116,0.0,16.23582674489226,-0.001801138319417872,9.748253212669685,-167.56164133333334,1.207206772280081,-4.791111111111111,0.0,0.007148281481648996,0.012958771505110631,0.0,-0.000188475991509366,-15.687660168521795,1.0,-1.25,-1.0361744780360034,-0.3017133301682412,0.16256240279370213,-0.024836106908724155,-1.233402489626556,0.0,-1.113220079191724,0.0913930646589791,0.0363754605696416,Banks—Regional,Financial Services,PROV
2017Q4,2017,Q4,2017-09-01,2017-06-30,964000.0,15864000.0,0.0,0.12,15864000.0,1.0,1200633000.0,128230000.0,0.0,0.0,1072403000.0,0.0,192754000.0,151013150.75,204413150.75,16.345778415592722,0.0,0.10513287574137975,0.9843718318646183,0.0,16.345778415592722,0.0075177415581377215,9.519235422970247,39.16316150155602,1.177674107073228,1.0643153526970954,0.0,0.006794110280491581,0.013213030126608214,0.0,0.0008029097984146696,-17.2153614626083,1.0,-0.14285714285714296,-0.6849145084864359,-0.12200561470833178,0.24656654355870103,0.027594247959580258,-0.15807860262008733,0.0,-0.44043570664900494,0.11855642100544098,0.06702469498971382,Banks—Regional,Financial Services,PROV
2017Q3,2017,Q3,2017-05-08,2017-03-31,1145000.0,15438000.0,0.0,0.14,15438000.0,1.0,1199445000.0,131591000.0,0.0,0.0,1067854000.0,0.0,192816000.0,147811153.14999998,133757153.14999998,16.60343010455703,0.0,0.09274622846399794,0.8453769634701461,0.0,16.60343010455703,0.008701202969807965,9.574501434771342,32.27317754366812,1.1232618731524193,0.8978165938864628,0.0,0.0069548202425345875,0.012870952815677251,0.0,0.0009546081729466545,2.684644432235097,1.0,-0.22222222222222213,-0.31048497226586746,0.06876646872495085,0.28940459439236765,-0.08742684873204469,-0.2386968085106383,0.0,0.011243270089107473,0.3394250668382768,0.08424472018432616,Banks—Regional,Financial Services,PROV
2017Q2,2017,Q2,2017-02-07,2016-12-31,1504000.0,16917000.0,0.0,0.18,16917000.0,1.0,1192155000.0,132555000.0,0.0,0.0,1059600000.0,0.0,192699000.0,160837583.82,189289583.82,16.664401667458474,0.0,0.09332930701125274,0.839372336011467,0.0,16.664401667458474,0.011346233638866885,9.50745308388012,26.734970714760635,1.2133648962317527,0.6861702127659575,0.0,0.006416410738642742,0.014190268882821445,0.0,0.0012615809185886064,1.5207933492185062,1.0,-0.10000000000000009,0.15782348718128614,0.4355800934956626,0.32421748534091177,-0.07758996728462378,-0.056461731493099125,0.0,0.1887875712916604,0.4483746703924901,0.10168802131516502,Banks—Regional,Financial Services,PROV
2017Q1,2017,Q1,2016-11-07,2016-09-30,1594000.0,18340000.0,0.0,0.2,18340000.0,1.0,1242514000.0,133223000.0,0.0,0.0,1109291000.0,0.0,192227000.0,155462880.0,262300880.0,16.761826874685454,0.0,0.11772986058909597,1.0980161083296427,0.0,16.761826874685454,0.01196490095554071,8.476711014176663,24.38250941028858,1.1669372405665688,0.6480552070263488,0.0,0.0066446729920351414,0.014760397065948552,0.0,0.0012828829292869134,-2.201088489310491,1.0,-0.411764705882353,-0.0077874605991575955,0.525561833922108,0.3386489219678318,-0.05229433650268706,-0.3761252446183953,0.0,0.3660034319241627,0.4729587473121873,0.09912001702270418,Banks—Regional,Financial Services,PROV
2016Q4,2016,Q4,2016-09-12,2016-06-30,2555000.0,19352000.0,0.0,0.34,19352000.0,1.0,1171381000.0,133451000.0,0.0,0.0,1037930000.0,0.0,191666000.0,148363260.6,188456260.6,16.46063378577432,0.0,0.07794133591034856,0.6841387475552825,0.0,16.46063378577432,0.01914560400446606,7.666559559735427,14.516953091976518,1.1117433410015662,0.38082191780821917,0.0,0.00655822739447127,0.016520670900415833,0.0,0.002181186138412694,-59.775689202256245,1.0,0.8888888888888891,0.7201933196578567,0.6775340004245751,0.3317803930723908,0.18462291870714986,0.7101740294511378,0.0,-0.37657565252089487,-0.01499391606180589,0.07004800179294511,Banks—Regional,Financial Services,PROV
2016Q3,2016,Q3,2016-05-10,2016-03-31,1494000.0,16336000.0,0.0,0.18,16336000.0,1.0,1173751000.0,135650000.0,0.0,0.0,1038101000.0,0.0,190084000.0,141823178.75,121659178.75,16.307859691094393,0.0,0.077799294739685,0.6731809804644305,0.0,16.307859691094393,0.01101363803907114,8.681634350514202,23.732124958166,1.0455081367489865,0.6693440428380187,0.0,0.0070510336096947755,0.013917773020001687,0.0,0.0012728423660554923,-23.660857315648983,1.0,0.6363636363636362,-0.12318567931715953,0.25514003626623766,0.33183327209199925,0.07565681174688879,0.5213849287169042,0.0,-0.6109618163670824,-0.11671796679571922,0.0924342840193868,Banks—Regional,Financial Services,PROV
2016Q2,2016,Q2,2016-02-09,2015-12-31,982000.0,15187000.0,0.0,0.11,15187000.0,1.0,1164542000.0,137865000.0,0.0,0.0,1026677000.0,0.0,189590000.0,158602196.77,138577196.77,16.420137318631415,0.0,0.07842911633929905,0.6624886664490625,0.0,16.420137318631415,0.007122910093207123,10.443286809113058,40.37734133655805,1.150416688572154,1.0274949083503055,0.0,0.0063618286540079935,0.01304117842035753,0.0,0.0008432499643636726,-10.25423138100472,1.0,-0.6071428571428572,-0.68727511533744,0.03907683742562418,0.3656739279197434,-0.17974615176883607,-0.5980352026197299,0.0,-0.8204484068540469,-0.33102297023704164,0.12245191380980591,Banks—Regional,Financial Services,PROV
2016Q1,2016,Q1,2015-11-09,2015-09-30,2443000.0,18515000.0,0.0,0.28,18515000.0,1.0,1177237000.0,139254000.0,0.0,0.0,1037983000.0,0.0,189617000.0,143735348.94,78940348.94,16.256836868816524,0.0,0.07759779891389754,0.6560027001019719,0.0,16.256836868816524,0.017543481695319343,7.763183847691061,14.708897762996317,1.032181114653798,0.4224314367580843,0.0,0.007179862209335796,0.015727504317312485,0.0,0.0020751981121898137,2.048650232180271,1.0,0.0,-0.28450879430289966,0.21897972946731675,0.39436532700853294,-0.04369609007799184,-0.016901408450704224,0.0,-0.6471967030402118,-0.24931702416672782,0.1640668275782342,Banks—Regional,Financial Services,PROV
2015Q4,2015,Q4,2015-09-14,2015-06-30,2485000.0,19361000.0,0.0,0.28,19361000.0,1.0,1174555000.0,141137000.0,0.0,0.0,1033418000.0,0.0,188206000.0,145125337.5,155089337.5,16.279950976858192,0.0,0.07778860930309776,0.647363908826176,0.0,16.279950976858192,0.0176070059587493,7.495756288414855,14.600134557344063,1.0282586245987941,0.4189134808853119,0.0,0.007173109933336073,0.016483689567538345,0.0,0.002115694880188667,1.7831732423266902,1.0,-0.034482758620689495,0.017119689135246453,0.5868881499859625,0.44799601546110007,-0.014556929811167098,-0.04423076923076923,0.0,-0.26502255595592633,-0.030376643588542435,0.24154639213560652,Banks—Regional,Financial Services,PROV
2015Q3,2015,Q3,2015-05-11,2015-03-31,2600000.0,19647000.0,0.0,0.29,19647000.0,1.0,1213791000.0,141858000.0,0.0,0.0,1071933000.0,0.0,186762000.0,142949656.59,243658656.59,15.867889955873311,0.0,0.10824268757965745,0.9261656022219402,0.0,15.867889955873311,0.01832818734227185,7.275902508779967,13.7451592875,1.0076954178826714,0.3792307692307692,0.0,0.0068975331842033635,0.016186476914065107,0.0,0.0021420491666192944,-1.8687695321201663,1.0,0.15999999999999992,8.694322255895807,1.1794544942677196,0.5778154786277233,0.11586300903049923,0.11683848797250859,0.0,0.38805064922586285,0.20581795069593128,0.23228333444183913,Banks—Regional,Financial Services,PROV
2015Q2,2015,Q2,2015-02-09,2014-12-31,2328000.0,17607000.0,0.0,0.25,17607000.0,1.0,1112390000.0,144350000.0,0.0,0.0,968040000.0,0.0,185148000.0,137990532.38,147312532.38,15.827285121167819,0.0,0.03721716304533482,0.28680290959473503,0.0,15.827285121167819,0.016127467959819883,7.837254068268302,14.81857091709622,0.9559441107031521,0.43170103092783507,0.0,0.007283108360162122,0.0158280818777587,0.0,0.002092791197331871,-3.1460155118325654,1.0,0.0,-0.30388892143487334,-0.1720055869433334,-0.1069371925936108,0.03285035490115563,-0.02594142259414226,0.0,0.5630523432568467,0.3031231777307725,0.25769698313584555,Banks—Regional,Financial Services,PROV
2015Q1,2015,Q1,2014-11-10,2014-09-30,2390000.0,17047000.0,0.0,0.25,17047000.0,1.0,1106854000.0,144963000.0,0.0,0.0,961891000.0,0.0,183825000.0,135006653.71,91284653.71000001,15.665969875404299,0.0,0.03741776241491651,0.2857004890903196,0.0,15.665969875404299,0.016486965639508012,7.91967230069807,14.122034906903767,0.9313180170802204,0.4280334728033473,0.0,0.007577404312215954,0.015401308573669156,0.0,0.002159273038720554,-7.038561790834681,1.0,0.13636363636363635,1.314822618276579,-0.3417774708104619,-0.1204857550460328,-0.00970140583246195,0.14299378287900527,0.0,0.2778276243296673,0.21796952627702612,0.251130550510714,Banks—Regional,Financial Services,PROV
2014Q4,2014,Q4,2014-09-15,2014-06-30,2091000.0,17214000.0,0.0,0.22,17214000.0,1.0,1105629000.0,145862000.0,0.0,0.0,959767000.0,0.0,182458000.0,138444412.95999998,60938412.95999998,15.319025409951076,0.0,0.03747278698369887,0.28404245108390125,0.0,15.319025409951076,0.014335467770906747,8.042547517137212,16.552416661884266,0.9491465423482469,0.4533715925394548,0.0,0.00684751359575558,0.015569417951229571,0.0,0.0018912311453480326,-2.9203369325205135,1.0,0.5714285714285713,0.02259511447949832,-0.46303579712924553,-0.18492279735061457,0.2087634295344428,0.49463902787705505,0.0,0.19868380313572612,0.2705493153811246,0.2394162914663788,Banks—Regional,Financial Services,PROV
2014Q3,2014,Q3,2014-05-12,2014-03-31,1399000.0,14241000.0,0.0,0.14,14241000.0,1.0,1125121000.0,149957000.0,0.0,0.0,975164000.0,0.0,181315000.0,151001275.2,8979275.199999988,15.313360347038977,0.0,0.0457257486083719,0.34307834912674967,0.0,15.313360347038977,0.00932934107777563,10.60327752264588,26.983787562544673,1.0069638309648765,0.7012151536812009,0.0,0.006496633877433639,0.012657305303162949,0.0,0.0012434218186310629,4.9557359763702,1.0,-0.12499999999999993,1.3454852280611733,-0.47014471790583273,-0.1809028628748344,-0.0377052503547537,-0.1272613849033063,0.0,-0.30256884792438404,-0.07057674390835528,0.2506143175157604,Banks—Regional,Financial Services,PROV
2014Q2,2014,Q2,2014-02-07,2013-12-31,1603000.0,14799000.0,0.0,0.16,14799000.0,1.0,1134062000.0,152450000.0,0.0,0.0,981612000.0,0.0,180897000.0,151177650.0,20847650.0,15.126243859459384,0.0,0.04537847137105379,0.3375664152181043,0.0,15.126243859459384,0.01051492292554936,10.215396310561525,23.577300374298193,0.9916539849130863,0.6269494697442296,0.0,0.0066478080589293465,0.013049551082745034,0.0,0.0014135029654463336,3.3224396729814076,1.0,0.14285714285714277,1.1515518649719052,-0.27498776544268577,-0.20373328945911026,-0.08331268582755204,0.059484467944481166,0.0,-0.5747293754663978,-0.15649249607025723,0.2580599336876653,Banks—Regional,Financial Services,PROV
2014Q1,2014,Q1,2013-11-12,2013-09-30,1513000.0,16144000.0,0.0,0.14,16144000.0,1.0,1153027000.0,157158000.0,0.0,0.0,995869000.0,0.0,180299000.0,171170883.51,70654883.50999999,15.250224375032204,0.0,0.04898063965544606,0.3593580982196261,0.0,15.250224375032204,0.009627254100968452,10.602755420589693,28.28335814771976,1.0891643028671782,0.6807666886979511,0.0,0.006017378533539125,0.014001406732019285,0.0,0.0013121982399371395,8.898002989551385,1.0,-0.7142857142857143,1.7605313646509955,-0.2961851842602188,-0.24227204613658354,-0.3593905003769692,-0.712193266121362,0.0,-0.6316750552144876,-0.11652291913104253,0.3080271561581645,Banks—Regional,Financial Services,PROV
2013Q4,2013,Q4,2013-09-13,2013-06-30,5257000.0,25201000.0,0.0,0.49,25201000.0,1.0,1211041000.0,159974000.0,0.0,0.0,1051067000.0,0.0,179816000.0,165973594.08,78625594.08000001,15.383079785386546,0.0,0.08793343908257441,0.6656769224999063,0.0,15.383079785386546,0.03286159000837636,6.58599238442919,7.8929805059920115,1.0375035573280658,0.1379113562868556,0.0,0.004368164731376166,0.02080936979012271,0.0,0.004340893495761085,-7.651373505439794,1.0,0.08888888888888884,2.783856294114183,0.2429059327335441,-0.2324590131279144,0.07448622836189989,0.07946611909650925,0.0,0.7937640791945896,0.7219398785885737,0.3682251418584193,Banks—Regional,Financial Services,PROV
2013Q3,2013,Q3,2013-05-10,2013-03-31,4870000.0,23454000.0,0.0,0.45,23454000.0,1.0,1221483000.0,157469000.0,0.0,0.0,1064014000.0,0.0,175284000.0,180274992.94,66457992.94,14.928000640087003,0.0,0.0871931905724435,0.6763553461316195,0.0,14.928000640087003,0.030926722084981807,7.686321861516159,9.254363087268993,1.1448284610939297,0.15215605749486652,0.0,0.004110387069861781,0.019201249628525326,0.0,0.003986956838531523,1.4641385962461524,1.0,-0.296875,1.8854632942525082,0.07919270989660741,-0.2979004676423424,-0.18582289026972612,-0.29827089337175794,0.0,14.38913798414826,1.2050056642876643,0.4843580677956326,Banks—Regional,Financial Services,PROV
2013Q2,2013,Q2,2013-02-08,2012-12-31,6940000.0,28807000.0,0.0,0.64,28807000.0,1.0,1248330000.0,155856000.0,0.0,0.0,1092474000.0,0.0,171155000.0,186445770.0,213330770.0,14.628811369654565,0.0,0.1013506044074884,0.8117685555897752,0.0,14.628811369654565,0.04452828251719536,6.472238344846739,6.716346181556196,1.1962694410224823,0.07680115273775216,0.0,0.0028587401044282207,0.023076430110627797,0.0,0.00555942739499972,13.236246627857447,1.0,-0.11111111111111106,2.2569792277936904,0.38304050379760574,-0.3178016439255964,-0.07358096156938415,-0.20504009163802978,0.0,0.7764415240882554,0.15967408154496024,-0.17456169830860738,Banks—Regional,Financial Services,PROV
2013Q1,2013,Q1,2012-11-09,2012-09-30,8730000.0,31095000.0,0.0,0.72,31095000.0,1.0,1271484000.0,150818000.0,0.0,0.0,1120666000.0,0.0,164748000.0,152701904.04,180745904.04,13.965552907849649,0.0,0.0995159986283744,0.8389781060616107,0.0,13.965552907849649,0.057884337413306106,4.910818589483839,4.372906759450172,1.012491241363763,0.062084765177548684,0.0,0.003549399094971494,0.02445567541549874,0.0,0.006865992808403409,-2.480255722058895,1.0,0.846153846153846,5.736556827835668,0.6922161793563657,-0.30057999326260104,0.22276838379866298,1.0274036228518346,0.0,1.9853422553089628,0.02877447672434676,-0.2159500612600869,Banks—Regional,Financial Services,PROV
2012Q4,2012,Q4,2012-09-13,2012-06-30,4306000.0,25430000.0,0.0,0.39,25430000.0,1.0,1260917000.0,144777000.0,0.0,0.0,1116140000.0,0.0,156560000.0,127303029.77999999,108713029.77999999,13.11264007529735,0.0,0.10036029334206771,0.8740753020162042,0.0,13.11264007529735,0.02974229332007156,5.006017686983877,7.391025881328378,0.8793042387948362,0.10171853228053879,0.0,0.0034406093928552534,0.020167861960779337,0.0,0.003414974974562164,-3.6072378164404517,1.0,0.8571428571428573,0.23483711774675814,0.20596188398441423,-0.3575575259913883,0.2536356913975844,0.8464837049742711,0.0,0.8160395449159148,-0.3159127586315667,-0.3023176275313898,Banks—Regional,Financial Services,PROV
2012Q3,2012,Q3,2012-05-09,2012-03-31,2332000.0,20285000.0,0.0,0.21,20285000.0,1.0,1286963000.0,143319000.0,0.0,0.0,1143644000.0,0.0,153517000.0,121650900.0,81203900.0,12.876819407008087,0.0,0.11388050783122747,1.0226138892959062,0.0,12.876819407008087,0.016271394581318595,5.997086517130885,13.041477272727272,0.8488120905113766,0.19210977701543738,0.0,0.0036826690143681633,0.015761913901176646,0.0,0.0018120179057206772,2.8469670021062488,1.0,0.31249999999999994,-0.4761904761904762,-0.19391535644110156,-0.37909673270004624,0.20607646114513348,0.25782092772384035,0.0,1.5066889012414306,-0.3359620951803671,-0.31123112938450787,Banks—Regional,Financial Services,PROV
2012Q2,2012,Q2,2012-02-09,2011-12-31,1854000.0,16819000.0,0.0,0.16,16819000.0,1.0,1298559000.0,142870000.0,0.0,0.0,1155689000.0,0.0,151633000.0,105809960.0,148875960.0,12.584338941249008,0.0,0.13597610890225242,1.235899769020788,0.0,12.584338941249008,0.01297683208511234,6.291096973660741,14.267793959007552,0.7406030657240849,0.18392664509169362,0.0,0.003222758991686605,0.012952049156026026,0.0,0.001427736437081411,1.7859426796745772,1.0,-0.20000000000000004,-0.28997889850987485,-0.3483466742641973,-0.3889180839537528,-0.030381644183096967,-0.2001725625539258,0.0,1.1556048702408677,-0.2685261093997989,-0.3375427326055217,Banks—Regional,Financial Services,PROV
2012Q1,2012,Q1,2011-11-09,2011-09-30,2318000.0,17346000.0,0.0,0.2,17346000.0,1.0,1319868000.0,143596000.0,0.0,0.0,1176272000.0,0.0,150120000.0,100230320.0,206660320.0,12.521450994070458,0.0,0.1413671670197323,1.2993815983732138,0.0,12.521450994070458,0.016142510933452186,5.778295860717169,10.81,0.6980021727624725,0.14883520276100087,0.0,0.0034420722192645896,0.013142223313240414,0.0,0.0017562362296835745,-1.2282525366403607,1.0,0.09167063303188959,-0.7441422108560005,-0.44533788202601854,-0.3977484206748801,0.06299791641132492,0.10328415040456926,0.0,2.800491495828752,-0.32045351012317125,-0.3778548296855459,Banks—Regional,Financial Services,PROV
2011Q4,2011,Q4,2011-09-13,2011-06-30,2101000.0,16318000.0,0.0,0.18320544122776422,16318000.0,1.0,1314549000.0,141743000.0,0.0,0.0,1172806000.0,0.0,148147000.0,91858680.0,155906680.0,12.359870945238926,0.0,0.15716264665676213,1.4575534594300954,0.0,12.359870945238926,0.014822601468855605,5.629285451648486,10.930352213231794,0.6480650190838347,0.05378391242265588,0.0,0.0012301504876839075,0.012413382840807,0.0,0.0015982667819913901,-2.174067026412951,1.0,-0.08397279386117895,-0.6811297797181315,-0.3910432143620969,-0.3960535672069383,-0.08510876878223816,-0.10021413276231263,0.0,1.6464967823359666,-0.27019666653816826,-0.38330245469230523,Banks—Regional,Financial Services,PROV
2011Q3,2011,Q3,2011-05-10,2011-03-31,2335000.0,17836000.0,0.0,0.2,17836000.0,1.0,1339031000.0,139577000.0,0.0,0.0,1199454000.0,0.0,146159000.0,94497709.99999999,150751710.0,12.244670585139048,0.0,0.1729691097517533,1.65937797774705,0.0,12.244670585139048,0.016729117261439923,5.298144763399865,10.1175278372591,0.6770292383415605,0.04925053533190578,0.0,0.0012169607073017961,0.013320079968275566,0.0,0.0017437983138553178,6.172689920961525,1.0,-0.45945945945945943,-0.5983479602183885,-0.32303686762630895,-0.40365166880361486,-0.099419338550871,-0.4512338425381904,0.0,0.2802658127905956,-0.24053770617311782,-0.42410389046918034,Banks—Regional,Financial Services,PROV
2011Q2,2011,Q2,2011-02-09,2010-12-31,4255000.0,19805000.0,0.0,0.37,19805000.0,1.0,1358086000.0,136791000.0,0.0,0.0,1221295000.0,0.0,143939000.0,82369480.0,200301480.0,12.023468401160235,0.0,0.20000427071628749,1.9856788823826128,0.0,12.023468401160235,0.031105847606933204,4.159024488765463,4.839569917743831,0.6021556973777515,0.026792009400705055,0.0,0.0013840077659832259,0.014583023460959027,0.0,0.0031330858281434313,1.1031429795896501,1.0,-0.07500000000000007,-0.7078123515079798,-0.49051108451495234,-0.39661830812016213,-0.016975232044473123,-0.06049900640317951,0.0,0.8700008789663355,-0.10957275251685698,-0.43929891702624807,Banks—Regional,Financial Services,PROV
2011Q1,2011,Q1,2010-11-09,2010-09-30,4529000.0,20147000.0,0.0,0.4,20147000.0,1.0,1389167000.0,132469000.0,0.0,0.0,1256698000.0,0.0,139798000.0,66126840.0,293331840.0,11.658950888928006,0.0,0.2120947301512345,2.2241807517230447,0.0,11.658950888928006,0.03418913104197963,3.282217699905693,3.6501898873923606,0.4991872815526652,0.02517111945241775,0.0,0.0017239595903872013,0.014502935932108954,0.0,0.0032602271721110564,-1.2961472421498295,1.0,0.41936289818863215,-0.4685208272634681,-0.31090872006171555,-0.39276877542146,0.25997498436522826,0.4144284821986259,0.0,2.3217451732363448,0.04211566982132215,-0.41609877080472696,Banks—Regional,Financial Services,PROV
2010Q4,2010,Q4,2010-09-13,2010-06-30,3202000.0,15990000.0,0.0,0.28181658158774864,15990000.0,1.0,1399401000.0,127744000.0,0.0,0.0,1271657000.0,0.0,135383000.0,54537600.0,267983600.0,11.243091005104736,0.0,0.22127110099249608,2.423965117735471,0.0,11.243091005104736,0.025065756513026054,3.410731707317073,4.258088694565896,0.4269288577154308,0.03560274828232355,0.0,0.002090301003344482,0.011426317402945975,0.0,0.0022881218464185747,-7.310670241286863,1.0,8.393886052924955,-0.6162315730798568,-0.47445467910962896,-0.39873034588557876,0.2822774659182037,7.630727762803234,0.0,-0.10769849575531858,-0.2631309209388221,-0.4491544678000581,Banks—Regional,Financial Services,PROV
2010Q3,2010,Q3,2010-05-10,2010-03-31,371000.0,12470000.0,0.0,0.03,12470000.0,1.0,1405320000.0,124370000.0,0.0,0.0,1280950000.0,0.0,132295000.0,43036001.16,266676001.16,10.056873044289135,0.0,0.22034696723877836,2.489812655785157,0.0,10.056873044289135,0.002983034493848999,3.45116288372093,29.000000781671158,0.34603201061349204,0.30727762803234504,0.0,0.002648944997844219,0.008873423846526058,0.0,0.0002639968121139669,-34.07442688836104,1.0,-0.9189189189189189,-0.9565217413465933,-0.5919063519122477,-0.4415173421667714,-0.2333230863818014,-0.8549648162627053,0.0,-0.9250000020215633,-0.5540208178054973,-0.5150708311851038,Banks—Regional,Financial Services,PROV
2010Q2,2010,Q2,2010-02-09,2009-12-31,2558000.0,16265000.0,0.0,0.37,16265000.0,1.0,1414638000.0,123632000.0,0.0,0.0,1291006000.0,0.0,132038000.0,19253760.0,282355760.0,17.722477064220183,0.0,0.23657642449870567,2.706985246538113,0.0,17.722477064220183,0.02069043613303999,1.1837540731632339,1.8817200938232994,0.15573443768603598,0.024237685691946835,0.0,0.0032201502459779287,0.011497641092632885,0.0,0.0018082364534248339,-1.2986483205180088,1.0,1.451219512195122,-0.5237847261329382,-0.09655130985229848,-0.004882121335854085,-0.04949742870500234,1.5099681020733653,0.0,0.5942859992022336,0.02559212866759843,-0.1394156425657698,Banks—Regional,Financial Services,PROV
2010Q1,2010,Q1,2009-11-13,2009-09-30,-5016000.0,17112000.0,0.0,-0.82,17112000.0,1.0,1479738000.0,108903000.0,0.0,0.0,1370835000.0,0.0,129542000.0,49339980.0,367604980.0,17.81207065750736,0.0,0.2815910654453694,3.8261664049658872,0.0,17.81207065750736,-0.04605933720834137,2.8833555399719497,-2.4591297846889955,0.45306355196826537,-0.012360446570972886,0.0,0.0012565874570682842,0.011564209339761499,0.0,-0.0033897892735065263,2.045350080835717,1.0,-4.818339680121857,-2.28189411014462,0.15972558631253927,0.05660742891608433,-0.16871508379888267,-4.82025894897182,0.0,-2.038496384592327,0.026342197530663993,-0.14328238080280178,Banks—Regional,Financial Services,PROV
2009Q4,2009,Q4,2009-09-14,2009-06-30,1313000.0,20585000.0,0.0,0.21475302584232908,20585000.0,1.0,1579613000.0,114910000.0,0.0,0.0,1464703000.0,0.0,134620000.0,33871560.0,433660560.0,18.794569839712135,0.0,0.28911638483603264,3.974345139674528,0.0,18.794569839712135,0.011426333652423636,1.6454486276414866,6.4492688499619195,0.29476599077538945,0.14242193450114243,0.0,0.005520855844844465,0.013031672947740998,0.0,0.0008312162536013568,-1.7511922241753697,1.0,1.5237878679081198,-0.6666420318409707,0.41449475479321024,0.13613620697928822,0.20676515417985697,1.5108949416342412,0.0,-0.6262210106990883,0.4408961024821937,-0.08163172084360404,Banks—Regional,Financial Services,PROV
2009Q3,2009,Q3,2009-05-08,2009-03-31,-2570000.0,17058000.0,0.0,-0.41,17058000.0,1.0,1562968000.0,116192000.0,0.0,0.0,1446776000.0,0.0,133494000.0,32690900.0,498339900.0,18.69541432019308,0.0,0.3057663368667817,4.113045648581658,0.0,18.69541432019308,-0.022118562379509776,1.9164556219955446,-3.1800486381322957,0.2813524166896172,-0.07276264591439689,0.0,0.005720246307076281,0.010913851083323522,0.0,-0.001644307497018493,-0.549546959839965,1.0,0.6095238095238096,-1.6778945405891856,0.2723837620009418,0.14641013578278675,0.35758058097890966,0.6052833666103518,0.0,-1.8108151147603049,0.18746627618394593,-0.08948313036666805,Banks—Regional,Financial Services,PROV
2009Q2,2009,Q2,2009-02-09,2008-12-31,-6511000.0,12565000.0,0.0,-1.05,12565000.0,1.0,1551148000.0,117854000.0,0.0,0.0,1433294000.0,0.0,136251000.0,28042079.999999996,491242080.0,18.99645390070922,0.0,0.30990853226126713,4.078894225058122,0.0,18.99645390070922,-0.05524632172009435,2.231761241543971,-1.0767193979419443,0.23793914504386782,-0.047611733988634615,0.0,0.011054814764097386,0.008100452052286435,0.0,-0.0041975362763578975,-5.202612244897958,1.0,-22.0,-3.2814873256230888,0.05481142604703154,0.21397166644779456,-0.08744280630401627,-20.790273556231003,0.0,-1.8199095654694923,-0.40724072933325006,-0.04668835049117701,Banks—Regional,Financial Services,PROV
2009Q1,2009,Q1,2008-11-10,2008-09-30,329000.0,13769000.0,0.0,0.05,13769000.0,1.0,1593900000.0,124501000.0,0.0,0.0,1469399000.0,0.0,143072000.0,54436800.00000001,536452800.0,20.12625282896864,0.0,0.3100094108789761,3.9688355916819944,0.0,20.12625282896864,0.002642549055830877,3.953576875590094,41.36534954407295,0.43723986152721667,0.9422492401215805,0.0,0.005694677130176645,0.008638559508124725,0.0,0.00020641194554238033,-23.056670902160104,1.0,1.176440387906446,-0.8990165638275004,0.1544932655729942,0.33588882366842393,0.1416134648868253,1.1876782658300058,0.0,-0.9290871897129914,-0.13500492055964744,0.048232321067408705,Banks—Regional,Financial Services,PROV
2008Q4,2008,Q4,2008-09-15,2008-06-30,-1753000.0,12061000.0,0.0,-0.283381829938571,12061000.0,1.0,1632447000.0,123980000.0,0.0,0.0,1508467000.0,0.0,143053000.0,58395840.0,522616840.0,20.042030391205948,0.0,0.2936297472444741,3.866228423939345,0.0,20.042030391205948,-0.014139377318922407,4.84170798441257,-8.327986309184254,0.47101016292950476,-0.354249857387336,0.0,0.010634319156981046,0.007388294995182079,0.0,-0.0010738480330448707,-12.574470284237727,1.0,-2.8892121995904736,-1.4083970035786204,-0.12449497502957556,0.2750343387316643,-0.021261056560902377,-2.8317659352142113,0.0,-1.385899929949348,-0.2719019016535948,0.07182843895862069,Banks—Regional,Financial Services,PROV
2008Q3,2008,Q3,2008-05-19,2008-03-31,957000.0,12323000.0,0.0,0.15,12323000.0,1.0,1674299000.0,127173000.0,0.0,0.0,1547126000.0,0.0,145427000.0,95400937.5,582337937.5,21.26194357366771,0.0,0.29847954278178507,3.929639152964859,0.0,21.26194357366771,0.007525182232077564,7.741697435689361,24.921875,0.7501666037602321,1.1671891327063741,0.0,0.01170848032808902,0.007360095180132103,0.0,0.0005715824951218391,23.22320776533593,1.0,-0.21052631578947373,-0.7575757628596338,-0.03678730890670202,0.4580662695844361,0.07016934433347807,-0.18760611205432937,0.0,-0.7681159475982532,-0.16618339121330697,0.18072751892448846,Banks—Regional,Financial Services,PROV
2008Q2,2008,Q2,2008-02-07,2007-12-31,1178000.0,11515000.0,0.0,0.19,11515000.0,1.0,1640491000.0,126303000.0,0.0,0.0,1514188000.0,0.0,149196000.0,96949400.0,578822400.0,21.443633276740236,0.0,0.3013634332647969,3.9142696531357135,0.0,21.443633276740236,0.009326777669572378,8.419400781589232,20.575,0.7675938022058068,0.9473684210526315,0.0,0.0115111594295581,0.007019239971447573,0.0,0.0007180776974698429,14.860423053341508,1.0,0.5833333333333334,-0.6341463615325276,-0.011585721647637298,0.5218072262195732,0.0713621138816524,0.554089709762533,0.0,-0.74025975367501,-0.24246178828949574,0.20406096618867764,Banks—Regional,Financial Services,PROV
2008Q1,2008,Q1,2007-11-09,2007-09-30,758000.0,10748000.0,0.0,0.12,10748000.0,1.0,1606313000.0,126127000.0,0.0,0.0,1480186000.0,0.0,149134000.0,139472007.35999998,582289007.36,19.96733403866311,0.0,0.28186536496934284,3.5897468424683057,0.0,19.96733403866311,0.0060098155034211545,12.976554462225529,46.000002427440634,1.105806110983374,1.5131926121372032,0.0,0.00822387245807258,0.006691099430808317,0.0,0.00047188810648983106,3.347140736758741,1.0,-0.620050105263158,-0.7567567643249556,-0.029791129440231788,0.47951276605210136,-0.10908488063660478,-0.6200501253132832,0.0,-0.8124999957934017,-0.29495055197007225,0.18445709578455435,Banks—Regional,Financial Services,PROV
2007Q4,2007,Q4,2007-09-12,2007-06-30,1995000.0,12064000.0,0.0,0.31583111789809404,12064000.0,1.0,1647516000.0,128927000.0,0.0,0.0,1518589000.0,0.0,149523000.0,157411341.64000002,647361341.64,20.41060578308149,0.0,0.3051709361244443,3.8996796636856517,0.0,20.41060578308149,0.015473872811746182,13.048022350795756,19.72573203508772,1.2209338745181382,0.581453634085213,0.0,0.007369227578613248,0.007322538900987912,0.0,0.0012109138849030906,2.3333680443515514,1.0,-0.19017662077411787,-0.02599166137568835,0.2671258181744212,0.4833526762389702,-0.1590687299595706,-0.21394799054373523,0.0,-0.5097399939724099,-0.19762156036010223,0.23382596325997657,Banks—Regional,Financial Services,PROV
2007Q3,2007,Q3,2007-05-09,2007-03-31,2538000.0,14346000.0,0.0,0.39,14346000.0,1.0,1770034000.0,131588000.0,0.0,0.0,1638446000.0,0.0,148688000.0,174550950.0,799015950.0,20.738849487785657,0.0,0.35984224031854756,4.840357783384503,0.0,20.738849487785657,0.019287473021856096,12.167220828105394,17.19375,1.3264959570781532,0.4739952718676123,0.0,0.006891970510615954,0.008104929057859905,0.0,0.0014338707618045754,-8.474169822312845,1.0,0.7727272727272728,0.5517241862794193,0.7265523528692119,0.5785837116581761,-0.029166948636394397,0.6976588628762542,0.0,-0.34426232377248417,0.048166658671611816,0.2717143814026792,Banks—Regional,Financial Services,PROV
2007Q2,2007,Q2,2007-02-08,2006-12-31,1495000.0,14777000.0,0.0,0.22,14777000.0,1.0,1770345000.0,133858000.0,0.0,0.0,1636487000.0,0.0,147353000.0,,,,,,,,,,,,,,,,,,,,,,,,,,,,,,,Banks—Regional,Financial Services,PROV
2007Q1,2007,Q1,2006-11-08,2006-09-30,5258000.0,18150000.0,0.0,0.77,18150000.0,1.0,1695775000.0,138379000.0,0.0,0.0,1557396000.0,0.0,147082000.0,,,,,,,,,,,,,,,,,,,,,,,,,,,,,,,Banks—Regional,Financial Services,PROV
