Year,Date,FillingDate,NetIncome,Revenue,OperatingIncome,EPSDiluted,GrossProfit,GrossProfitRatio,TotalAssets,CommonStockEquity,CurrentAssets,CurrentLiability,TotalLiability,Inventory,RetainedEarnings,EnterpriseValue,bookValuePerShare,currentRatio,debtToAssets,debtToEquity,roic,shareholdersEquityPerShare,roe,priceToSalesRatio,peRatio,pbRatio,payoutRatio,inventoryTurnover,dividendYield,assetTurnover,quickRatio,returnOnAssets,priceToFreeCashFlowsRatio,grossProfitMargin,epsdilutedGrowth,fiveYNetIncomeGrowthPerShare,fiveYRevenueGrowthPerShare,fiveYShareholdersEquityGrowthPerShare,grossProfitGrowth,netIncomeGrowth,operatingIncomeGrowth,threeYNetIncomeGrowthPerShare,threeYRevenueGrowthPerShare,threeYShareholdersEquityGrowthPerShare,Industry,Sector,Price,MarketCap,AvgVolume,Symbol
2022,2022-09-30,2022-11-29,-310826000.0,327891000.0,38328000.0,-7.93,230723000.0,0.7036576179,1318493000.0,712950000.0,227519000.0,147033000.0,605543000.0,0.0,-283249000.0,809168250.0,18.193533569806313,1.5474009236021846,0.21753623265349153,0.40230030156392454,0.058984533159833104,18.193533569806313,-0.4359716670173224,1.882318361894654,-1.9856615920161118,0.8656921944035346,-0.020107712996982236,0.0,0.010126455120968608,0.24868618946023985,1.0898029694014268,-0.23574338278625673,-31.51528033088235,0.7036576179279089,-7.777777777777778,-7.104653078309404,0.24402306778501903,-0.33614944562141585,-0.19358074573238077,-7.772841174035256,-0.3674621249628676,-3.8276695240440644,-0.006532134054467242,-0.38014837160076176,Software—Application,Technology,29.05,1170979355,423845,CRNC
2021,2021-09-30,2021-11-23,45893000.0,387182000.0,60594000.0,1.17,286108000.0,0.7389496413,1705728000.0,1031945000.0,287048000.0,165309000.0,673783000.0,0.0,27577000.0,3788037720.0,27.334843187115915,1.736432983080171,0.16891380102806544,0.2792018954498544,0.04309501518351276,27.334843187115915,0.044472331374249593,9.371160642798477,79.06096180245353,3.516025292045603,0.0,0.0,0.0,0.22698929723848116,1.2366114367638785,0.02690522756265946,58.20064675499663,0.7389496412539839,3.052631578947368,0.2659670519820574,0.7674180857512126,-0.016613320410006533,0.2899659595572488,3.2244680335417577,3.0848051772954026,6.521105735283301,0.34724599598954464,0.0012769854100479314,Software—Application,Technology,29.05,1170979355,423845,CRNC
2020,2020-09-30,2020-11-19,-20631000.0,329646000.0,14834000.0,-0.57,221795000.0,0.6728278214,1687445000.0,957756000.0,249148000.0,200774000.0,729689000.0,0.0,-20631000.0,1940812360.0,26.291753596134843,1.240937571597916,0.17579417403233882,0.30972711212459125,0.00916155732550858,26.291753596134843,-0.021540977033816546,5.40044884512477,-86.28938781445397,1.8587577211732422,-7.4149580728030635,0.0,0.08593128611304175,0.19535214481064567,0.9845497923037844,-0.012226176260559603,69.06297707258409,0.6728278213598831,-1.2065217391304348,-1.589794706231529,0.5594684132053453,-0.05413906739776485,0.06851565473351544,-1.2021061912225706,-0.7709282394181324,-1.4358836881509305,0.345406236655745,-0.04065941157547983,Software—Application,Technology,29.05,1170979355,423845,CRNC
2019,2019-09-30,2019-12-19,102080000.0,306498000.0,64757000.0,2.76,207573000.0,0.6772409608,1483829000.0,1068128000.0,92325000.0,129114000.0,415701000.0,0.0,0.0,627744750.0,29.35143304663241,0.715065755843673,0.012841102310306645,0.017838686000179755,0.4215406057553999,29.35143304663241,0.09556907037358818,2.0481202161188654,6.149537127742947,0.5877055465262591,0.0,0.0,0.0,0.20655884202290156,0.5095264649844323,0.06879498918002007,7.513042463556502,0.6772409607893037,16.037037037037035,1.921208734506965,0.4514355475568063,0.055934657731660294,0.06985362333780022,16.35759224621663,0.7572180614349289,1.921208734506965,0.4514355475568063,0.055934657731660294,Software—Application,Technology,29.05,1170979355,423845,CRNC
2018,2018-09-30,2018-09-30,5881000.0,276984000.0,36852000.0,0.162,194020000.0,0.7004736735695924,1397548000.0,993319000.0,82967000.0,121806000.0,404229000.0,0.0,0.0,927826068.0,27.2999815090343,0.6811405021099125,0.0,0.0,0.005929243472936017,27.2999815090343,0.005920555229488211,3.3497460791959104,157.76671790511816,0.9340665667323387,0.0,0.0,0.0,0.19819283487937445,0.5917935077089799,0.004208084445042317,8.531812412068158,0.7004736735695924,-0.8753189180452777,-0.8316780674890524,0.31187481054865107,-0.017867489296908123,0.10116632140526122,-0.8756028428801083,-0.42133940488341054,-0.8316780674890524,0.31187481054865107,-0.017867489296908123,Software—Application,Technology,29.05,1170979355,423845,CRNC
2017,2017-09-30,2017-09-30,47276000.0,244729000.0,63685000.0,1.299315,176195000.0,0.7199596288139125,1335752000.0,997179000.0,80807000.0,94406000.0,338573000.0,0.0,0.0,927826068.0,27.406068202860624,0.8559519522064275,0.0,0.0,0.04777205587814781,27.406068202860624,0.047409742884677676,3.7912387498008,19.625731195532616,0.9304508699039993,0.0,0.0,0.0,0.18321439908006876,0.7840497426011058,0.035392797465397766,10.077398370804822,0.7199596288139125,0.35310216412617973,0.3531011190932769,0.15910597908457105,-0.014050959570492082,0.17018662416151956,0.35310111909327685,0.332517314251041,0.3531011190932769,0.15910597908457105,-0.014050959570492082,Software—Application,Technology,29.05,1170979355,423845,CRNC
2016,2016-09-30,2016-09-30,34939000.0,211136000.0,47793000.0,0.960249,150570000.0,0.7131422400727493,1293040000.0,1011390000.0,59158000.0,79640000.0,281650000.0,0.0,0.0,927826068.0,27.796637634458012,0.742817679558011,0.0,0.0,0.03493661064372853,27.796637634458012,0.034545526453692445,4.394447503031222,26.555598843699016,0.917377142348649,0.0,0.0,0.0,0.16328651859184556,0.6926293319939729,0.027020819154859866,8.784401620874439,0.7131422400727493,0.0,0.0,0.0,0.0,0.0,0.0,0.0,0.0,0.0,0.0,Software—Application,Technology,29.05,1170979355,423845,CRNC
TTM,,,,,,,,,,,,,,,,1369741355.0,17.63900146696835,1.3970944455826173,0.22025509061759846,0.41461723118647126,-0.00798274180943791,17.63900146696835,-0.46261596411256733,3.913230209600449,-3.2668568480683144,1.646918622598929,-0.007608188099239181,12.950058373329874,0.0,0.22407179019459403,1.0152387953578617,-0.26780621020527207,-83.74905986268058,0.6663770401956984,,,,,,,,,,,Software—Application,Technology,29.05,1170979355,423845,CRNC
