Quarters,Year,Quarter,FillingDate,Date,NetIncome,Revenue,OperatingIncome,EPSDiluted,GrossProfit,GrossProfitRatio,TotalAssets,CommonStockEquity,CurrentAssets,CurrentLiability,TotalLiability,Inventory,RetainedEarnings,MarketCap,EnterpriseValue,bookValuePerShare,currentRatio,debtToAssets,debtToEquity,roic,shareholdersEquityPerShare,roe,priceToSalesRatio,peRatio,pbRatio,payoutRatio,inventoryTurnover,dividendYield,assetTurnover,quickRatio,returnOnAssets,priceToFreeCashFlowsRatio,grossProfitMargin,epsdilutedGrowth,fiveYNetIncomeGrowthPerShare,fiveYRevenueGrowthPerShare,fiveYShareholdersEquityGrowthPerShare,grossProfitGrowth,netIncomeGrowth,operatingIncomeGrowth,threeYNetIncomeGrowthPerShare,threeYRevenueGrowthPerShare,threeYShareholdersEquityGrowthPerShare,Industry,Sector,Symbol
2018Q2,2018,Q2,2018-06-30,2018-06-30,0.0,0.0,0.0,0.0,0.0,0.0,441585000.0,408638000.0,0.0,0.0,32947000.0,0.0,-1666000.0,0.0,0.0,0.0,0.0,0.0,0.0,,0.0,0.0,0.0,0.0,0.0,0.0,0.0,,0.0,0.0,0.0,0.0,0.0,0.0,0.0,0.0,0.0,0.0,0.0,0.0,0.0,0.0,0.0,Asset Management,Financial Services,IIF
2022Q4,2022,Q4,2022-12-31,2022-12-31,,,,,,,308230000.0,258488000.0,22000.0,41854000.0,49742000.0,0.0,55962000.0,0.0,0.0,0.0,0.0005256367372294165,0.0,0.0,,0.0,,0.0,0.0,0.0,0.0,0.0,,,0.0005256367372294165,,0.0,0.0,0.0,0.0,0.0,0.0,0.0,0.0,0.0,0.0,0.0,0.0,Asset Management,Financial Services,IIF
2022Q2,2022,Q2,2022-06-30,2022-06-30,,,,,,,294534000.0,288029000.0,407000.0,0.0,6505000.0,0.0,79816000.0,0.0,0.0,0.0,0.0,0.0,0.0,,0.0,,0.0,0.0,0.0,0.0,0.0,,,0.0,,0.0,0.0,0.0,0.0,0.0,0.0,0.0,0.0,0.0,0.0,0.0,0.0,Asset Management,Financial Services,IIF
2021Q2,2021,Q2,2021-06-30,2021-06-30,,,,,,,328067000.0,320614000.0,0.0,0.0,7453000.0,0.0,100905000.0,0.0,0.0,0.0,0.0,0.0,0.0,,0.0,,0.0,0.0,0.0,0.0,0.0,,,0.0,,0.0,0.0,0.0,0.0,0.0,0.0,0.0,0.0,0.0,0.0,0.0,0.0,Asset Management,Financial Services,IIF
2020Q4,2020,Q4,2020-12-31,2020-12-31,,,,,,,288689000.0,285779000.0,0.0,0.0,2910000.0,0.0,63287000.0,0.0,0.0,0.0,0.0,0.0,0.0,,0.0,,0.0,0.0,0.0,0.0,0.0,,,0.0,,0.0,0.0,0.0,0.0,0.0,0.0,0.0,0.0,0.0,0.0,0.0,0.0,Asset Management,Financial Services,IIF
2020Q2,2020,Q2,2020-06-30,2020-06-30,,,,,,,246957000.0,246518000.0,0.0,0.0,439000.0,0.0,-16540000.0,0.0,0.0,0.0,0.0,0.0,0.0,,0.0,,0.0,0.0,0.0,0.0,0.0,,,0.0,,0.0,0.0,0.0,0.0,0.0,0.0,0.0,0.0,0.0,0.0,0.0,0.0,Asset Management,Financial Services,IIF
2019Q4,2019,Q4,2019-12-31,2019-12-31,,,,,,,316809000.0,313383000.0,0.0,0.0,3426000.0,0.0,48725000.0,0.0,0.0,0.0,0.0,0.0,0.0,,0.0,,0.0,0.0,0.0,0.0,0.0,,,0.0,,0.0,0.0,0.0,0.0,0.0,0.0,0.0,0.0,0.0,0.0,0.0,0.0,Asset Management,Financial Services,IIF
2019Q2,2019,Q2,2019-06-30,2019-06-30,,,,,,,329102000.0,323680000.0,0.0,0.0,5422000.0,0.0,55246000.0,0.0,0.0,0.0,0.0,0.0,0.0,,0.0,,0.0,0.0,0.0,0.0,0.0,,,0.0,,0.0,0.0,0.0,0.0,0.0,0.0,0.0,0.0,0.0,0.0,0.0,0.0,Asset Management,Financial Services,IIF
2018Q4,2018,Q4,2018-12-31,2018-12-31,,,,,,,373528000.0,320523000.0,0.0,0.0,53005000.0,0.0,51514000.0,0.0,0.0,0.0,0.0,0.0,0.0,,0.0,,0.0,0.0,0.0,0.0,0.0,,,0.0,,0.0,0.0,0.0,0.0,0.0,0.0,0.0,0.0,0.0,0.0,0.0,0.0,Asset Management,Financial Services,IIF
