Quarters,Year,Quarter,FillingDate,Date,NetIncome,Revenue,OperatingIncome,EPSDiluted,GrossProfit,GrossProfitRatio,TotalAssets,CommonStockEquity,CurrentAssets,CurrentLiability,TotalLiability,Inventory,RetainedEarnings,MarketCap,EnterpriseValue,bookValuePerShare,currentRatio,debtToAssets,debtToEquity,roic,shareholdersEquityPerShare,roe,priceToSalesRatio,peRatio,pbRatio,payoutRatio,inventoryTurnover,dividendYield,assetTurnover,quickRatio,returnOnAssets,priceToFreeCashFlowsRatio,grossProfitMargin,epsdilutedGrowth,fiveYNetIncomeGrowthPerShare,fiveYRevenueGrowthPerShare,fiveYShareholdersEquityGrowthPerShare,grossProfitGrowth,netIncomeGrowth,operatingIncomeGrowth,threeYNetIncomeGrowthPerShare,threeYRevenueGrowthPerShare,threeYShareholdersEquityGrowthPerShare,Industry,Sector,Symbol
2023Q4,2023,Q4,2023-05-02,2023-03-31,30132000.0,-34577000.0,54898000.0,0.46,-34577000.0,1.0,2489265000.0,993368000.0,85719000.0,7290000.0,1495897000.0,0.0,-1113818000.0,746145492.6,2146933492.6,15.177194410890689,11.75843621399177,0.5908780302619447,1.4806718154802652,0.022278043356518493,15.177194410890689,0.03033316958065893,-21.579243213696966,6.190640287733971,0.7511269666427749,1.629131819992035,0.0,0.06579011799554761,-0.013890445573291714,12.436625514403293,0.012104777916372905,16.265815586850366,1.0,22.0,0.534573173514584,-2.741030035950273,-0.2641262554757201,-8.26560201723051,22.412587412587413,1.2829458976171664,1.207374958788312,0.7561173455139466,-0.017231014665527063,Asset Management,Financial Services,MFIC
2023Q3,2023,Q3,2023-02-21,2022-12-31,1287000.0,4759000.0,24047000.0,0.02,4759000.0,1.0,,,,,,,,733590000.0,,,0.0,0.0,0.0,0.0,,0.0,154.14793023744485,142.5,0.0,,0.0,,0.0,0.0,0.0,0.0,1.0,1.305810397553517,-0.7502143425338591,-0.4841424763306399,0.0,-0.7330004488330341,1.3040396881644225,-0.33606670532041194,3.6582845454545456,0.25194274470242445,0.0,Asset Management,Financial Services,MFIC
2023Q2,2023,Q2,2022-11-03,2022-09-30,-4233000.0,19125000.0,36219000.0,-0.0654,17824000.0,0.9319738562,2566030000.0,1011036000.0,2059853000.0,28747000.0,1554994000.0,0.0,-1096150000.0,661613386.84,2104277386.8400002,15.617561744558246,71.65453786482068,0.5862752968593509,1.4879786674262836,-0.0038110225146508183,15.617561744558246,-0.004186794535506154,34.59416401777778,-39.07473345381526,0.654391522003173,-5.402078903850697,0.0,0.03456248083071208,0.007453147469047517,72.13629248269385,-0.0016496299731491837,6.081843883255964,0.9319738562091503,-1.7266666666666666,-1.1505210886503323,-0.2778127408851493,-0.22396653854302664,1.0144665461121158,-1.7480120162572892,0.6436286077328008,-1.62396214178073,0.3116609603100637,-0.15959967071636116,Asset Management,Financial Services,MFIC
2023Q1,2023,Q1,2022-08-02,2022-06-30,5659000.0,8848000.0,22036000.0,0.09,8848000.0,1.0,2635081000.0,985987000.0,67941000.0,32414000.0,1649094000.0,0.0,-1091199000.0,684522309.42,2246623309.42,15.513124764330344,2.096038748688838,0.6062671318263082,1.6202678128616301,0.008529349151361498,15.513124764330344,0.005739426584731848,77.36463714059674,30.2404271699947,0.6942508465324593,4.048948577487189,0.0,0.03347297770238391,0.003357771544783633,2.096038748688838,0.0021475620673520094,-31.773222680096545,1.0,0.28571428571428553,-0.7734522724298339,-0.6348632078424749,-0.23116499536396762,8847.0,0.33561482180788293,0.18997731936494222,-0.7437206948510706,-0.6680132177425605,-0.1756300067897613,Asset Management,Financial Services,MFIC
2022Q4,2022,Q4,2022-05-19,2022-03-31,4237000.0,1000.0,18518000.0,0.07,1000.0,1.0,2600121000.0,1004832000.0,59224000.0,26248000.0,1595289000.0,0.0,-1073990000.0,800376569.5400001,2320386569.54,16.59703637705766,2.256324291374581,0.5963599386336251,1.543151491990701,0.007244791693828984,16.59703637705766,0.004216625266711251,800376.56954,47.22542893202738,0.7965277474642528,5.428133113051688,0.0,0.028735223987401585,3.8459748604007273e-07,2.256324291374581,0.0016295395483517882,15.27552808496832,1.0,-0.78125,-0.363512929547197,-0.9998493485104198,-0.17976247467655987,-0.9999588206226322,-0.793729613942846,-0.4659398973294111,-0.8478667709665777,-0.9999684128604409,-0.12469583196112957,Asset Management,Financial Services,MFIC
2022Q3,2022,Q3,2022-02-03,2021-12-31,20541000.0,24284000.0,34674000.0,0.32,24284000.0,1.0,2666216000.0,1024276000.0,52254000.0,32362000.0,1641940000.0,0.0,-1055317000.0,820998093.75,2373907093.75,15.956784966652062,1.6146715283357023,0.595366616958266,1.5497541678219542,0.013276654010564961,15.956784966652062,0.02005416508831604,33.80819032078735,9.9921875,0.8015399108736316,1.139623192639112,0.0,0.02851285548432493,0.00910803925863471,1.6146715283357023,0.007704177005914,15.234136676130039,1.0,-0.1794871794871795,1.0801274331266608,1.8078510606287626,-0.2227641974389233,0.0,-0.19260249204040722,0.0,17.0,20.633495121998486,-0.2861529201728639,Asset Management,Financial Services,MFIC
2022Q2,2022,Q2,2021-11-04,2021-09-30,25441000.0,28726000.0,0.0,0.39,0.0,0.0,2690567000.0,1039133000.0,0.0,0.0,1651434000.0,0.0,-1052859000.0,846076329.01,2416350329.01,15.92947887547,0.0,0.5938495491842426,1.5376203046193317,0.0,15.92947887547,0.024482910272313554,29.45332900543062,8.314102521618649,0.8142137041264208,0.9213867379426909,0.0,0.027705538136764185,0.010676559996461712,0.0,0.00945562775429863,-8.128627567684415,0.0,-0.20408163265306117,-0.29224678968989515,-0.19707139065122026,-0.2292001399603757,0.0,-0.20853036336485814,0.0,-0.006996184586596099,0.0014898674247682629,-0.17089434299923,Asset Management,Financial Services,MFIC
2022Q1,2022,Q1,2021-08-05,2021-06-30,32144000.0,35877000.0,0.0,0.49,0.0,0.0,2585326000.0,1043005000.0,0.0,0.0,1542321000.0,0.0,-1054892000.0,895440000.0,2336921000.0,15.899466463414635,0.0,0.5758647071974675,1.4274121408813956,0.0,15.899466463414635,0.030818644205924228,24.958608579312653,6.964285714285714,0.8585193743078892,0.7308673469387755,0.0,0.026236263736263737,0.013877166748023266,0.0,0.012433248263468514,-183.52941176470588,0.0,-0.2461538461538462,1.8768621836240083,1.9967663072010624,-0.22865385984949285,0.0,-0.24210129208714515,0.0,1.6615875471698114,1.5524679537999337,-0.17744650848881705,Asset Management,Financial Services,MFIC
2021Q4,2021,Q4,2021-05-20,2021-03-31,42412000.0,45945000.0,0.0,0.65,0.0,0.0,2544489000.0,1036330000.0,0.0,0.0,1508159000.0,0.0,-1063611000.0,895198334.24,2305945334.24,15.883013915649308,0.0,0.5758999154643624,1.4140003666785677,0.0,15.883013915649308,0.040925187922765914,19.484129594950485,5.276798631519382,0.8638159025020988,0.5539234179005942,0.0,0.026243346419924856,0.018056670710700655,0.0,0.016668179740608035,13.318827224495262,0.0,0.27450980392156865,3.09235964447503,3.0576153406802726,-0.2730800909232369,0.0,0.2787794729542302,0.0,1.1667156003779044,1.320655764212183,-0.2299042492298031,Asset Management,Financial Services,MFIC
2021Q3,2021,Q3,2020-12-31,2020-12-31,33166000.0,37103000.0,0.0,0.51,0.0,0.0,2578779000.0,1017411000.0,0.0,0.0,1561368000.0,0.0,-1082530000.0,693705040.88,2151844040.88,15.590313307051257,0.0,0.5864453681374014,1.4864327199135845,0.0,15.590313307051257,0.03259842875691338,18.696737214780477,5.229037575227643,0.6818336354531257,0.7083760477597539,0.0,0.03386742003517326,0.014387816869921773,0.0,0.012861125362041493,4.51689699752572,0.0,0.0,2.521958461659934,2.656287455817361,-0.30214636191457395,0.0,-0.003694914235933792,0.0,5.34729981537158,2.9657931287923054,-0.21185654783344707,Asset Management,Financial Services,MFIC
2021Q2,2021,Q2,2020-09-30,2020-09-30,33289000.0,37167000.0,0.0,0.51,0.0,0.0,2653369000.0,1007738000.0,0.0,0.0,1645631000.0,0.0,-1092203000.0,539693385.52,2108687385.52,15.442088940871702,0.0,0.603130586058705,1.5880397484266744,0.0,15.442088940871702,0.033033387646392215,14.520768034008663,4.053091002433236,0.535549304997926,0.8821532638409084,0.0,0.05441237707908087,0.014007475025147275,0.0,0.01254593688250673,3.0176430309875535,0.0,9.2,23.95740560116252,21.798328857458607,-0.33540459911440096,0.0,10.114858096828046,0.0,0.1742528793043569,0.39225148085151273,-0.2326857464106617,Asset Management,Financial Services,MFIC
2021Q1,2021,Q1,2020-06-30,2020-06-30,2995000.0,6519000.0,0.0,0.05,0.0,0.0,2808975000.0,997943000.0,0.0,0.0,1811032000.0,0.0,-1101998000.0,624530314.32,2335240314.32,15.291995105791713,0.0,0.6248200856184195,1.7587216905173944,0.0,15.291995105791713,0.0030011734137120054,95.8015515140359,52.131077989983304,0.62581762116674,9.805342237061769,0.0,0.04702253729985121,0.002320775371799322,0.0,0.0010662252245036,8.792238910913392,0.0,1.0225225225225225,-0.4332300562339756,0.45577200247223093,-0.3637476733462178,0.0,1.0203399729705869,0.0,-0.8832257300586074,-0.7379876389530378,-0.24212424597469082,Asset Management,Financial Services,MFIC
2020Q4,2020,Q4,2020-03-31,2020-03-31,-147247000.0,-143675000.0,0.0,-2.22,0.0,0.0,2871058000.0,1024315000.0,0.0,0.0,1846743000.0,0.0,-1075626000.0,447710469.75,2198651469.75,15.443298107057503,0.0,0.6250716634773662,1.7520167136086067,0.0,15.443298107057503,-0.14375167795063043,-3.1161334243953367,-0.7601351296630832,0.43708280143315287,-0.20337256446650864,0.0,0.06688697723937916,-0.05004252787648317,0.0,-0.05128666853821832,15.962864825114986,0.0,-518.1208944793851,-13.93507452183669,-12.337906169015868,-0.37103487619575476,0.0,-515.8496503496503,0.0,-21.190497060399274,-20.75713965062865,-0.23678105329243943,Asset Management,Financial Services,MFIC
2020Q3,2020,Q3,2019-12-31,2019-12-31,286000.0,3935000.0,0.0,0.004293,0.0,0.0,3060024000.0,1215882000.0,0.0,0.0,1844142000.0,0.0,-902836000.0,1163071168.74,2906482168.74,18.252795091635296,0.0,0.583536926507766,1.468593991851183,0.0,18.252795091635296,0.0002352201940648846,295.57081797712834,1016.6706020454546,0.9565658252527796,105.49300699300699,0.0,0.025940802945605995,0.0012859376266329938,0.0,9.346331924194059e-05,-8.271669443207761,0.0,-0.95707,1.0174177538967915,1.2537201966570597,-0.2786086234505186,0.0,-0.9595359366157329,0.0,-0.9720910212113867,-0.561562055154176,-0.11092830594140687,Asset Management,Financial Services,MFIC
2020Q2,2020,Q2,2019-09-30,2019-09-30,7068000.0,15191000.0,0.0,0.1,0.0,0.0,2892962000.0,1253392000.0,0.0,0.0,1639570000.0,0.0,-873177000.0,1085215391.75,2632905391.75,18.583478849741443,0.0,0.5475799543858509,1.263872754892324,0.0,18.583478849741443,0.005639097744360902,71.43804830162597,38.38481153614884,0.865822816604861,4.33276740237691,0.0,0.028219282764333314,0.005251019543291616,0.0,0.002443170701861967,-5.892497606817651,0.0,-0.7142857142857143,-0.8029478654228918,-0.5765333362722862,-0.2893154614007249,0.0,-0.7033866297368753,0.0,-0.8098248012228616,-0.5893254326555611,-0.10077768341261019,Asset Management,Financial Services,MFIC
2020Q1,2020,Q1,2019-06-30,2019-06-30,23829000.0,28761000.0,0.0,0.35,0.0,0.0,2700430000.0,1290710000.0,0.0,0.0,1409720000.0,0.0,-850073000.0,1085756604.03,2404784604.0299997,18.818157977729836,0.0,0.49977151786937635,1.0456245012435017,0.0,18.818157977729836,0.018461931804975556,37.7510032345885,11.391126400919047,0.8412087951824965,1.3026144613705988,0.0,0.028588359384404304,0.010650526027336387,0.0,0.008824150227926663,-5.845918537385114,0.0,-0.2391304347826088,-0.575837559940225,-0.48444939563877204,-0.28221280451733344,0.0,-0.25171926519076776,0.0,1.6217123767661663,1.7642465477564626,-0.0870565654347741,Asset Management,Financial Services,MFIC
2019Q4,2019,Q4,2019-03-31,2019-03-31,31845000.0,36199000.0,0.0,0.46,0.0,0.0,2497797000.0,1312627000.0,0.0,0.0,1185170000.0,0.0,-843278000.0,1055005565.88,2142502565.88,18.961450182790195,0.0,0.4518725901264194,0.859868035626267,0.0,18.961450182790195,0.02426050964973294,29.144605262023813,8.282348609514838,0.8037359934543478,0.9829486575600566,0.0,0.029669985649687463,0.014492370677040609,0.0,0.012749234625552037,-12.213398384829997,0.0,24.0,-0.4807031863398714,-0.4147342075171914,-0.2706618032680409,0.0,28.033106960950764,0.0,2.4807584029443803,2.527980728483747,-0.13218890847556466,Asset Management,Financial Services,MFIC
2019Q3,2019,Q3,2018-12-31,2018-12-31,-1178000.0,1030000.0,0.0,-0.02,0.0,0.0,2383667000.0,1316605000.0,0.0,0.0,1067062000.0,0.0,-10565000.0,730360000.0,1694910000.0,22.35322580645161,0.0,0.41720886348638464,0.7553419590537784,0.0,22.35322580645161,-0.0008947254491666065,709.0873786407767,-155.0,0.5547297784832961,-27.115449915110357,0.0,0.04373459663727477,0.00043210733714063246,0.0,-0.0004941965467491893,31.2935429967008,0.0,-1.0512820512820513,-1.0141696850706463,-0.9876235393786847,-0.13025029310548406,0.0,-1.0420278996753363,0.0,0.9401062804594132,1.0509436669019212,0.0005751420609344237,Asset Management,Financial Services,MFIC
2019Q2,2019,Q2,2018-09-30,2018-09-30,28029000.0,31380000.0,0.0,0.39,0.0,0.0,2386792000.0,1371152000.0,0.0,0.0,1015640000.0,0.0,-10750000.0,1168981959.6,2095959959.6,19.212845481110023,0.0,0.3964467787725114,0.6901029207556857,0.0,19.212845481110023,0.02044193495688297,37.25245250478011,10.42654000856256,0.8525546107214955,1.1519854436476507,0.0,0.027621469890817298,0.01314735427301583,0.0,0.011743377722063757,5.594714179875947,0.0,1.1666666666666667,-0.6150187852556916,-0.5675722459718544,-0.22810708305660715,0.0,1.1153962264150943,0.0,18.675729060857552,17.057263964783928,-0.17311907776444965,Asset Management,Financial Services,MFIC
2019Q1,2019,Q1,2018-06-30,2018-06-30,13250000.0,15421000.0,0.0,0.18,0.0,0.0,2573371000.0,1391166000.0,0.0,0.0,1182205000.0,0.0,-10974000.0,1202643765.0,2292655765.0,19.329401221316772,0.0,0.4284959300466198,0.7926293483308247,0.0,19.329401221316772,0.009524384580991772,77.98740451332598,22.691391792452833,0.864486168437124,2.448830188679245,0.0,0.02697972661921213,0.005992528865833959,0.0,0.0051488883647169414,-4.317762876345437,0.0,-0.4,-0.3049533007850258,-0.24168157499841955,-0.25144272256366096,0.0,-0.3576380472196635,0.0,1.2735624844197748,2.1225251895203288,-0.19576376955356534,Asset Management,Financial Services,MFIC
2018Q4,2018,Q4,2018-03-31,2018-03-31,20627000.0,20863000.0,0.0,0.3,0.0,0.0,2311810000.0,1418086000.0,0.0,0.0,893724000.0,0.0,-10229000.0,1076728324.68,1851241324.68,20.624726080833724,0.0,0.34165697007972107,0.5569803241834417,0.0,20.624726080833724,0.014545662251795731,51.609467702631456,13.04998696708198,0.7592828112540425,1.5871430649149174,0.0,0.03040506992302782,0.009024530562632742,0.0,0.008922446048766984,7.390848169188106,0.0,2.3333333333333335,-0.6764266732039109,-0.6883361709293527,-0.1271023942101188,0.0,2.536259214812275,0.0,3.018255314846228,2.868367514986631,-0.16000887226725297,Asset Management,Financial Services,MFIC
2018Q3,2018,Q3,2017-12-31,2017-12-31,5833000.0,10444000.0,0.0,0.09,0.0,0.0,2415572000.0,1441050000.0,0.0,0.0,974522000.0,0.0,91031000.0,1236992779.26,2098059779.26,19.781060496277096,0.0,0.36230135139834374,0.6073106415460948,0.0,19.781060496277096,0.004047742965198987,118.44051888739946,53.01700579718841,0.8583968490059332,5.632779015943768,0.0,0.026561189807150918,0.0043236136202936615,0.0,0.002414748970430192,80.26687296476543,0.0,-0.7857142857142857,1.2380879916511294,1.4905241953033859,-0.19026534701311104,0.0,-0.8164973102211596,0.0,1.3248259112113057,1.6157575392713903,-0.21820814897783194,Asset Management,Financial Services,MFIC
2018Q2,2018,Q2,2017-09-30,2017-09-30,31787000.0,29933000.0,0.0,0.42,0.0,0.0,2449406000.0,1472600000.0,0.0,0.0,976806000.0,0.0,89802000.0,1341264646.02,2173025646.02,20.124856105092256,0.0,0.35310846793059214,0.5873326089909005,0.0,20.124856105092256,0.021585630856987642,44.80889473223532,10.548845801900146,0.9108139657884013,1.036713121716425,0.0,0.024569349604334993,0.012220513871526402,0.0,0.012977432079451099,12.253132528982396,0.0,0.07692307692307684,-0.5977441302266226,-0.6699876091556531,-0.20660081523920196,0.0,0.10444390396442098,0.0,-0.1831505270412767,-0.23088550262549223,-0.23036885660279438,Asset Management,Financial Services,MFIC
2018Q1,2018,Q1,2017-06-30,2017-06-30,28781000.0,27920000.0,0.0,0.39,0.0,0.0,2493443000.0,1477624000.0,0.0,0.0,1015819000.0,0.0,88500000.0,1403847433.2600002,2291831433.26,20.177443366635316,0.0,0.3692380375248201,0.6230773187224896,0.0,20.177443366635316,0.019477891533976166,50.281068526504306,12.19422043414058,0.9500708118303439,1.1449914874396303,0.0,0.023474060798383597,0.011197368457991621,0.0,0.011542674125696878,-207.66973864792902,0.0,2.545454545454546,3.282363150998359,-0.6791309041003695,-0.18944321715392481,0.0,2.5743914555389966,0.0,-0.5201715039268012,-0.5312551626982491,-0.23036513439373865,Asset Management,Financial Services,MFIC
2017Q4,2017,Q4,2017-03-31,2017-03-31,8052000.0,8029000.0,0.0,0.11,0.0,0.0,2410120000.0,1481797000.0,0.0,0.0,928323000.0,0.0,88134000.0,1441195487.04,2278364487.04,20.23442705881206,0.0,0.35203599820755815,0.5725811295339375,0.0,20.23442705881206,0.005433942706052178,179.49875290073484,44.74650667660209,0.9725998143065481,4.092647789369101,0.0,0.02286573910086451,0.0033313693923953994,0.0,0.00334091248568536,8.009622954321886,0.0,-0.26666666666666666,-0.936589620860759,1.0217925303435325,-0.18822488437693746,0.0,-0.2868024800708592,0.0,-0.8758776026154313,-0.8772871591392396,-0.22169768658450092,Asset Management,Financial Services,MFIC
2017Q3,2017,Q3,2016-12-31,2016-12-31,11290000.0,9888000.0,0.0,0.15,0.0,0.0,2635469000.0,1506699000.0,0.0,0.0,1128770000.0,0.0,71901000.0,1290187339.6799998,2272304339.68,20.530172328748517,0.0,0.39232409867086276,0.6862405828901459,0.0,20.530172328748517,0.00749320202641669,130.4801112135922,28.56925021434898,0.8563006543974608,2.9507528786536756,0.0,0.025821056350051257,0.003751893875435454,0.0,0.004283867501382107,89.39148754105175,0.0,-0.7222227366245617,-0.8397535684083874,-0.8933403603182499,-0.15255006919188194,0.0,-0.72539767475799,0.0,-0.8910090999619368,-0.9046437668175767,-0.20118413691015125,Asset Management,Financial Services,MFIC
2017Q2,2017,Q2,2016-09-30,2016-09-30,41114000.0,40920000.0,0.0,0.540001,0.0,0.0,2654564000.0,1541938000.0,0.0,0.0,1112626000.0,0.0,68504000.0,1298243684.3999999,2242925684.3999996,20.6661673169623,0.0,0.38228274021647246,0.6581289260657692,0.0,20.6661673169623,0.02666384770334475,31.72638524926686,7.8941703823515095,0.8419558272771018,1.094858199153573,0.0,0.03467299748182777,0.015414960799588935,0.0,0.015488042480799108,8.482259100709552,0.0,1.947368513388573,1.1349619335527257,-0.6180250900470425,-0.15135822320540854,0.0,1.9769044337784536,0.0,-0.4598571796854383,-0.4606344710973949,-0.16971860373237072,Asset Management,Financial Services,MFIC
2017Q1,2017,Q1,2016-06-30,2016-06-30,-42086000.0,-41323000.0,0.0,-0.570001,0.0,0.0,2786597000.0,1552409000.0,0.0,0.0,1234188000.0,0.0,62282000.0,1251710602.68,2290367602.6800003,20.61262205877155,0.0,0.3943795963320136,0.7079171790423786,0.0,20.61262205877155,-0.02711012368518863,-30.290893756019653,-7.435433414199497,0.806302078047731,-1.0747279380316495,0.0,0.03613534941955214,-0.014829198481158202,0.0,-0.015103009154176223,4.243129939219721,0.0,-0.8348065409128951,-652.6591425899816,-1.3787985466190866,-0.2956903928398674,0.0,-0.7987776210625294,0.0,-3.109713104157873,-2.941862866560694,-0.20174825528883394,Asset Management,Financial Services,MFIC
2016Q4,2016,Q4,2016-03-31,2016-03-31,-23397000.0,-25774000.0,0.0,-0.31066,0.0,0.0,3093287000.0,1645581000.0,0.0,0.0,1447706000.0,0.0,71231000.0,1253970008.1,2562675008.1,21.849743991496666,0.0,0.42919069585201763,0.8067728054711375,0.0,21.849743991496666,-0.014218078599594916,-48.6525183557073,-13.398833270291062,0.7620226583194628,-1.9504209941445485,0.0,0.0363916199791286,-0.008332236872944541,0.0,-0.007563798638794267,10.386307041985207,0.0,0.058606060606060675,-1.1810553787582685,0.6882806055374788,-0.2723782473011201,0.0,0.09215427595840447,0.0,-1.3350721167302797,-1.3515061572150402,-0.0752561201274242,Asset Management,Financial Services,MFIC
2016Q3,2016,Q3,2015-12-31,2015-12-31,-25772000.0,-26493000.0,0.0,-0.33,0.0,0.0,3219294000.0,1724209000.0,0.0,0.0,1495085000.0,0.0,-26783000.0,1208623876.02,2580815876.02,22.340376916030074,0.0,0.43013126480526476,0.8031039160565802,0.0,22.340376916030074,-0.014947143878729318,-45.62049884950741,-11.724195600069843,0.7009729539864367,-1.8178643489057893,0.0,0.038763093241445064,-0.008229444095506655,0.0,-0.008005481947284093,21.616924684230295,0.0,-10.000000000000002,-1.256911691704024,-1.2366189753856605,-0.2348444355870897,0.0,-13.752146536920435,0.0,0.0070584030255429996,-0.17450474940688918,-0.08550012507658465,Asset Management,Financial Services,MFIC
2016Q2,2016,Q2,2015-09-30,2015-09-30,-1747000.0,-2153000.0,0.0,-0.03,0.0,0.0,3302855000.0,1826860000.0,0.0,0.0,1475995000.0,0.0,-29240000.0,1292582768.64,2650229768.6400003,23.23532320611085,0.0,0.4148420078992266,0.7500098529717658,0.0,23.23532320611085,-0.0009562856485992358,-600.3635711286578,-184.9717757069262,0.7075434180178011,-27.103033772180883,0.0,0.03663130992363342,-0.0006518602845114302,0.0,-0.0005289363293272032,15.551177466252799,0.0,-1.3333333333333333,-1.0211289476649292,-1.0193990496602363,-0.19126706206669428,0.0,-1.2733959311424101,0.0,-1.020575065035857,-1.0220912094909789,-0.08397424592181994,Asset Management,Financial Services,MFIC
2016Q1,2016,Q1,2015-06-30,2015-06-30,6390000.0,5415000.0,0.0,0.09,0.0,0.0,3453994000.0,1896650000.0,0.0,0.0,1557344000.0,0.0,-31951000.0,1676127072.9599998,3054109072.96,24.034482021018807,0.0,0.402690334725538,0.733340363272085,0.0,24.034482021018807,0.0033690981467323967,309.53408549584486,65.57617656338027,0.8837302997179237,7.409702660406886,0.0,0.028248454883784305,0.0015677502624497901,0.0,0.001850032165660971,9.500130775369547,0.0,1.6426735218508997,1.0601151982337162,-0.9451106952628303,-0.18370437530065228,0.0,1.5447570332480818,0.0,1.4702459853957883,-0.9422494255550364,-0.034500453286246055,Asset Management,Financial Services,MFIC
2015Q4,2015,Q4,2015-03-31,2015-03-31,-11730000.0,-12816000.0,0.0,-0.14004,0.0,0.0,3560891000.0,1937608000.0,0.0,0.0,1623283000.0,0.0,-35589000.0,1818171740.1599998,3308513740.16,24.5535046739157,0.0,0.4208943772780464,0.7735099153182687,0.0,24.5535046739157,-0.006053856094731236,-141.86733303370787,-38.750463345268535,0.9383589147856531,-4.036487638533674,0.0,0.026041544345988654,-0.003599099214213521,0.0,-0.0032941193650690235,16.018005252140817,0.0,0.4813333333333334,0.05679202698193775,-1.4393852863037524,-0.13310355753132933,0.0,0.3969771745835904,0.0,-1.0857235142508146,0.9677192162036703,-0.01494991493030665,Asset Management,Financial Services,MFIC
2015Q3,2015,Q3,2014-12-31,2014-12-31,-19452000.0,-18373000.0,0.0,-0.27,0.0,0.0,3701174000.0,1996691000.0,0.0,0.0,1704483000.0,0.0,-20137000.0,1756619051.0400002,3317602051.04,25.302208599915677,0.0,0.4292294823210149,0.7956428911634299,0.0,25.302208599915677,-0.009742118334784902,-95.60872209437763,-22.576329568167797,0.879765096872776,-2.4340941805469876,0.0,0.026954051290726797,-0.004964100579978137,0.0,-0.005255629700197829,35.917538410452494,0.0,-1.499999074075789,-1.1711783766223094,-1.1501749398922327,-0.23507033276770808,0.0,-1.4635070412466937,0.0,-1.2567675652522077,-1.1843118278962657,0.044431317182138726,Asset Management,Financial Services,MFIC
2015Q2,2015,Q2,2014-09-30,2014-09-30,41967000.0,41972000.0,0.0,0.540001,0.0,0.0,3833163000.0,2063491000.0,0.0,0.0,1769672000.0,0.0,-29451000.0,1934174885.0400002,3499964885.04,26.148702891959044,0.0,0.41153272114960937,0.7644675939948369,0.0,26.148702891959044,0.02033786432797623,46.082504646907466,11.521998743298308,0.9373313889132544,1.1282436199871329,0.0,0.024480206193464655,0.010949703939018507,0.0,0.010948399533231434,57.09235743078104,0.0,-0.33333292181120766,-0.7503247705068539,-0.6770636544679012,-0.2043368976072467,0.0,-0.3507178662045919,0.0,1.130251887886518,-0.6295638020228518,0.07377828422458595,Asset Management,Financial Services,MFIC
2015Q1,2015,Q1,2014-06-30,2014-06-30,64636000.0,64185000.0,0.0,0.810001,0.0,0.0,3812349000.0,2068873000.0,0.0,0.0,1743476000.0,0.0,-47791000.0,2038340974.32,3597795974.3199997,26.21690397399164,0.0,0.41208661641418454,0.7593593226843793,0.0,26.21690397399164,0.03124213037726337,31.757279338163123,7.8839229466551135,0.9852421943347899,0.7325329537718919,0.0,0.023228694608268628,0.016836076655101617,0.0,0.016954376422515356,-13.212643735220908,0.0,-0.024095180722891553,-0.5372479585265366,-0.5298237666390839,-0.13328063377142377,0.0,-0.07537372147915028,0.0,954.1636734358767,-0.43847319913921917,-0.10419852039059702,Asset Management,Financial Services,MFIC
2014Q4,2014,Q4,2014-03-31,2014-03-31,69905000.0,70506000.0,0.0,0.83,0.0,0.0,3641951000.0,2051611000.0,0.0,0.0,1590340000.0,0.0,-53995000.0,1967318640.72,3324582640.7200003,25.998158697505822,0.0,0.37672115852190213,0.6687427587393516,0.0,25.998158697505822,0.03407322343270727,27.902854235384222,7.035686434160647,0.9589140634944928,0.6429869108075245,0.0,0.022847341081234263,0.01935940379208836,0.0,0.01919438235165712,-11.554994160122638,0.0,-0.38518564060322924,0.4198548713338071,1.0477436812554684,-0.11127224665054626,0.0,-0.3388847907091112,0.0,-0.4837263267514476,1.813820376230764,-0.13423123832550463,Asset Management,Financial Services,MFIC
2014Q3,2014,Q3,2013-12-31,2013-12-31,105738000.0,105849000.0,0.0,1.350001,0.0,0.0,3379700000.0,1925339000.0,0.0,0.0,1454361000.0,0.0,-27392000.0,1905804731.52,3152249731.52,25.700756929559542,0.0,0.373196437553629,0.6551012574928363,0.0,25.700756929559542,0.05491915969083886,18.00493846441629,4.505959852465528,0.9898541147922522,0.4250884261098186,0.0,0.02358478770495607,0.03131905198686274,0.0,0.031286208835103704,-15.540336699827131,0.0,0.3636359963272764,1.1408645278566916,-0.3124074761026902,-0.13092738554283986,0.0,0.3835525024533857,0.0,0.08593781251319106,-0.026035097307171955,-0.11975177284651349,Asset Management,Financial Services,MFIC
2014Q2,2014,Q2,2013-09-30,2013-09-30,76425000.0,76174000.0,0.0,0.990001,0.0,0.0,3139816000.0,1864644000.0,0.0,0.0,1275172000.0,0.0,-32127000.0,1831640160.6,2907826160.6,24.890558080505105,0.0,0.3446921730445351,0.5804164226522597,0.0,24.890558080505105,0.04098637595165619,24.045476942263765,5.991626302257115,0.9823001927445668,0.5881452404317958,0.0,0.024540300527848124,0.024260657312403018,0.0,0.02434059830257569,19.749845383968427,0.0,2.6666703703703702,1.203248736128616,-0.5344664271749012,-0.3958060948828248,0.0,3.0642948308870452,0.0,-0.029901875824321064,-0.2796584905600393,-0.13365465224291043,Asset Management,Financial Services,MFIC
2014Q1,2014,Q1,2013-06-30,2013-06-30,18804000.0,20059000.0,0.0,0.27,0.0,0.0,3153678000.0,1833168000.0,0.0,0.0,1320510000.0,0.0,-36764000.0,1661210857.8,2769617857.8,25.82220733664651,0.0,0.35688202790519513,0.6139595498066734,0.0,25.82220733664651,0.01025765232646435,82.81623499675956,22.08587079610721,0.9061967358147206,2.1579451180599873,0.0,0.02442676064237798,0.006360509855476685,0.0,0.0059625618087832686,-17.93460645822987,0.0,-0.689655172413793,-0.8387789232070106,-0.8641681862276837,-0.5014708480807283,0.0,-0.7143117593436645,0.0,1.196642412088288,-0.7739824972910125,-0.12298692975574949,Asset Management,Financial Services,MFIC
2013Q4,2013,Q4,2013-03-31,2013-03-31,65820000.0,69117000.0,0.0,0.87,0.0,0.0,2944312000.0,1677389000.0,0.0,0.0,1266923000.0,0.0,-44183000.0,1763439218.28,2913309218.2799997,23.627887101569605,0.0,0.3926441898820505,0.6892062604440592,0.0,23.627887101569605,0.039239556238892706,25.513827542862103,6.697961175478579,1.0513000969244464,0.6165147371619568,0.0,0.023011283620866393,0.0234747540342192,0.0,0.022354967815910814,-14.450984751821288,0.0,3.6363636363636362,1.2496728180991687,1.162882845749709,-0.45562705505057427,0.0,3.8939500527611677,0.0,6.883162630857649,1.6340342347104522,-0.16578380384279617,Asset Management,Financial Services,MFIC
2013Q3,2013,Q3,2012-12-31,2012-12-31,-22744000.0,-19766000.0,0.0,-0.33,0.0,0.0,2779498000.0,1652147000.0,0.0,0.0,1127351000.0,0.0,-31337000.0,1696169980.56,2693423980.56,24.4290650317486,0.0,0.3745079147385607,0.6300553159010669,0.0,24.4290650317486,-0.013766329509420167,-85.81250534048365,-18.64414769345761,1.026645922281734,-1.7841188884980654,0.0,0.02392330984811024,-0.007111356079407145,0.0,-0.00818277257260124,-76.13996411365983,0.0,-1.3142854149662715,0.46619329887593214,-1.1406046350830203,-0.5299844562189155,-1.0,-1.3114080727312558,-1.0,-1.2335404309155127,-1.188515372602726,-0.26146697780391587,Asset Management,Financial Services,MFIC
2013Q2,2013,Q2,2012-09-30,2012-09-30,73036000.0,83832000.0,57011000.0,1.050001,83832000.0,1.0,2785105000.0,1715469000.0,109016000.0,134916000.0,1069636000.0,0.0,-32839000.0,1570377470.04,2498570470.04,25.36536020157331,0.8080286993388479,0.33561391760813325,0.5448772318240668,,25.36536020157331,0.042574945976872794,18.73243475093043,5.375354174790513,0.9154216543930552,0.5555890245906129,0.0,0.02583964732948341,0.03010012189845625,0.5897224939962643,0.026223786894928557,38.103934924417054,1.0,6.833338888888888,2.636254163690139,-0.4495018699924073,-0.5951732232745786,0.04355619732861962,7.273492527057207,0.04975234307389199,-0.49299166290047103,-0.24737666836567745,-0.22817275967062506,Asset Management,Financial Services,MFIC
2013Q1,2013,Q1,2012-06-30,2012-06-30,-11642000.0,80333000.0,54309000.0,-0.18,80333000.0,1.0,2885693000.0,1683011000.0,306109000.0,182795000.0,1202682000.0,0.0,-36742000.0,1555682192.6100001,2474201192.61,24.893312589140365,1.674602697010312,0.35342879509358754,0.6059895033365795,0.020092878088629317,24.893312589140365,-0.0069173641764670585,19.365418851654987,-33.40667824707954,0.9243446374444375,-3.385071293592166,0.0,0.025332294852512715,0.027838373659290854,1.5177329795672747,-0.004034386194234799,18.70619730424222,1.0,-1.1111111111111112,-1.0333713058997294,-0.4510495606755543,-0.5677031639633309,-0.05708014460772806,-1.0993065092593381,-0.049678028977392034,-1.0972858399058398,-0.3131383332757836,-0.17703798541607102,Asset Management,Financial Services,MFIC
2012Q4,2012,Q4,2012-03-31,2012-03-31,117233000.0,-340142000.0,57148000.0,1.62,85196000.0,0.2504718617518566,2775263000.0,1685231000.0,98183000.0,80695000.0,1090032000.0,0.0,-34896000.0,1454268751.1100001,2460927751.11,24.926148473129174,1.2167172687279262,0.3636905763525835,0.5989309477454426,,24.926148473129174,0.06956494391570058,-4.275475392953531,3.1012358958441735,0.8629492046550296,0.47061834125203655,0.0,0.03793796707650415,-0.12256207790036476,1.0005700477105148,0.04224212263846706,5.415343185562251,-0.2504718617518566,0.7419336108240746,-0.4188570159913101,-2.182480088326706,-0.5358763788865898,0.016476764302332518,0.8404791434447462,0.03036203663637675,1.7792893365472486,0.7311572971264486,-0.14791812028194706,Asset Management,Financial Services,MFIC
2012Q3,2012,Q3,2011-12-31,2011-12-31,63697000.0,83815000.0,55464000.0,0.930001,83815000.0,1.0,2942936000.0,1607407000.0,164081000.0,122344000.0,1335529000.0,0.0,23271000.0,1281900837.0,2494450837.0,24.22582335828524,1.3411446413391748,0.41223628376560006,0.7547466198666548,,24.22582335828524,0.039627175942371785,15.294408363658057,5.0312449448168675,0.7974961145497065,0.7862850683705669,0.0,0.03907010476505368,0.02848006208765668,1.178472176812921,0.02164403167449105,26.431490071960248,1.0,1.2279411980968646,-0.5362318860274742,-0.4814953699196561,-0.5049966365191147,-0.10817080048094828,1.2383423760523855,-0.11789684622357936,1.0958083841371555,-0.38527606844652157,-0.18080235142229664,Asset Management,Financial Services,MFIC
2012Q2,2012,Q2,2011-09-30,2011-09-30,-267250000.0,93981000.0,62877000.0,-4.080004,93981000.0,1.0,2938047000.0,1593976000.0,110742000.0,120598000.0,1344071000.0,0.0,39905000.0,1476676418.3999999,2692451418.3999996,24.352050396364614,0.9182739348911259,0.41642390336165486,0.7675604902457753,,24.352050396364614,-0.1676624993099018,15.712499530756215,-1.3813624119738073,0.9264106977771309,-0.18661178671655754,0.0,0.0337731403972964,0.03198757541999839,0.7311729879434153,-0.0909617851586445,22.81532713872966,1.0,-4756.249417249417,-2.3609738711517605,-0.3232673160718632,-0.5015230738983312,-0.0064593200270636,-4773.321428571428,-0.011569962114662097,0.18656066441881863,-0.34264592991290344,-0.4088778411877533,Asset Management,Financial Services,MFIC
2012Q1,2012,Q1,2011-06-30,2011-06-30,56000.0,94592000.0,63613000.0,0.000858,94592000.0,1.0,3259302000.0,1911232000.0,136042000.0,98867000.0,1348070000.0,0.0,49363000.0,2000279928.6299999,3241458928.63,29.26642182531672,1.376010195515187,0.3832731670768772,0.6536113878377926,0.02012792542798697,29.26642182531672,2.9300472156179887e-05,21.146396403818503,8929.821109955357,1.0465918991676573,888.0892857142857,0.0,0.02486302006442785,0.029022164868428884,1.1132430436849505,1.7181592868657153e-05,-13.885914909511214,1.0,-0.9995011627906977,-0.9996751821556256,-0.20362447821983884,-0.3799975514414045,-0.0012880883501911015,-0.9995002320351265,-0.005782786052545208,-0.9994780550196459,-0.3036753767503549,-0.43497609394605646,Asset Management,Financial Services,MFIC
2011Q4,2011,Q4,2011-03-31,2011-03-31,112052000.0,-71695000.0,63983000.0,1.72,94714000.0,1.3210684148127485,3148813000.0,1961031000.0,98655000.0,134339000.0,1187782000.0,0.0,56557000.0,2364679602.21,3411768602.21,30.028986778435414,0.7343734879670089,0.33455241705366434,0.5371883463341477,0.021225261853311722,30.028986778435414,0.057139331300729054,-32.982489744194154,5.275853180242209,1.2058348910394583,0.44029557705351086,0.0,0.02086371445581515,-0.02276889735910008,0.5300620073098653,0.03558547300204871,-12.040917179904984,-1.3210684148127485,0.3333322997424033,0.0940583117798382,-2.069213956134258,-0.3418969140865143,0.004198562310481563,0.325996402537158,0.00667096713290014,1.4620597312504977,0.8163273629975752,-0.308149395832422,Asset Management,Financial Services,MFIC
2011Q3,2011,Q3,2010-12-31,2010-12-31,84504000.0,94318000.0,63559000.0,1.290001,94318000.0,1.0,3190005000.0,1898249000.0,274233000.0,291862000.0,1291756000.0,0.0,82675000.0,2159142471.09,2947425471.09,29.197169771837746,0.9395981662566556,0.3134459036898061,0.5267454375058277,0.021930939915663236,29.197169771837746,0.04451681523340721,22.89215707595581,6.387693100592872,1.1374390141072115,0.5728367887910631,0.0,0.022419548801502983,0.029566724817045743,0.8672420527509577,0.026490240610908135,6.758048624347402,1.0,0.22857121088456106,-0.18253854995940264,-0.1821690703375919,-0.32711218137922216,0.030809079880654434,0.2396796056685151,0.04307939738077264,3.0631169985849915,-0.3020812831072819,-0.43824605610799844,Asset Management,Financial Services,MFIC
2011Q2,2011,Q2,2010-09-30,2010-09-30,68166000.0,91499000.0,60934000.0,1.050001,91499000.0,1.0,3054634000.0,1862314000.0,102664000.0,98901000.0,1192320000.0,0.0,87161000.0,1989327150.3600001,3055042150.36,28.730526625375322,1.0380481491592604,0.3579541771616501,0.5871292381413661,,28.730526625375322,0.03660285000273853,21.741517944021247,7.295892198310008,1.068201791083566,0.7126866766423143,0.0,0.024420819869275148,0.029954161447819934,0.839758950870062,0.02231560311317166,-8.638769277094308,1.0,1.777777942386709,-0.29040612897926527,-0.120806565474313,-0.3330243628445235,0.16934618137204785,1.8085161902502669,0.20135644013327814,2.593360746924317,-0.37310488259032926,-0.541465747186465,Asset Management,Financial Services,MFIC
2011Q1,2011,Q1,2010-06-30,2010-06-30,-84310000.0,78248000.0,50721000.0,-1.350001,78248000.0,1.0,3135023000.0,1842902000.0,286727000.0,299087000.0,1292121000.0,0.0,91428000.0,1751934405.6,2526020405.6,29.44335519361753,0.9586742319124536,0.31675493289841894,0.538842542902444,,29.44335519361753,-0.0457484988349896,22.389510346590328,-5.194918768829321,0.950638940974615,-0.5278733246352746,0.0,0.02540334835467655,0.02495930651864436,0.8858124893425658,-0.02689294464506321,-4.742674312259406,1.0,-7.5665397550605995,-3.069105894156271,-0.02596935637502914,-0.31167010939445355,-0.10733883203851376,-7.547242497972425,-0.13384791406957086,-1.2610441799717969,-0.42243387186987014,-0.48868720276073824,Asset Management,Financial Services,MFIC
2010Q4,2010,Q4,2010-03-31,2010-03-31,-9864000.0,23135000.0,58559000.0,-0.15759,87657000.0,3.788934514804409,3465116000.0,1772806000.0,611536000.0,631694000.0,1692310000.0,0.0,104878000.0,2390367093.6,2963398093.6,28.323457648521906,0.9680889797908481,0.3060838367315842,0.5982696358202759,,28.323457648521906,-0.005564060590950166,103.32254564944888,-60.58310760340632,1.3483523259736259,-4.461678832116788,0.0,0.018411398030801607,0.006676544161869328,0.929985087716521,-0.002846657947381848,-23.57852310241766,3.788934514804409,-1.1094374240017888,-1.2663357429074755,-0.6389018596967975,-0.3392631668174068,0.023827043694593365,-1.124039586031714,0.06212137700874234,-1.0528172156051907,-0.9131254840237165,-0.4726186542435357,Asset Management,Financial Services,MFIC
2010Q3,2010,Q3,2009-12-31,2009-12-31,79523000.0,85617000.0,55134000.0,1.440001,85617000.0,1.0,3430936000.0,1826698000.0,608761000.0,656573000.0,1604238000.0,0.0,115035000.0,1580518035.0,2020057035.0,33.077823601044834,0.9271794606235712,0.276211797596924,0.5187858091485292,0.0193921008417308,33.077823601044834,0.04353374230442032,18.460329549038157,4.9687450014461225,0.8652322578773284,0.5172968826628774,0.0,0.0260275422924864,0.024954414771945616,0.8890816405791893,0.023178223085478716,3.840636741388737,1.0,-0.3239438272827913,0.1822660179301262,1.162479294520307,-0.23389117950044344,0.01438337499851901,-0.2714738539338195,-0.011917776304234844,-0.3043478281776496,-0.36363193345464434,-0.32412476979673793,Asset Management,Financial Services,MFIC
2010Q2,2010,Q2,2009-09-30,2009-09-30,109156000.0,84403000.0,55799000.0,2.130002,84403000.0,1.0,2706358000.0,1684180000.0,60089000.0,119866000.0,1022178000.0,0.0,114079000.0,1468223599.05,2366622599.05,32.8640385777894,0.5013014532895066,0.33340452371785256,0.5357574606039734,,32.8640385777894,0.06481254972746381,17.39539588699454,3.3626726864533327,0.8717735628317638,0.2962732236432262,0.0,0.022026617758306898,0.031186930923403335,0.47311998398211336,0.04033317099954995,40.09677469617937,1.0,0.2033896006897168,6.634408796644178,3.342755553017743,-0.2212085605109105,0.022310776274512178,0.2921692808523232,0.025754623331740136,-0.2899999874172313,-0.22372849649934268,-0.3272860123520155,Asset Management,Financial Services,MFIC
2010Q1,2010,Q1,2009-06-30,2009-06-30,84475000.0,82561000.0,54398000.0,1.770002,82561000.0,1.0,2608086000.0,1443635000.0,92887000.0,92552000.0,1164451000.0,0.0,108526000.0,857635159.77,1924418159.77,30.248434493936955,1.003619586826865,0.41099066518512045,0.7425000086586984,,30.248434493936955,0.05851548348439876,10.387896946136795,2.5381330564368154,0.5940803317805401,0.4377389760284108,0.0,0.04311623605766902,0.03165578128942067,0.9614162848992999,0.03238965279519157,21.526986942018073,1.0,1.8548419354838712,41.142856094914045,8.341719955218647,-0.2864287699198179,-0.031803736235385176,1.8370163890381515,-0.0568837878603998,-0.329545463608839,-0.048896632157541406,-0.35919383779666286,Asset Management,Financial Services,MFIC
2009Q4,2009,Q4,2009-03-31,2009-03-31,29776000.0,-893125000.0,57679000.0,0.62,85273000.0,0.09547711686494052,2548639000.0,1396138000.0,102741000.0,94900000.0,1152501000.0,0.0,96174000.0,498258824.03999996,1549252824.04,29.253231486834384,1.0826238145416227,0.41496696864483357,0.7575189558625294,,29.253231486834384,0.021327404597539786,-0.5578825181693492,4.183392867074153,0.35688364906620973,3.358409457281032e-05,0.0,2.0069890421443305e-06,-0.3504321326009686,1.0306322444678608,0.011683098312471872,4.825003622102144,-0.09547711686494052,1.0618761857523096,0.0543946389739155,-19.282199225318305,-0.3175731659309977,-0.12562932581389388,1.06261473725825,-0.13194172711675647,-0.6021892696398722,-19.2254087068894,-0.35889805218961457,Asset Management,Financial Services,MFIC
2009Q3,2009,Q3,2008-12-31,2008-12-31,-475543000.0,97525000.0,66446000.0,-10.02001,97525000.0,1.0,2627194000.0,1403497000.0,90573000.0,61227000.0,1223697000.0,0.0,-41316000.0,1325539198.62,2484801198.62,29.572623164075583,1.4792983487677005,0.4424758887238628,0.8282668220879703,,29.572623164075583,-0.3388272294133867,13.591788757959497,-0.6968555938264258,0.9444546006297129,-0.15551905926488246,0.0,0.05579314446301893,0.03712135457069406,1.4188184951083673,-0.18100794992680402,8.290889976920045,1.0,-0.9962819783333889,-9.226600953628513,1.8662633968859894,-0.31507442192804436,-0.058157165345205555,-0.9984828873050027,-0.06275477819310248,-7.30188673030631,0.15844572787529818,-0.3184593559145988,Asset Management,Financial Services,MFIC
2009Q2,2009,Q2,2008-09-30,2008-09-30,-237952000.0,103547000.0,70895000.0,-5.019336,103547000.0,1.0,3693332000.0,1952996000.0,500834000.0,83109000.0,1740336000.0,0.0,-20147000.0,2424871323.6,3670941323.6,41.19630779075456,6.026230612809684,0.44870783346853194,0.8485562694444843,,41.19630779075456,-0.12183947125339735,23.418074146039963,-2.5476475545488166,1.2416161239449544,-0.3107979760623991,0.0,0.03049852554246273,0.02803620145711244,5.974407103923763,-0.06442746008211556,-2.1009436324600452,1.0,-4.042018130887114,-18.99043532829195,4.759297810134408,-0.023755654069846817,0.13839202277949406,-4.3122494432071266,0.17707122696330732,-4.386863290348675,0.3604164397266256,-0.04363278837626611,Asset Management,Financial Services,MFIC
2009Q1,2009,Q1,2008-06-30,2008-06-30,71840000.0,90959000.0,60230000.0,1.650002,90959000.0,1.0,4284600000.0,2264903000.0,975736000.0,1054008000.0,2019697000.0,0.0,-2683000.0,1879811262.9,1941373262.9,51.7967850771302,0.9257387040705574,0.22538603370209587,0.42637101897962076,,51.7967850771302,0.031718797670363806,20.666577940610605,6.541659461650892,0.8299742915701026,1.1598413140311803,0.0,0.044325194579086055,0.02122928628109975,0.9210537301424657,0.016767026093450963,2.145455073768836,1.0,1.4443312822308096,38.11738245062919,10.233246115810035,0.22190441456053137,0.0,1.4424271910430664,-0.5420294263011823,1.5237021237329642,0.6207394094225928,0.2109107529154365,Asset Management,Financial Services,MFIC
2008Q4,2008,Q4,2008-03-31,2008-03-31,-162377000.0,-261365000.0,131515000.0,-3.71345,0.0,0.0,3724324000.0,1897908000.0,490776000.0,187294000.0,1826416000.0,0.0,24959000.0,2076581457.9,3300721457.9,43.403860020568665,2.6203508921802086,0.44011262178048954,0.8636467099564362,,43.403860020568665,-0.08555578036448552,-7.945139777322901,-3.197160709182951,1.0941423176992773,-0.26657100451418614,0.0,0.020844354472746348,-0.07017783629995672,2.588870972908903,-0.043599053143604044,-2.3263083309154418,0.0,-4.8943557232448835,-7.275799271479392,-6.8394415892664,0.01253630025597272,0.0,-5.341117663138985,2.7836243850513536,-7.275799271479392,-6.8394415892664,0.01253630025597272,Asset Management,Financial Services,MFIC
2008Q3,2008,Q3,2007-12-31,2007-12-31,-25607000.0,84488000.0,34759000.0,-0.630001,0.0,0.0,4192087000.0,2112576000.0,0.0,0.0,2079511000.0,0.0,-27255000.0,2079042439.6499999,3314202439.6499996,51.975015198915926,0.0,0.4940145564727068,0.9802970402011573,,51.975015198915926,-0.01212122072768033,24.607547103138906,-20.297598700062483,0.9841266963413388,-2.4226188151677275,0.0,0.029838736726530486,0.020154161876888527,0.0,-0.006108413303445277,-21.998121253306525,0.0,0.04545447658412626,-1.5172413810144285,1.8993396249808687,0.2037828748875199,0.0,-0.10489299275112185,-0.36265287786273537,-1.5172413810144285,1.8993396249808687,0.2037828748875199,Asset Management,Financial Services,MFIC
2008Q2,2008,Q2,2007-09-30,2007-09-30,-23176000.0,79069000.0,54537000.0,-0.660001,0.0,0.0,3935122000.0,2200219000.0,0.0,0.0,1734903000.0,0.0,-6719000.0,2182755610.56,3151219610.56,62.65731828993531,0.0,0.42403767913675866,0.7583972322755144,,62.65731828993531,-0.010533496892809307,27.60570654188114,-23.54543073179151,0.9920628858127304,-1.9262599240593719,0.0,0.020452587446812952,0.02009315086037993,0.0,-0.0058895251532226954,-6.526325325934209,0.0,-1.1279070466016992,-3.3655914799906266,4.937275668385266,0.4848139552307909,0.0,-1.130405914855786,0.35324185504081784,-3.3655914799906266,4.937275668385266,0.4848139552307909,Asset Management,Financial Services,MFIC
2008Q1,2008,Q1,2007-06-30,2007-06-30,177722000.0,74550000.0,40301000.0,5.160005,0.0,0.0,3721555000.0,1983315000.0,0.0,0.0,1738240000.0,0.0,-14313000.0,2223589335.84,3026951335.84,57.58384173560968,0.0,0.4252974898933376,0.7980416625699901,,57.58384173560968,0.08960855940685165,29.82681872354125,3.1279038833684067,1.1211478438069595,0.24844419936755158,0.0,0.019857083899586184,0.020031949010561444,0.0,0.04775476917578808,-3.9201187109877034,0.0,0.7315453020134228,121.8571385112596,10.68861317682639,0.3584231206496888,0.0,0.7293683770081836,1.1758449411510636,121.8571385112596,10.68861317682639,0.3584231206496888,Asset Management,Financial Services,MFIC
2007Q4,2007,Q4,2007-03-31,2007-03-31,102767000.0,146539000.0,18522000.0,2.98,0.0,0.0,3523218000.0,1849748000.0,0.0,0.0,1673470000.0,0.0,-16283000.0,2211190138.8,2097862138.8000002,53.705839003265005,0.0,0.2794672370543066,0.5323016973122825,,53.705839003265005,0.05555729753458309,15.089431064767743,5.379134690124261,1.195400745831324,0.41691398989948136,0.0,0.019376443141724452,0.04159237379009757,0.0,0.029168504475170144,2.849581992602807,0.0,0.43961213564044854,4.042593401710877,3.156548514201578,0.2528634895776352,0.0,0.8036576162311108,-0.4658245371171483,4.042593401710877,3.156548514201578,0.2528634895776352,Asset Management,Financial Services,MFIC
2007Q3,2007,Q3,2006-12-31,2006-12-31,56977000.0,67058000.0,34674000.0,2.070002,0.0,0.0,2646074000.0,1347098000.0,0.0,0.0,1298976000.0,0.0,-19956000.0,,,,,,,,,,,,,,,,,,,,,,,,,,,,,,,Asset Management,Financial Services,MFIC
2007Q2,2007,Q2,2006-09-30,2006-09-30,81266000.0,57473000.0,-20133000.0,3.000003,0.0,0.0,2732565000.0,1323359000.0,0.0,0.0,1409206000.0,0.0,-16988000.0,,,,,,,,,,,,,,,,,,,,,,,,,,,,,,,Asset Management,Financial Services,MFIC
2007Q1,2007,Q1,2006-06-30,2006-06-30,71156000.0,49023000.0,-14518000.0,2.640003,0.0,0.0,2541182000.0,1272282000.0,0.0,0.0,1268900000.0,0.0,-12445000.0,,,,,,,,,,,,,,,,,,,,,,,,,,,,,,,Asset Management,Financial Services,MFIC
