Quarters,Year,Quarter,FillingDate,Date,NetIncome,Revenue,OperatingIncome,EPSDiluted,GrossProfit,GrossProfitRatio,TotalAssets,CommonStockEquity,CurrentAssets,CurrentLiability,TotalLiability,Inventory,RetainedEarnings,MarketCap,EnterpriseValue,bookValuePerShare,currentRatio,debtToAssets,debtToEquity,roic,shareholdersEquityPerShare,roe,priceToSalesRatio,peRatio,pbRatio,payoutRatio,inventoryTurnover,dividendYield,assetTurnover,quickRatio,returnOnAssets,priceToFreeCashFlowsRatio,grossProfitMargin,epsdilutedGrowth,fiveYNetIncomeGrowthPerShare,fiveYRevenueGrowthPerShare,fiveYShareholdersEquityGrowthPerShare,grossProfitGrowth,netIncomeGrowth,operatingIncomeGrowth,threeYNetIncomeGrowthPerShare,threeYRevenueGrowthPerShare,threeYShareholdersEquityGrowthPerShare,Industry,Sector,Symbol
2023Q1,2023,Q1,2023-02-24,2023-03-31,9763000000.0,171054000000.0,146287000000.0,152.69,171054000000.0,1.0,2430129000000.0,632701000000.0,335692.0,684.0,1797312000000.0,0.0,62321000000.0,1138795265.3999999,-206790204734.59998,9895.02253158911,490.77777777777777,0.036903390725348324,0.14174151771531893,0.1290262696675299,9895.02253158911,0.015430669463142938,0.006657519060647514,0.029160997270306258,0.0017998948403748372,,0.0,,0.07038885590024234,490.77777777777777,0.004017482199504635,0.0,1.0,1.8590638010577247,1.886601716829258,14.865062291202971,12.229981055219776,-0.28921585238547315,-0.4644506123409054,-0.5528953702333468,0.3792321072629187,6.086030859011808,4.310298564433598,Banks—Regional,Financial Services,BMA
2022Q4,2022,Q4,2022-12-31,2022-12-31,18229878000.0,179733459000.0,327187397000.0,-177.74,240655339000.0,1.3389568105,2090455000000.0,512410000000.0,303844.0,4452.0,1577960000000.0,0.0,43176000000.0,0.0,-175243000000.0,0.0,68.24887690925426,0.03580368867064826,0.14606662633438067,0.4212430602309788,0.0,0.035576741281395756,0.0,0.0,0.0,0.341097565216838,0.0,,0.08597815260314143,81578925.42677449,0.008720531176227186,0.0,1.3389568104845744,-2.2820253894979805,-1.0,-1.0,-1.0,1.0237574434401147,1.0564977755155776,2.6690643894355897,-1.0,-1.0,-1.0,Banks—Regional,Financial Services,BMA
2022Q3,2022,Q3,2022-09-30,2022-09-30,8864526000.0,118915110000.0,89174613000.0,138.64,118915110000.0,1.0,1765122105000.0,424835268000.0,334889673000.0,0.0,1340222963000.0,0.0,22653176000.0,912442351.0,-135079512649.0,6644.144989232312,0.0,0.03686333643190084,0.15316122483503417,0.09666182362146526,6644.144989232312,0.020865795915983133,0.007673056443373765,0.025732970691269896,0.0021477556590240527,0.6310661167895497,0.0,6.130910072147671,0.06736933930131705,0.0,0.005022046902528593,0.005202242683984504,1.0,0.7527180783817952,2.388849580871901,12.04153229314595,10.066399317956995,0.5076159797637464,1.137250396672221,0.8115018096712454,-0.3263378803153404,4.288624204655209,4.562512200750857,Banks—Regional,Financial Services,BMA
2022Q2,2022,Q2,2022-06-30,2022-06-30,4147631000.0,78968740000.0,49226897000.0,79.1,78876260000.0,0.9988289037,1376116613000.0,339320308000.0,175530662000.0,239487000.0,1036761588000.0,0.0,11304347000.0,715680000.0,-126412103000.0,5310.176964006259,732.9444270461445,0.03965747487128113,0.16083125210413282,0.08298054770186089,5310.176964006259,0.012223350333632256,0.009062826632411761,0.04313787798384185,0.002109157580983924,,0.0,,0.0573852094030348,871.3252034557199,0.003014011284231186,0.0,0.998828903690245,-0.15868964050202086,0.7349279276954399,7.629283389934678,7.808725587704777,0.21493884969655894,-0.3096486351531292,0.42550305504879393,-0.4098360119227001,3.027927982793638,4.39417303848965,Banks—Regional,Financial Services,BMA
2022Q1,2022,Q1,2022-03-31,2022-03-31,6008000000.0,64922000000.0,34533000000.0,94.02,64922000000.0,1.0,1140634000000.0,282328000000.0,175728000000.0,0.0,858274000000.0,0.0,27147000000.0,1105470000.0,-125301530000.0,4418.278560250391,0.0,0.043067276619844753,0.17399620299793148,0.08253635098775973,4418.278560250391,0.02128021308548922,0.017027663965989957,0.04599991677762983,0.003915552123770934,,0.0,,0.05691746870600035,0.0,0.005267246110496443,0.0,1.0,-0.6383846153846154,2.115664918270891,8.409878234743736,9.820144222301748,-0.061590275067574404,-0.6383772721800891,-0.06990251065721556,-0.18129652357104176,2.055904136561458,3.550273538076111,Banks—Regional,Financial Services,BMA
2021Q4,2021,Q4,2021-12-31,2021-12-31,16614000000.0,133679000000.0,37128366000.0,260.0,69183000000.0,0.5175308014,997701000000.0,238569000000.0,236176128000.0,0.0,759095000000.0,0.0,18202000000.0,895878000.0,-126472122000.0,3733.474178403756,0.0,0.04506861274069085,0.18847796654217439,0.10149263514289908,3733.474178403756,0.06964022987060348,0.006701710814712857,0.01348076923076923,0.00375521547225331,0.0,0.0,0.0,0.1339870361962151,0.0,0.016652283599996393,0.25787986400741736,0.5175308013973773,1.260476438880195,7.964443655312806,18.697054813614788,8.871644469168343,0.6682796931202604,1.2591012654991969,0.3338491972752066,2.4890751348930147,4.3028439995751855,2.9273634516570515,Banks—Regional,Financial Services,BMA
2021Q3,2021,Q3,2021-09-30,2021-09-30,7354252000.0,41469665000.0,27835505000.0,115.02,41469665000.0,1.0,899121331000.0,206846723000.0,0.0,0.0,692271747000.0,0.0,6958176000.0,1086362687.0,-119924752313.0,3234.9470999182063,0.0,0.05004534699444251,0.21753711321788743,0.10580685947741575,3234.9470999182063,0.03555411414470414,0.026196562885183662,0.03692974781799699,0.005252017877024814,0.0,0.0,0.0,0.0461224348374402,0.0,0.00817937662742427,0.035335325903465935,1.0,0.5929203539823009,3.117534969834057,6.049509430789179,8.263923702078948,0.0,0.5928513444556205,0.0,0.9894815126313835,2.1496539689763776,3.20327016454632,Banks—Regional,Financial Services,BMA
2021Q2,2021,Q2,2021-06-30,2021-06-30,4617036000.0,38317561000.0,0.0,72.207,0.0,0.0,810893203000.0,182494781000.0,0.0,0.0,628395915000.0,0.0,-362426000.0,961037739.0,-99592448261.0,2854.098696773447,0.0,0.0529186024019491,0.23513732702306703,0.0,2854.098696773447,0.025299550895102035,0.025080869291236988,0.05203759181214961,0.005266110810040096,0.0,0.0,0.0,0.047253523470463715,0.0,0.005693765816409241,-0.4065172773633335,0.0,1.1107640900526026,1.3379059506729358,5.43213887905094,7.883932600449472,0.0,1.110776258546817,0.0,0.5519923557168857,2.546391747301918,2.811450437769802,Banks—Regional,Financial Services,BMA
2021Q1,2021,Q1,2021-03-31,2021-03-31,2187364000.0,35877783000.0,0.0,34.208939,0.0,0.0,765793275000.0,170034757000.0,0.0,0.0,595756336000.0,0.0,-27455594000.0,853616355.0,-108180058645.0,2659.2320925598947,0.0,0.058085403009056194,0.2616018735510646,0.0,2659.2320925598947,0.012864216931835884,0.023792338422917603,0.09756222043976219,0.005020246272354775,0.0,0.0,0.0,0.04685048063395438,0.0,0.0028563374364968144,0.1445119530731141,0.0,-0.6832505648148148,0.4206357219737531,6.386643199656434,7.806175566714963,0.0,-0.49704207863876754,0.0,-0.3532671691453714,2.3276253010388106,2.555483587196015,Banks—Regional,Financial Services,BMA
2020Q4,2020,Q4,2020-12-31,2020-12-31,4349000000.0,45816000000.0,0.0,108.0,0.0,0.0,774529063000.0,151543943000.0,0.0,0.0,622983252000.0,0.0,-64641548000.0,994923000.0,-88569843000.0,2371.579702660407,0.0,0.05216424009127208,0.2666072902695953,0.0,2371.579702660407,0.028697946707114518,0.021715623363017286,0.05719263048976777,0.006565244247340192,9.197516670498965e-06,0.0,4.0204116298447215e-05,0.05915336452649034,0.0,0.005615024932899128,0.043476393244390496,0.0,0.13663075176600065,1.0225454605669655,7.443639611020326,7.731299927809693,0.0,-0.28418038654259126,0.0,0.5124577376477527,3.9203085300501312,2.680035057842231,Banks—Regional,Financial Services,BMA
2020Q3,2020,Q3,2020-09-30,2020-09-30,6075553000.0,20164895000.0,0.0,95.017665,0.0,0.0,730723403000.0,133922302000.0,0.0,0.0,596799479000.0,0.0,-24468423000.0,914360590.0,-74420148410.0,2094.456978509977,0.0,0.051454524168291896,0.28075252917919524,0.0,2094.456978509977,0.045366252739592244,0.045344178087711344,0.037624582898050596,0.006827545347898815,4.444039908795133e-06,0.0,2.952883172709795e-05,0.027595797421038668,0.0,0.00831443604386652,0.030038521859682782,0.0,-0.05001334733053392,4.027699142945861,3.7518800371946277,7.801431395839145,0.0,-0.05001352532519416,0.0,1.322643674079699,1.2115030573524033,2.488499621250914,Banks—Regional,Financial Services,BMA
2020Q2,2020,Q2,2020-06-30,2020-06-30,6395410000.0,23542992000.0,0.0,100.02,0.0,0.0,625359581000.0,119200330000.0,0.0,0.0,506157821000.0,0.0,-28372108000.0,1186111115.0,-68201363885.0,1864.214990937,0.0,0.05518300038646086,0.2895060609312072,0.0,1864.214990937,0.05365261992143814,0.05038064469460806,0.046365718343311844,0.009950569054632652,0.0,0.0,0.0,0.03764712769308319,0.0,0.01022677223522062,0.03491091501413112,0.0,-0.09647696476964776,6.1060862759970425,5.742690983421797,7.50971876703386,0.0,-0.09592733955329376,0.0,1.673431829243069,1.5709911076381156,2.092431458114816,Banks—Regional,Financial Services,BMA
2020Q1,2020,Q1,2020-03-31,2020-03-31,7074000000.0,24124000000.0,0.0,110.7,0.0,0.0,506782000000.0,119069000000.0,0.0,0.0,387712000000.0,0.0,10572000000.0,1085022000.0,-90166978000.0,1863.3646322378718,0.0,0.06327967449514782,0.2693312281114312,0.0,1863.3646322378718,0.05941092979700846,0.044976869507544356,0.03834541984732825,0.009112548186345732,0.0,0.0,0.0,0.047602322102994976,0.0,0.013958664672383787,0.037630066902821474,0.0,0.016902443505419838,4.807978171130769,5.019068624471625,7.640734143406854,0.0,0.01696377228292122,0.0,2.6684776351278763,2.496563607636208,3.5632872134724396,Banks—Regional,Financial Services,BMA
2019Q4,2019,Q4,2019-12-31,2019-12-31,6956000000.0,36763000000.0,0.0,108.86,0.0,0.0,445239870000.0,106054978000.0,0.0,0.0,339183484000.0,0.0,-26367487000.0,2316375000.0,-67610038000.0,1659.7023161189359,0.0,0.06907209365594326,0.289978373292388,0.0,1659.7023161189359,0.0655886232893283,0.0630083235862144,0.08325097038527889,0.021841266140284334,0.30371290971822884,0.0,0.9120401489396147,0.08256897568494932,0.0,0.015623039329339486,0.23288892865814453,0.0,-0.4710244224807332,10.065957081413487,10.438999567627855,7.441624190252228,0.0,-0.47136361663891374,0.0,2.7532605071840544,4.416877939788004,3.3884035101017744,Banks—Regional,Financial Services,BMA
2019Q3,2019,Q3,2019-09-30,2019-09-30,13158383000.0,22484512000.0,0.0,205.794,0.0,0.0,402656506000.0,76372801000.0,0.0,0.0,326280961000.0,0.0,27323195000.0,1663710994.0,-65210299006.0,1194.450411872436,0.0,0.07384638906095312,0.3893366304582701,0.0,1194.450411872436,0.17229148109940343,0.07399364478090519,0.03160933592676243,0.021784077213561934,1.89992949741621e-05,0.0,0.0001502664831221281,0.05584042891386933,0.0,0.032678928078713324,-0.03061779657925816,0.0,0.8711437222116145,11.205619184482659,5.740358428882937,5.395246461778532,0.0,0.871133185738336,0.0,6.367364883460972,2.8222817991712446,2.4205497461713676,Banks—Regional,Financial Services,BMA
2019Q2,2019,Q2,2019-06-30,2019-06-30,7032307000.0,19617512000.0,0.0,109.983,0.0,0.0,377456839000.0,62944153000.0,0.0,0.0,314512686000.0,0.0,14375739000.0,4574892690.0,-61145813310.0,984.428368559176,0.0,0.06344941070202731,0.38048671494554864,0.0,984.428368559176,0.11172295860427259,0.23320453123719256,0.16263840194974422,0.07268177379398529,,0.0,,0.051972861458737536,0.0,0.01863075793945278,0.0,0.0,-0.04231401551926201,7.774915922788802,6.014001377246909,4.793830302752534,0.0,-0.042311453084570336,0.0,2.56099845831838,2.29315119596636,2.0642231420157366,Banks—Regional,Financial Services,BMA
2019Q1,2019,Q1,2019-03-31,2019-03-31,7343000000.0,21258000000.0,0.0,114.842445,0.0,0.0,390296000000.0,62085000000.0,0.0,0.0,328208000000.0,0.0,26337000000.0,2973199491.0,-48183800509.0,970.9918586825158,0.0,0.06187611453870908,0.3889828460980913,0.0,970.9918586825158,0.11827333494402835,0.13986261600338695,0.1012256397589541,0.047889175984537326,,0.0,,0.05446635374177547,0.0,0.01881392584090024,0.0,0.0,0.4033649810409233,4.755616959038608,5.134681063701856,4.882712868966957,0.0,1.6563752016925775,0.0,3.769200312455955,3.3767756980963197,2.2154864576629762,Banks—Regional,Financial Services,BMA
2018Q4,2018,Q4,2018-12-31,2018-12-31,-11187199000.0,25276568000.0,0.0,81.833626,0.0,0.0,351232991000.0,60908329000.0,0.0,0.0,290322157000.0,0.0,-11357719000.0,2833240005.42,-50267058994.58,950.6311866370582,0.0,0.061684698064140564,0.3557099883662873,0.0,950.6311866370582,-0.18367272889722522,0.11208958452824767,-0.06331432929323953,0.046516462558347314,-0.10396668549473376,0.0,0.41051799274858203,0.07196524428993631,0.0,-0.03185121923811536,0.1126629689231629,0.0,0.41551559137856175,-11.704728828638222,8.138714576526858,5.440433178652608,0.0,-3.922353556433439,0.0,-6.188794592981056,3.6458678841535703,2.4998806921591896,Banks—Regional,Financial Services,BMA
2018Q3,2018,Q3,2018-09-30,2018-09-30,3828147000.0,13635080000.0,0.0,57.811886,0.0,0.0,311145958000.0,50962573000.0,0.0,0.0,260180862000.0,0.0,13750721000.0,2782450946.0,-42827765054.0,769.6262608109965,0.0,0.0749131634228075,0.4573734532595126,0.0,769.6262608109965,0.0751168313263932,0.20406561208295074,0.18171003791129234,0.05459792907238024,6.791797702648305e-06,0.0,9.344279739190771e-06,0.043822134433769505,0.0,0.012303380139040726,0.3133340599733653,0.0,0.24257159437733733,4.908558730083407,4.581377717797857,4.861921461560532,0.0,0.22868365467355276,0.0,2.0590182455727093,2.1026814335764294,2.2341617920379373,Banks—Regional,Financial Services,BMA
2018Q2,2018,Q2,2018-06-30,2018-06-30,3115649000.0,11315819000.0,0.0,46.526,0.0,0.0,271735149000.0,50145852000.0,0.0,0.0,221345036000.0,0.0,10133501000.0,3936948777.0,-26601141223.0,748.8221986282653,0.0,0.0727602486198795,0.39428020885954834,0.0,748.8221986282653,0.06213173923139246,0.3479154957321251,0.31590117957767383,0.07850995884963725,0.0,0.0,0.0,0.041642824057332384,0.0,0.01146575631259245,0.10382536101803028,0.0,-0.12040835617733243,4.907268383559525,4.13892042034848,5.1627438821693,0.0,-0.12041557423769467,0.0,2.3054893890820267,2.0944448801931417,2.418203559041036,Banks—Regional,Financial Services,BMA
2018Q1,2018,Q1,2018-03-31,2018-03-31,3542183000.0,11291874000.0,0.0,52.895,0.0,0.0,231666213000.0,50085714000.0,0.0,0.0,181357323000.0,0.0,16406624000.0,7230351411.0,-9039649589.0,747.9241648411215,0.0,0.05685247680031788,0.2629651640785235,0.0,747.9241648411215,0.07072242196647131,0.6403145670063268,0.5103033504338991,0.1443595555211612,0.0,0.0,0.0,0.04874199760842985,0.0,0.015290028503206897,4.367425428778183,0.0,0.17544444444444451,5.866909979330188,5.08411441222435,5.679111927009991,0.0,0.1761602443843076,0.0,1.7750797504218165,1.6883793604242854,2.4682497220419157,Banks—Regional,Financial Services,BMA
2017Q4,2017,Q4,2017-12-31,2017-12-31,3011650000.0,9752662000.0,0.0,45.0,0.0,0.0,224242704000.0,43130547000.0,0.0,0.0,181112157000.0,0.0,0.0,7755462171.96,-14940490828.04,644.4448667972663,0.0,0.05445220639151765,0.2831058460723904,0.0,644.4448667972663,0.06982638082470877,0.7952149035781205,0.6437884691082961,0.17981367525804856,0.0,0.0,0.0,0.043491546552167866,0.0,0.013430314325856505,85.07154328419112,0.0,0.10000244444987659,5.283335695509803,4.645779886919969,5.18029685479856,0.0,0.10170802880723319,0.0,3.574415059431651,1.8973564848848694,2.2777934476593398,Banks—Regional,Financial Services,BMA
2017Q3,2017,Q3,2017-09-30,2017-09-30,2733619000.0,9528909000.0,0.0,40.909,0.0,0.0,206345112000.0,40118897000.0,0.0,0.0,166226215000.0,0.0,6377122000.0,7841503025.0,-18126147975.0,600.3890514280583,0.0,0.05688298058642649,0.29256848711468814,0.0,600.3890514280583,0.06813794008344747,0.8229171907298096,0.717135693105001,0.1954565955539605,0.3119319115063218,0.0,0.10874229051260234,0.04617947528604409,0.0,0.013247801091600366,-0.4538251676762245,0.0,0.0934434554833882,4.80516392157728,4.356756212456211,5.078419529233808,0.0,0.22941665628517807,0.0,1.4263287867049022,1.7333615355748226,2.214562880694893,Banks—Regional,Financial Services,BMA
2017Q2,2017,Q2,2017-06-30,2017-06-30,2223509000.0,8511394000.0,0.0,37.413,0.0,0.0,187767925000.0,35827540000.0,0.0,0.0,151940385000.0,0.0,3779312000.0,5479045299.0,-19668472701.0,602.8314664970613,0.0,0.06033876126606821,0.3162283539422467,0.0,602.8314664970613,0.06206144770196335,0.6437306625683172,0.6160358805608612,0.1529283143358433,0.0,0.0,0.0,0.045329328744512676,0.0,0.011841793533160682,1.213719748689652,0.0,0.23977881680504215,5.58449434388528,4.632171242379389,5.571915979784524,0.0,0.2604604757815135,0.0,1.9849305515042295,2.2739558016740253,2.547950597111901,Banks—Regional,Financial Services,BMA
2017Q1,2017,Q1,2017-03-31,2017-03-31,1764045000.0,6311584000.0,0.0,30.177157,0.0,0.0,166992326000.0,23869943000.0,0.0,0.0,143122383000.0,0.0,8496550000.0,5068161383.400001,-17624269616.6,408.33823186420517,0.0,0.03785984752377184,0.2648646458854133,0.0,408.33823186420517,0.07390235494068838,0.8029935723583811,0.718258517129665,0.21232398348835604,0.0,0.0,0.0,0.0377956529571305,0.0,0.010563629133472877,24.781125204261752,0.0,0.04059162068965521,4.447220632044503,3.138059392175752,3.7323216143800204,0.0,0.040579193784054654,0.0,0.5124038486056095,0.9922677819392943,1.4738998066761309,Banks—Regional,Financial Services,BMA
2016Q4,2016,Q4,2016-12-31,2016-12-31,1695253000.0,6207912000.0,0.0,29.0,0.0,0.0,154998960000.0,22105898000.0,0.0,0.0,132893062000.0,0.0,6732505000.0,3761257499.9999995,-24687077500.0,378.20184773310524,0.0,0.05183970911804828,0.3634822254223737,0.0,378.20184773310524,0.07668781426567697,0.6058812528270374,0.5546749511724798,0.17014723853335428,0.0,0.0,0.0,0.04005131389268676,0.0,0.010937189514045771,-1.030730576539317,0.0,0.038310060866451855,3.8933835182562313,2.517623598219601,3.6837786189150927,0.0,0.03831769862288784,0.0,0.7781522353649494,1.4603260850179953,1.5622804749177361,Banks—Regional,Financial Services,BMA
2016Q3,2016,Q3,2016-09-30,2016-09-30,1632692000.0,5377429000.0,0.0,27.93,0.0,0.0,136780430000.0,20410645000.0,0.0,0.0,116369785000.0,0.0,5013944000.0,4573712500.0,-13802657500.0,349.198374679213,0.0,0.029073464676196734,0.19483367625079953,0.0,349.198374679213,0.07999218055088411,0.850538891354958,0.7003330236198867,0.22408466268459426,0.3938397444220955,0.0,0.14059016608499114,0.03931431565173468,0.0,0.011936590636540623,0.509543795947747,0.0,-0.09582389122693431,4.196743612401893,2.965426248162827,3.5780322635126756,0.0,-0.09559076874330429,0.0,1.8548557440111906,1.493706640697459,1.6596980263084165,Banks—Regional,Financial Services,BMA
2016Q2,2016,Q2,2016-06-30,2016-06-30,1805258000.0,5445597000.0,0.0,30.89,0.0,0.0,127981078000.0,18777953000.0,0.0,0.0,109203125000.0,0.0,3326162000.0,4338159000.0,-10286198000.0,321.26523524379814,0.0,0.0299472942398563,0.20410568713213842,0.0,321.26523524379814,0.09613710290999238,0.7966360713067824,0.6007671756613182,0.23102406316599045,0.05090906673727522,0.0,0.021185023416615205,0.04255001665168034,0.0,0.014105663338763251,-0.7371239964317574,0.0,0.28280619024377107,6.12217872337745,4.337919717081729,3.60011115121988,0.0,0.28248139246918047,0.0,2.9214731336021136,1.8333693210700999,1.6439859377556452,Banks—Regional,Financial Services,BMA
2016Q1,2016,Q1,2016-03-31,2016-03-31,1407629000.0,4440464000.0,0.0,24.080021,0.0,0.0,115697726000.0,17652257000.0,0.0,0.0,98045469000.0,0.0,6541118000.0,3768677789.94,-13620972210.060001,301.9735494044765,0.0,0.03284152706683276,0.2152523612136397,0.0,301.9735494044765,0.07974215421857953,0.8487126097497919,0.6693308019975434,0.21349552014453452,0.16176705651844342,0.0,0.060421190850498595,0.03837987273838035,0.0,0.01216643618388835,0.29471594507664206,0.0,-0.2854593175074185,4.61072953790209,3.127604565654692,3.0702640822285963,0.0,-0.28432897818153346,0.0,2.126104786374056,1.7408462146207742,1.6966840092637263,Banks—Regional,Financial Services,BMA
2015Q4,2015,Q4,2015-12-31,2015-12-31,1966866000.0,4963307000.0,0.0,33.7,0.0,0.0,104951959000.0,15876082000.0,0.0,0.0,89075877000.0,0.0,5133489000.0,3397114000.0,-13057195000.0,271.61816937553465,0.0,0.031836328086072216,0.21046030122545348,0.0,271.61816937553465,0.12388862692949054,0.6844456730159952,0.4317927606659528,0.2139768489479961,0.0,0.0,0.0,0.04729122778927833,0.0,0.01874063160650484,0.4514191253366926,0.0,0.7830687830687834,6.289293667650699,206.70640295803483,2.888252210898508,0.0,0.7805541548943228,0.0,3.698672972348488,2.289929487296177,1.604847993033747,Banks—Regional,Financial Services,BMA
2015Q3,2015,Q3,2015-09-30,2015-09-30,1104637000.0,3879123000.0,0.0,18.9,0.0,0.0,95606493000.0,13909216000.0,0.0,0.0,81697277000.0,0.0,3144475000.0,2244480000.0,-7013914000.0,237.96776732249785,0.0,0.025668413545929355,0.17643460278422593,0.0,237.96776732249785,0.07941763216560876,0.5786050094312555,0.5079677758394838,0.16136639189441015,0.0,0.0,0.0,0.04057384470738823,0.0,0.011553995605716863,3.5516115709671956,0.0,0.34232954545454536,3.1934450236598853,0.9382003937318052,2.647591708018943,0.0,0.3426988485460661,0.0,1.6818086914299588,1.4930096401028277,1.409217691063377,Banks—Regional,Financial Services,BMA
2015Q2,2015,Q2,2015-06-30,2015-06-30,822699000.0,3191769000.0,0.0,14.08,0.0,0.0,88012843000.0,12804579000.0,0.0,0.0,75208264000.0,0.0,2005842000.0,2665320000.0,-6233412000.0,219.06893071000854,0.0,0.02652070902879481,0.1822912725205569,0.0,219.06893071000854,0.06425037480732479,0.8350604320049477,0.8099317004153402,0.20815366128007803,0.0,0.0,0.0,0.036264809671015856,0.0,0.009347488070576246,-1.8563322582060582,0.0,-0.26130791728915115,2.7674622837441345,3.3963905604238978,2.6070860415121286,0.0,-0.26163617744806006,0.0,1.4771999768527984,1.147549430406204,1.388234003067642,Banks—Regional,Financial Services,BMA
2015Q1,2015,Q1,2015-03-31,2015-03-31,1114219000.0,3666490000.0,0.0,19.060716,0.0,0.0,81641778000.0,12606036000.0,0.0,0.0,69035742000.0,0.0,4699151000.0,3343700474.4,-6166810525.6,215.64887905499052,0.0,0.028150195357087886,0.18231202893597956,0.0,215.64887905499052,0.08838773742991056,0.911962251199376,0.7502341268637495,0.2652459880647652,0.0,0.0,0.0,0.0449094824955919,0.0,0.013647657208053455,-1.3112931412127253,0.0,0.944971020408163,3.6054759785413184,1.6736349875000518,2.5563304558738285,0.0,0.9378328365061863,0.0,2.4406133207576866,1.4038582677214584,1.4992023078753334,Banks—Regional,Financial Services,BMA
2014Q4,2014,Q4,2014-12-31,2014-12-31,574982000.0,2939724000.0,0.0,9.8,0.0,0.0,74995634000.0,11491817000.0,0.0,0.0,63503817000.0,0.0,3584932000.0,2556018500.0,-10882424500.0,196.60935842600514,0.0,0.029297798855864064,0.19119752777128282,0.0,196.60935842600514,0.05003403726321086,0.8694756718657942,1.1113471813030666,0.22242074512672796,0.0,0.0,0.0,0.039198601881277516,0.0,0.007666872980899128,0.5804622499017241,0.0,-0.4201183431952662,1.4181965456629253,2.4654968466970537,2.479853254223189,0.0,-0.4165580923389143,0.0,0.6596976628821802,0.6657521103154358,1.4348762831116377,Banks—Regional,Financial Services,BMA
2014Q3,2014,Q3,2014-09-30,2014-09-30,985500000.0,3049400000.0,0.0,16.9,0.0,0.0,72730300000.0,10916800000.0,0.0,0.0,61813500000.0,0.0,0.0,2315204500.0,-8555995500.0,186.7715996578272,0.0,0.017938878294191003,0.11951304411549171,0.0,186.7715996578272,0.09027370658068298,0.7592327998950613,0.5873172247590056,0.21207721127070203,0.0,0.0,0.0,0.041927504767614046,0.0,0.013550060978711762,1.3737257075249192,0.0,0.34876296887470065,4.250579064993563,2.5938096482154505,2.568250970486445,0.0,0.3452051727950511,0.0,2.136777071255366,1.2486899968642495,1.4485979063530419,Banks—Regional,Financial Services,BMA
2014Q2,2014,Q2,2014-06-30,2014-06-30,732602000.0,2556768000.0,0.0,12.53,0.0,0.0,72858714000.0,9931226000.0,0.0,0.0,62927488000.0,0.0,1980789000.0,2105953500.0,-5797893500.0,169.90976903336184,0.0,0.02867397577179306,0.21036164115085088,0.0,169.90976903336184,0.07376752880258691,0.8236779793864755,0.7186553886011777,0.21205372831108668,0.0,0.0,0.0,0.035092137366025976,0.0,0.010055104733251262,3.7942100085758965,0.0,-0.37202765604235694,3.5645784621721432,1.8848455192456708,2.4601345576351865,0.0,-0.3824677284214111,0.0,1.8902917904830039,1.5062123251506896,1.4328926304099705,Banks—Regional,Financial Services,BMA
2014Q1,2014,Q1,2014-03-31,2014-03-31,1186338000.0,3222235000.0,0.0,19.953108,0.0,0.0,68241075000.0,9813769000.0,0.0,0.0,58427306000.0,0.0,3701738000.0,1673694901.3,-5674001098.7,165.0585164210179,0.0,0.03058552345489868,0.21267965447322024,0.0,165.0585164210179,0.12088505445767064,0.5194204958049304,0.352701949465498,0.1705455774738533,0.0,0.0,0.0,0.04721840914727677,0.0,0.017384515117911024,-0.6902250202692616,0.0,0.2241170552147239,6.604867374786275,3.1732151040739676,2.3599991134143283,0.0,0.2443508824926918,0.0,3.6491441761506924,1.9448310624004197,1.2248033053866167,Banks—Regional,Financial Services,BMA
2013Q4,2013,Q4,2013-12-31,2013-12-31,953379000.0,2523207000.0,0.0,16.3,0.0,0.0,59295034000.0,8627431000.0,0.0,0.0,50667603000.0,0.0,2515400000.0,1418581500.0,-9767322500.0,147.60360992301113,0.0,0.028242247065749217,0.19410471089250092,0.0,147.60360992301113,0.11050554910262395,0.5622136828250714,0.3719878191149585,0.16442687284314414,0.0,0.0,0.0,0.04255342867330171,0.0,0.016078564016001745,0.5251228239286777,0.0,0.6632653061224489,4.268130951259025,1.9698378989218495,2.1149813537363475,0.0,0.6670379436964504,0.0,2.5332653610216225,104.5921485188271,1.112966389322273,Banks—Regional,Financial Services,BMA
2013Q3,2013,Q3,2013-09-30,2013-09-30,571900000.0,2156400000.0,0.0,9.8,0.0,0.0,56732320000.0,7674046000.0,0.0,0.0,49058274000.0,0.0,1550989000.0,1402800000.0,-6537845000.0,131.29248930710008,0.0,0.026597026174850595,0.19662522221003106,0.0,131.29248930710008,0.07452392127959619,0.6505286588759043,0.613219094247246,0.18279796602730816,0.0,0.0,0.0,0.03801007961599314,0.0,0.010080673591349693,1.4201427836742297,0.0,0.2436548223350255,3.0983126354880564,2.8815073550718227,2.2762525199968247,0.0,0.24231023217016545,0.0,1.1710581929005532,0.07744336259594363,1.0124632874028223,Banks—Regional,Financial Services,BMA
2013Q2,2013,Q2,2013-06-30,2013-06-30,460352000.0,1921951000.0,0.0,7.88,0.0,0.0,53686592000.0,7102138000.0,0.0,0.0,46584454000.0,0.0,958411000.0,826483000.0,-6113249000.0,121.50792130025663,0.0,0.02576738340925049,0.19478120532155246,0.0,121.50792130025663,0.0648187911865413,0.43002292982495394,0.4488320893577089,0.11637101391158551,0.0,0.0,0.0,0.03579945994709442,0.0,0.008574803928697876,-0.39696227556040553,0.0,0.022993465823969286,2.3494146663181312,2.4742319446449117,2.007873542991604,0.0,0.005299994540590708,0.0,1.1081328617710486,1.6473241747749512,1.0006923183255667,Banks—Regional,Financial Services,BMA
2013Q1,2013,Q1,2013-03-31,2013-03-31,457925000.0,1647606000.0,0.0,7.702884,0.0,0.0,51454172000.0,6657020000.0,0.0,0.0,44797152000.0,0.0,2014477000.0,843574442.04,-7091981557.96,111.97958246762627,0.0,0.025940870256351615,0.200505030779538,0.0,111.97958246762627,0.06878828665078368,0.5120001032042855,0.46054181472948624,0.12671952946513604,0.0,0.0,0.0,0.0320208437131201,0.0,0.008899667066841538,3.410751884299392,0.0,0.05518958904109592,2.476721159635022,2.1328095711829462,1.6885216794369793,0.0,0.0755422043301187,0.0,0.8611811087628027,0.181395455559085,0.8466889385689964,Banks—Regional,Financial Services,BMA
2012Q4,2012,Q4,2012-12-31,2012-12-31,425762000.0,1534447000.0,0.0,7.3,0.0,0.0,48378995000.0,6199095000.0,0.0,0.0,42179900000.0,0.0,1556552000.0,1078423000.0,-7705257000.0,104.27409587888982,0.0,0.02611397777072467,0.20379878030583495,0.0,104.27409587888982,0.06868131557912889,0.7028088946701971,0.6332311244310201,0.17396458676629412,4.4625870791662946e-05,0.0,1.761831860040077e-05,0.03171721529147102,0.0,0.0088005548689054,0.39911540680665264,0.0,0.04285714285714283,1.8732983286810447,1.4999537779519023,1.6328071576334373,0.0,0.033653799465889776,0.0,0.7605035336646255,0.7784575316845161,0.8455812824998311,Banks—Regional,Financial Services,BMA
2012Q3,2012,Q3,2012-09-30,2012-09-30,411900000.0,1556000000.0,0.0,7.0,0.0,0.0,43680896000.0,5773333000.0,0.0,0.0,37907563000.0,0.0,0.0,824145000.0,-4425764000.0,98.773875106929,0.0,0.02307855589775448,0.1746117883725051,0.0,98.773875106929,0.07134526970815645,0.5296561696658098,0.5002093954843408,0.14275029692553678,0.0,0.0,0.0,0.035621979915430306,0.0,0.009429751624142509,6.474088563146608,0.0,0.2319770556593153,4.500622872620627,3.5255877945469503,1.6738106077085668,0.0,0.24028906955736223,0.0,1.1945342636944174,0.8337928158402441,0.8870640737387712,Banks—Regional,Financial Services,BMA
2012Q2,2012,Q2,2012-06-30,2012-06-30,332100000.0,1486200000.0,0.0,5.681924,0.0,0.0,42633892000.0,5361390000.0,0.0,0.0,37272502000.0,0.0,0.0,757492767.36,-4003345232.6400003,91.72841958895928,0.0,0.03161332303417197,0.25138984479771104,0.0,91.72841958895928,0.06194289167547968,0.5096842735567219,0.5702294243902439,0.14128663786070403,0.0,0.0,0.0,0.03485959011201698,0.0,0.007789577362535891,-0.37131907390423063,0.0,0.025633231394399755,2.4490154557517205,2.94535229004138,1.61947196906527,0.0,0.025633106856084,0.0,1.0692476893276843,0.6769477201970815,0.8680072154927021,Banks—Regional,Financial Services,BMA
2012Q1,2012,Q1,2012-03-31,2012-03-31,323800000.0,1525049000.0,0.0,5.539918,0.0,0.0,41483862000.0,5043352000.0,0.0,0.0,36440510000.0,0.0,0.0,1146175398.76,-6281776601.24,86.28708383288979,0.0,0.01627370180722325,0.13385859245993537,0.0,86.28708383288979,0.0642033314351249,0.751566276729469,0.8849408575972822,0.22726460472320786,0.0,0.0,0.0,0.03676246440121703,0.0,0.007805444922172386,0.3489429647027878,0.0,-0.06578111298482286,2.080858413557963,3.7761089445688234,2423.939289267279,0.0,-0.06532074393310029,0.0,1.11146774891053,1.0091934916810115,0.756495402140302,Banks—Regional,Financial Services,BMA
2011Q4,2011,Q4,2011-12-31,2011-12-31,346429000.0,1764758000.0,0.0,5.93,0.0,0.0,41442126000.0,4719552000.0,0.0,0.0,36684990000.0,0.0,2755369000.0,1139746062.0,-3575099938.0,80.74716559099636,0.0,0.03517194074454578,0.3088428732218651,0.0,80.74716559099636,0.07340294163513825,0.6458370280797707,0.8224961406233311,0.24149454482120336,7.79380479116933e-05,0.0,2.3689487421979792e-05,0.0425836743993298,0.0,0.008359344305839908,29.433309970818378,0.0,0.10223048327137543,1.7747514962294269,2.8010190827915538,1.3886450291785293,0.0,0.10268709734918897,0.0,0.9143275388548855,1.0771891724545766,0.7040634393305746,Banks—Regional,Financial Services,BMA
2011Q3,2011,Q3,2011-09-30,2011-09-30,314168000.0,1356044000.0,0.0,5.38,0.0,0.0,35049996000.0,4458275000.0,0.0,0.0,30591721000.0,0.0,0.0,1169554805.16,-2902334194.84,76.27695799838614,0.0,0.022952869951825387,0.18045051056742797,0.0,76.27695799838614,0.07046851080294508,0.862475557695768,0.9306762664879938,0.26233348215621516,0.0,0.0,0.0,0.03868884892312113,0.0,0.008963424703386557,-46.853409388670784,0.0,0.2406246937351912,2.4729300706876503,3.9193891207261418,1.4095988119784502,0.0,0.2186501163692785,0.0,1.251427478595395,1.4409332216790187,0.903403440507318,Banks—Regional,Financial Services,BMA
2011Q2,2011,Q2,2011-06-30,2011-06-30,257800000.0,1037600000.0,0.0,4.336525,0.0,0.0,36555100000.0,4151800000.0,0.0,0.0,32403300000.0,0.0,0.0,2243586993.84,-2934513006.16,69.83858100007072,0.0,0.016925134933292483,0.14901970229779854,0.0,69.83858100007072,0.062093549785635145,2.1622850750192755,2.175704997905353,0.540388986425165,0.0,0.0,0.0,0.02838454825728831,0.0,0.0070523675219052884,13.792006011077438,0.0,0.01042550866411862,2.4543267088602234,3.0902431458441306,1.3136677433957862,0.0,0.010425648663478875,0.0,0.8441884341019154,0.8441233154439903,0.7288224324988528,Banks—Regional,Financial Services,BMA
2011Q1,2011,Q1,2011-03-31,2011-03-31,255140000.0,1094057000.0,0.0,4.291781,0.0,0.0,33210060000.0,4410495000.0,0.0,0.0,28799565000.0,0.0,0.0,2379724095.48,-406644904.52,74.19016144995108,0.0,0.039819440253947146,0.2998316515493159,0.0,74.19016144995108,0.05784838209770105,2.1751372144961367,2.3317826443129266,0.5395594135080076,0.0,0.0,0.0,0.03294354180630809,0.0,0.007682611835088524,3.737913743891808,0.0,-0.07104307359307355,29.469888083123454,0.0,0.0,0.0,-0.07032163795961945,0.0,0.9371089952924159,1.0802741923856192,0.7812341595110724,Banks—Regional,Financial Services,BMA
2010Q4,2010,Q4,2010-12-31,2010-12-31,274439000.0,24304000.0,0.0,4.62,0.0,0.0,33524407000.0,4152842000.0,0.0,0.0,29344066000.0,0.0,0.0,2984315503.2000003,-953392496.7999997,69.85610877149566,0.0,0.03770527544305258,0.30438119244604056,0.0,69.85610877149566,0.06608462349398316,122.7911250493746,2.7185599561286846,0.718620044586334,0.0,0.0,0.0,0.0007249643520912988,0.0,0.008186244726118496,5.981647070425246,0.0,0.024390243902439098,42.64135585503421,0.0,27.56982243174422,0.0,0.024331890116452672,0.0,0.8521258456608332,-0.9604024164213024,0.7637905332847641,Banks—Regional,Financial Services,BMA
2010Q3,2010,Q3,2010-09-30,2010-09-30,267920000.0,2035595000.0,0.0,4.51,0.0,0.0,29178758000.0,3878403000.0,0.0,0.0,25300355000.0,0.0,0.0,2647836902.64,13091902.639999866,65.23969412457663,0.0,0.04395132239692998,0.33066316213142366,0.0,65.23969412457663,0.0690799795689102,1.3007680322657502,2.4707346434010153,0.682713194745363,0.0,0.0,0.0,0.06976290766042886,0.0,0.009182022072358255,4.828198016888793,0.0,0.20717150882519986,3.190699385078433,0.0,0.0,0.0,0.20630346690679874,0.0,2.51778028443014,4.821035861629493,0.7660397145005641,Banks—Regional,Financial Services,BMA
2010Q2,2010,Q2,2010-06-30,2010-06-30,222100000.0,738400000.0,0.0,3.736006,0.0,0.0,30372765000.0,3610483000.0,0.0,0.0,26738383000.0,0.0,1823106000.0,1750758796.2,-1516240203.8000002,60.73293738736893,0.0,0.04083912017888394,0.343554311154491,0.0,60.73293738736893,0.06151531526391344,2.3710167879198267,1.9706875238631245,0.48490985726840424,0.0,0.0,0.0,0.024311253848637093,0.0,0.007312472209889353,-5.852229388857505,0.0,-0.09730116193294185,2.4725436604900177,0.0,0.0,0.0,-0.0973012518289709,0.0,1.2678132821709656,0.9272261976682145,0.7343395623525751,Banks—Regional,Financial Services,BMA
2010Q1,2010,Q1,2010-03-31,2010-03-31,246040000.0,1394627000.0,0.0,4.138707,0.0,0.0,28201577000.0,3604841000.0,0.0,0.0,24574577000.0,0.0,1993131000.0,1776916143.24,-1927205856.7600002,60.63803173825231,0.0,0.04454690601167445,0.34850163987815275,0.0,60.63803173825231,0.06825266357101464,1.274115690604011,1.8055155089009918,0.4929249704050747,0.0,0.0,0.0,0.04945209269680203,0.0,0.008724334812907804,5.13366695530581,0.0,0.016881326781326745,2.82462791806876,0.0,0.0,0.0,0.017387888436330556,0.0,1.3016171502024094,3.294187137592563,1703.1200032985253,Banks—Regional,Financial Services,BMA
2009Q4,2009,Q4,2009-12-31,2009-12-31,241835000.0,862775000.0,0.0,4.07,0.0,0.0,26859238000.0,3358801000.0,0.0,0.0,23479753000.0,0.0,2361055000.0,1769187836.16,-2073515163.8400002,56.499324558412866,0.0,0.04369033105108939,0.34937735221586513,0.0,56.499324558412866,0.07200039537918441,2.0505784661817974,1.828920375628011,0.526731960649053,0.0,0.0,0.0,0.032122095198679874,0.0,0.009003792289267476,1.4851711342934015,0.0,0.26791277258566987,37.45665992516443,0.0,22.107151236084814,0.0,0.26681508643268725,0.0,0.904414503291885,0.8270267839209965,0.671350687923658,Banks—Regional,Financial Services,BMA
2009Q3,2009,Q3,2009-09-30,2009-09-30,190900000.0,863010000.0,0.0,3.21,0.0,0.0,26173671000.0,3111691000.0,0.0,0.0,23042890000.0,0.0,2118080000.0,1435681661.3999999,-1358239338.6000004,52.34261861137122,0.0,0.05376181277742813,0.4522119966281999,0.0,52.34261861137122,0.06134927921827714,1.6635747690061526,1.8801488493975902,0.46138310693446105,0.7771084337349398,0.0,0.10333070623423372,0.03297244777012747,0.0,0.007293589042209631,2.0147684136074737,0.0,0.16727272727272727,1.985982803118367,0.0,0.0,0.0,0.16945092778073867,0.0,1.074782091833837,2.0781210440438183,0.6535099842926321,Banks—Regional,Financial Services,BMA
2009Q2,2009,Q2,2009-06-30,2009-06-30,163239000.0,901416000.0,0.0,2.75,0.0,0.0,25209346000.0,2919217000.0,0.0,0.0,22272665000.0,0.0,1260178000.0,962471474.0400001,-1100484525.96,49.10495999597366,0.0,0.05602001733801424,0.48376944913653214,0.0,49.10495999597366,0.05591876177755885,1.0677328492505127,1.4740219464098656,0.3297019283047475,0.0,0.0,0.0,0.03575721480438247,0.0,0.006475336567636463,-9.064356237780416,0.0,0.048126540507803975,1.5522492327542996,0.0,0.0,0.0,0.04669906896817051,0.0,1.1872802080203024,2.553402674975166,0.626787949533363,Banks—Regional,Financial Services,BMA
2009Q1,2009,Q1,2009-03-31,2009-03-31,155956000.0,771919000.0,0.0,2.623729,0.0,0.0,24761841000.0,2919994000.0,0.0,0.0,21825517000.0,0.0,1354966000.0,603916496.0,-1641848504.0,49.12457142088068,0.0,0.05925762951147291,0.5025106215971676,0.0,49.12457142088068,0.053409698787052304,0.7823573406017988,0.9680879478827362,0.2068211427831701,0.0,0.0,0.0,0.031173732195437325,0.0,0.006298239294889261,1.6129946715739822,0.0,-0.15363580645161293,1.42461838299638,0.0,0.0,0.0,-0.152588411161623,0.0,17.62739949933682,0.0,0.0,Banks—Regional,Financial Services,BMA
2008Q4,2008,Q4,2008-12-31,2008-12-31,184038077.9,864010071.25,0.0,3.1,0.0,0.0,22424997000.0,2816597000.0,0.0,0.0,19592793000.0,0.0,1733523000.0,643147292.0,-2359068708.0,47.38507013724626,0.0,0.023263369890305894,0.18521677045029872,0.0,47.38507013724626,0.06534057868413551,0.7443747629810976,0.8736606295538799,0.22834196443438662,0.0003491369869387231,0.0,9.990635240053222e-05,0.038528882356149256,0.0,0.008206827314179797,1.5165693840001777,0.0,0.29846793349666106,28.26967692664499,0.0,18.379594190755643,0.0,0.12701257318890824,0.0,28.26967692664499,0.0,18.379594190755643,Banks—Regional,Financial Services,BMA
2008Q3,2008,Q3,2008-09-30,2008-09-30,163297271.28,650118950.91,0.0,2.387429,0.0,0.0,23632638752.58,2741012059.5,0.0,0.0,20876633524.89,0.0,1164910525.35,1265377652.0,-1467584321.17,40.07398346304128,0.0,0.021478137703289116,0.18518162576511643,0.0,40.07398346304128,0.059575539156798814,1.9463786592112036,1.9372302459211062,0.4616461454864314,0.0016180755987461593,0.0,0.0002088130208261336,0.027509367773796558,0.0,0.00690981963502373,18.01807906890881,0.0,0.015298612986427531,1.219999556689349,0.0,0.0,0.0,0.015258774751070438,0.0,1.219999556689349,0.0,0.0,Banks—Regional,Financial Services,BMA
2008Q2,2008,Q2,2008-06-30,2008-06-30,160843004.11,647387875.16,0.0,2.351455,0.0,0.0,21145794393.2,2763189006.44,0.0,0.0,18368670840.84,0.0,1681187240.5,1136832797.04,669039687.98,40.39661892813683,0.0,0.1424921489328841,1.0904464649206134,0.0,40.39661892813683,0.05820919370160087,1.7560304118439585,1.7669913642350956,0.4114205703592666,0.0,0.0,0.0,0.03061544357814171,0.0,0.007606382674453858,0.9325730828062352,0.0,0.06133663723844089,1.1856306650322694,0.0,0.0,0.0,0.061411154407870525,0.0,1.1856306650322694,0.0,0.0,Banks—Regional,Financial Services,BMA
2008Q1,2008,Q1,2008-03-31,2008-03-31,151536945.36,605080842.81,0.0,2.21556,0.0,0.0,21602702190.36,2848789461.9,0.0,0.0,18740704218.18,0.0,1765910072.25,1733855964.75,2927769789.69,41.65098735267652,0.0,0.16921873140579927,1.2832053433502628,0.0,41.65098735267652,0.05319345195096743,2.865494727444948,2.860450896365488,0.6086290292556772,0.0,0.0,0.0,0.028009497954381443,0.0,0.007014721770669131,-3.0886610276608817,0.0,-0.1102168674698796,1.0474248299808002,0.0,0.0,0.0,-0.11110767299560652,0.0,1.0474248299808002,0.0,0.0,Banks—Regional,Financial Services,BMA
2007Q4,2007,Q4,2007-12-31,2007-12-31,170478404.14,706159990.35,0.0,2.49,0.0,0.0,19789937640.54,2708896650.03,0.0,0.0,17068396067.64,0.0,1625346812.79,1692133986.8999999,1588951668.36,39.60567167882479,0.0,0.15238117832430492,1.113225938906382,0.0,39.60567167882479,0.06293278266563325,2.39624732358642,2.481449183308855,0.6246580085959573,0.0009109982627034698,0.0,9.178087031070198e-05,0.035682779965077814,0.0,0.00861439824806584,4.276713384283226,0.0,0.9438121200198598,22.562845881815935,0.0,15.197967895052548,0.0,0.9456009819341953,0.0,22.562845881815935,0.0,15.197967895052548,Banks—Regional,Financial Services,BMA
2007Q3,2007,Q3,2007-09-30,2007-09-30,87622490.8,402318748.0,0.0,1.280988,0.0,0.0,19635822191.7,2526571767.2,0.0,0.0,17097239786.9,0.0,0.0,2064825245.3600001,939968855.5600004,36.94123840415809,0.0,0.07284137019760667,0.5661031330944891,0.0,36.94123840415809,0.03468038863471711,5.1323117692740485,5.89125356546016,0.8172438527832848,,0.0,,0.020489019714695668,0.0,0.0044623795196636964,0.0,0.0,-0.22243298808872727,0.19129082723746685,0.0,0.0,0.0,-0.22233033237228328,0.0,0.19129082723746685,0.0,0.0,Banks—Regional,Financial Services,BMA
2007Q2,2007,Q2,2007-06-30,2007-06-30,112673149.6,440796530.9,0.0,1.647431,0.0,0.0,17553877202.4,2395026615.3,0.0,0.0,15147431582.8,0.0,0.0,2248122087.2799997,1055668616.2799997,35.01790462819557,0.0,0.06973128474617817,0.5110817565785903,0.0,35.01790462819557,0.047044633608752856,5.100135617423934,4.988149561943194,0.9386626741091146,,0.0,,0.025111063830373235,0.0,0.00641870444351719,0.0,0.0,-0.08306269330933329,0.5312299684415687,0.0,0.0,0.0,-0.08378749434081598,0.0,0.5312299684415687,0.0,0.0,Banks—Regional,Financial Services,BMA
2007Q1,2007,Q1,2007-03-31,2007-03-31,122977092.0,373618771.4,0.0,1.796667,0.0,0.0,16752997.1,2433534.6,0.0,0.0,14319462.5,0.0,0.0,2321156600.0,2319763355.0,0.0355831934493347,0.0,0.031417482905193125,0.21628498727735368,0.0,0.0355831934493347,50.534351145038165,6.212633779888288,4.718676792259814,953.8210798399989,,0.0,,22.301607835889854,0.0,7.340602476436888,0.0,0.0,-0.16043598130841125,0.6617133382641046,0.0,0.0,0.0,-0.15818829815320778,0.0,0.6617133382641046,0.0,0.0,Banks—Regional,Financial Services,BMA
