Quarters,Year,Quarter,FillingDate,Date,NetIncome,Revenue,OperatingIncome,EPSDiluted,GrossProfit,GrossProfitRatio,TotalAssets,CommonStockEquity,CurrentAssets,CurrentLiability,TotalLiability,Inventory,RetainedEarnings,MarketCap,EnterpriseValue,bookValuePerShare,currentRatio,debtToAssets,debtToEquity,roic,shareholdersEquityPerShare,roe,priceToSalesRatio,peRatio,pbRatio,payoutRatio,inventoryTurnover,dividendYield,assetTurnover,quickRatio,returnOnAssets,priceToFreeCashFlowsRatio,grossProfitMargin,epsdilutedGrowth,fiveYNetIncomeGrowthPerShare,fiveYRevenueGrowthPerShare,fiveYShareholdersEquityGrowthPerShare,grossProfitGrowth,netIncomeGrowth,operatingIncomeGrowth,threeYNetIncomeGrowthPerShare,threeYRevenueGrowthPerShare,threeYShareholdersEquityGrowthPerShare,Industry,Sector,Symbol
2023Q1,2023,Q1,2023-05-15,2023-03-31,6970000.0,22556000.0,11880000.0,0.59,22556000.0,1.0,2463893000.0,182052000.0,774317000.0,36459000.0,2281841000.0,0.0,196229000.0,240864471.54,246237471.54,15.554930687973227,21.238020790476973,0.02826218508677122,0.3825006042229693,0.03530739924363224,15.554930687973227,0.0382857645068442,10.678509999113318,8.639328247489239,1.3230531471228,0.20229555236728838,0.0,0.005853914406657702,0.009154618321493668,21.238020790476973,0.002828856610250526,23.335058277465606,1.0,-0.09230769230769238,0.5386342461185507,0.48734028551836595,0.022566420539558915,-0.004501721246358902,-0.08685968819599109,0.018343905366020916,0.14511369653808864,0.1122670153264363,-0.09411957023341205,Banks—Regional,Financial Services,CVCY
2022Q4,2022,Q4,2023-03-09,2022-12-31,7633000.0,22658000.0,11666000.0,0.65,22658000.0,1.0,2422519000.0,174660000.0,756860000.0,78611000.0,2247859000.0,0.0,194400000.0,247602883.79999998,332031883.79999995,14.940451190334642,9.627914668430627,0.04771851118608358,0.6618515973892133,0.029750114081121163,14.940451190334642,0.0437020496965533,10.927834928060728,8.109618885104153,1.4176278701477156,0.18433119350189964,0.0,0.005682486320056342,0.009353074217374559,9.627914668430627,0.0031508524804139825,24.752862521243625,1.0,0.18181818181818177,25.37767541265837,0.5378181681405946,-0.03512022559634965,0.0632067946131106,0.19564536340852132,0.27163723566601267,0.9252364800192344,0.4693534994598113,-0.1408557488925536,Banks—Regional,Financial Services,CVCY
2022Q3,2022,Q3,2022-11-02,2022-09-30,6384000.0,21311000.0,9174000.0,0.55,21311000.0,1.0,2425698000.0,158814000.0,790522000.0,58177000.0,2266884000.0,0.0,188174000.0,206826801.72,259811801.72,13.598798205116877,13.588222149646768,0.03898383063349189,0.5954323926102233,0.02769529809592272,13.598798205116877,0.04019796743360157,9.705166426727981,8.099420493421052,1.3023209649023386,0.22039473684210525,0.0,0.006802793391858286,0.008785512458681996,13.588222149646768,0.0026318197896028277,24.654523986172368,1.0,-0.01785714285714287,0.48500258791007766,0.41580839151398485,-0.08394552335180852,0.05006159152500616,-0.024151635585447875,-0.22300330312526467,0.28328604329475826,0.25395533804416137,-0.22086459510464945,Banks—Regional,Financial Services,CVCY
2022Q2,2022,Q2,2022-08-04,2022-06-30,6542000.0,20295000.0,11807000.0,0.56,20295000.0,1.0,2346221000.0,162882000.0,805825000.0,37816000.0,2183339000.0,7371000.0,183197000.0,169143573.0,190760573.0,13.963220464782307,21.309101967421196,0.02082071552509333,0.299910364558392,0.042933667140610074,13.963220464782307,0.04016404513697032,8.334248484848485,6.463756228981962,1.0384423877408184,0.2138489758483644,0.0,0.008271079859475358,0.008650080278030074,21.131478739158027,0.0027883136328589677,27.833400197465856,1.0,0.09803921568627459,0.3836382963717736,0.21094927813868186,-0.03787391980864074,965.4285714285714,0.07492605980939862,0.07787109731604894,0.24691559119210837,0.16801894790273372,-0.18433023169235388,Banks—Regional,Financial Services,CVCY
2022Q1,2022,Q1,2022-05-04,2022-03-31,6086000.0,21000.0,10954000.0,0.51,21000.0,1.0,2423030000.0,191660000.0,1306054000.0,29520000.0,2231370000.0,0.0,178054000.0,276212870.75,226865870.75,16.20221747034574,44.2430216802168,0.016297775925184582,0.20604194928519254,0.03611448956287824,16.20221747034574,0.03175414797036419,13152.993845238096,11.346240172116332,1.44116075733069,0.2341439369043707,0.0,0.005159064442329214,8.666834500604615e-06,44.2430216802168,0.0025117311795561756,-433.615181711146,1.0,-0.10526315789473675,0.47298529365145464,-0.9985754111114216,0.15880692042372568,-0.9990066695047538,-0.10997367651360047,0.13207937164117403,0.34604093638163136,-0.9986746494439386,-0.027924721440808143,Banks—Regional,Financial Services,CVCY
2021Q4,2021,Q4,2022-03-09,2021-12-31,6838000.0,21141000.0,9676000.0,0.57,21141000.0,1.0,2450139000.0,247845000.0,1171330000.0,40043000.0,2202294000.0,0.0,173393000.0,248327054.65,124314054.65,20.729681094375273,29.251804310366357,0.016102759884235138,0.15918820230385927,0.02495918046564268,20.729681094375273,0.02758982428533963,11.746230294215033,9.078935896826557,1.0019449843652282,0.2102954080140392,0.0,0.005790750436060068,0.00862849005709472,32.59958045101516,0.0027908620694581,23.391772291823663,1.0,0.05555555555555539,1.6609889132574984,0.4677130027415305,0.532865091398767,0.05152947028102462,0.04861217604661862,0.0,0.48598322248036224,0.3477388449591948,0.29442225640616715,Banks—Regional,Financial Services,CVCY
2021Q3,2021,Q3,2021-11-03,2021-09-30,6521000.0,20105000.0,0.0,0.54,20105000.0,1.0,2348377000.0,246548000.0,0.0,0.0,2101829000.0,0.0,167993000.0,258165313.5,195627313.5,20.532510460589044,0.0,0.0021951330642396853,0.02090870743222415,0.0,20.532510460589044,0.02644921070136444,12.84085120616762,9.897458729489342,1.0471198853772896,0.22051832541021316,0.0,0.005570074385690083,0.008561231863538094,0.0,0.002776811389312704,62.67669664967225,1.0,-0.09999999999999991,0.9155886714709794,0.43670250141504047,0.4427399213359925,0.011165317105064628,-0.13777601480893825,0.0,0.2948998139948318,0.2753449807111253,0.3194006421203349,Banks—Regional,Financial Services,CVCY
2021Q2,2021,Q2,2021-08-04,2021-06-30,7563000.0,19883000.0,0.0,0.6,19883000.0,1.0,2280550000.0,251049000.0,1257535000.0,0.0,2029501000.0,0.0,162910000.0,251851001.35,136340001.35,20.085833778242392,0.0,0.002260419635614216,0.020533840007329246,0.0,20.085833778242392,0.030125593011722813,12.666649969823467,8.325102517188947,1.0031946008548132,0.1988628850985059,0.0,0.005971784872555958,0.008718510885531999,0.0,0.0033163052772357546,11.972380744913481,1.0,0.0,0.0958062805386195,0.30552270561931016,0.406461169103773,0.036004585243851604,0.011231448054552748,0.0,0.6687238065420514,0.2283830187414248,0.30228817912430606,Banks—Regional,Financial Services,CVCY
2021Q1,2021,Q1,2021-05-05,2021-03-31,7479000.0,19192000.0,0.0,0.6,19192000.0,1.0,2200523000.0,241845000.0,1361169000.0,0.0,1958678000.0,0.0,156851000.0,230044106.46,20358106.46000001,19.354403459904226,0.0,0.002342624912350382,0.02131530525749964,0.0,19.354403459904226,0.03092476586243255,11.986458235723218,7.689667952266346,0.9512047239347515,0.18411552346570398,0.0,0.005985808639872425,0.008721563010248018,0.0,0.003398737481953154,38.11832749958575,1.0,0.052631578947368474,0.9265968789452307,0.29495146513212667,0.4542913284303953,-0.021215830273357814,0.05650515609549371,0.0,0.546379916925211,0.18532799441168632,0.27234016432968516,Banks—Regional,Financial Services,CVCY
2020Q4,2020,Q4,2021-03-10,2020-12-31,7079000.0,19608000.0,0.0,0.57,19608000.0,1.0,2004096000.0,245021000.0,1223182000.0,0.0,1759075000.0,0.0,150749000.0,185860702.5,129618702.5,19.629553966632617,0.0,0.0070036565114645205,0.057284885785300034,0.0,19.629553966632617,0.02889140114520796,9.478819996940025,6.563805004237887,0.758550093665441,0.19423647407825964,0.0,0.0073980135741712255,0.009783962444912819,0.0,0.0035322659193970747,20.69027078926862,1.0,0.6285714285714286,1.1374705128474996,0.40741364850764133,0.5415433648718311,0.10138740661686232,0.6296040515653776,0.0,21.911316034859052,0.246388919535483,0.26771001502428726,Banks—Regional,Financial Services,CVCY
2020Q3,2020,Q3,2020-11-04,2020-09-30,4344000.0,17803000.0,0.0,0.35,17803000.0,1.0,1950560000.0,235780000.0,1248661000.0,0.0,1714780000.0,0.0,145045000.0,154017714.5,72162714.5,18.90615640839158,0.0,0.0026428307768025594,0.0218636016625668,0.0,18.90615640839158,0.018423954533887524,8.651222518676628,8.863818744244936,0.6532263741623547,0.31652854511970535,0.0,0.008927544500084112,0.009127122467393979,0.0,0.0022270527438274135,31.789001960784315,1.0,0.9444444444444444,0.5137256006182711,0.32755514951288395,0.5045038215245391,0.03205797101449275,0.8878748370273793,0.0,-0.05374391153101029,0.10758836005500769,0.2735735138419278,Banks—Regional,Financial Services,CVCY
2020Q2,2020,Q2,2020-08-05,2020-06-30,2301000.0,17250000.0,0.0,0.18,17250000.0,1.0,1913731000.0,228558000.0,1299010000.0,0.0,1685173000.0,0.0,142076000.0,191594465.37,78192465.37,18.35912959806601,0.0,0.0026936910150904174,0.022554450073941842,0.0,18.35912959806601,0.01006746646365474,11.106925528695653,20.81643474250326,0.8382750346520359,0.5962624945675793,0.0,0.0071609584199128365,0.009013806015578992,0.0,0.001202363341556363,-45.304910231733274,1.0,-0.6538461538461539,-0.3440016785334554,0.17698000823321705,0.5045095168250023,-0.21825432792531496,-0.6525743620715688,0.0,-0.543992682866387,-0.035573455872308896,0.2650231685780234,Banks—Regional,Financial Services,CVCY
2020Q1,2020,Q1,2020-05-06,2020-03-31,6623000.0,22066000.0,0.0,0.52,22066000.0,1.0,1618646000.0,218673000.0,1025220000.0,0.0,1399973000.0,0.0,141147000.0,166064021.84,135057021.84,17.17106383673744,0.0,0.003184760596202011,0.023574012338057282,0.0,17.17106383673744,0.030287232534423544,7.525787267289042,6.268459226936434,0.7594171289551064,0.21259248074890533,0.0,0.008478657715255057,0.013632381632549675,0.0,0.004091691450755755,28.151215772164775,1.0,0.5294117647058822,1.3037169284925134,0.5680062693759388,0.3940828202512632,0.27519648636153493,0.48864913463699705,0.0,0.4889505834898618,0.39044219352153636,0.22810026722992205,Banks—Regional,Financial Services,CVCY
2019Q4,2019,Q4,2020-03-06,2019-12-31,4449000.0,17304000.0,0.0,0.34,17304000.0,1.0,1596755000.0,228128000.0,1055264000.0,0.0,1368627000.0,0.0,135932000.0,284275793.01000005,236856793.01000005,17.389921623844,0.0,0.003228422644676234,0.022596963108430356,0.0,17.389921623844,0.019502209286014868,16.428328306171988,15.974139863452463,1.2461240751244915,0.3263654753877276,0.0,0.00510771594241555,0.010836978747522319,0.0,0.002786275915841817,58.553201443872304,1.0,-0.19047619047619038,2.5657305300361317,0.22333192882038397,0.4495309486871733,-0.1099681102767205,-0.21823932525039536,0.0,0.5779126103450883,0.0948854754476468,0.2859051558966767,Banks—Regional,Financial Services,CVCY
2019Q3,2019,Q3,2019-11-06,2019-09-30,5691000.0,19442000.0,0.0,0.42,19442000.0,1.0,1584127000.0,233182000.0,1043061000.0,36044000.0,1350945000.0,0.0,132935000.0,271876610.5,239084610.5,17.45370332252248,28.93854733103984,0.0064104708776505925,0.04354967364547864,0.0,17.45370332252248,0.024405828923330274,13.98398366937558,11.943270536812513,1.1659416700259884,0.2598840274117027,0.0,0.005439967775381692,0.012273005889048037,15.086588613916325,0.003592514994062976,41.08138569054095,1.0,-0.06666666666666672,0.9785017837443739,0.36552732213297406,0.43285229572835837,-0.035567240438513816,-0.06505667816658453,0.0,0.5025489979307428,0.2486930859770626,0.22640407790813444,Banks—Regional,Financial Services,CVCY
2019Q2,2019,Q2,2019-08-07,2019-06-30,6087000.0,20159000.0,0.0,0.45,20159000.0,1.0,1613227000.0,231680000.0,1065814000.0,82305000.0,1381547000.0,0.0,128723000.0,290027705.32,300656705.32,17.11871765672183,12.94956563999757,0.03666873911730959,0.25533062845303867,0.0,17.11871765672183,0.026273308011049722,14.387008548043058,11.911767098735009,1.2518461037638122,0.246755380318712,0.0,0.0051788155836449455,0.012496071538599341,6.745847761375372,0.003773182571330631,111.42055525163273,1.0,0.1842105263157895,0.8234560846511341,0.39082149885173767,0.42749442143370653,0.10285026533180153,0.1669861963190184,0.0,-0.18549397235283946,0.22242667382563266,0.19869615146925831,Banks—Regional,Financial Services,CVCY
2019Q1,2019,Q1,2019-05-06,2019-03-31,5216000.0,18279000.0,0.0,0.38,18279000.0,1.0,1564237000.0,227455000.0,1012997000.0,39063000.0,1336782000.0,0.0,124138000.0,270882806.65000004,250871806.65000004,16.667657153426056,25.932391265391804,0.007770561622055993,0.053439141808269766,0.0,16.667657153426056,0.022932008529159616,14.81934496690191,12.983263355540645,1.1909292240223341,0.2630368098159509,0.0,0.005064920941153427,0.011685569386224722,13.909377159972353,0.003334533066280877,40.01814250997194,1.0,0.0,0.5949249517877861,0.2394278849033267,0.4420711176023665,0.015387179202310855,-0.01230827494792653,0.0,0.23032909788991493,0.12933316635541264,0.25240900933447363,Banks—Regional,Financial Services,CVCY
2018Q4,2018,Q4,2019-03-08,2018-12-31,5281000.0,18002000.0,0.0,0.38,18002000.0,1.0,1537836000.0,219738000.0,1001844000.0,30645000.0,1318098000.0,0.0,120294000.0,258916911.69000003,242392911.69000003,16.014620416006398,32.691923641703376,0.0098547569441735,0.06896849884862882,0.0,16.014620416006398,0.024033166771336774,14.382674796689258,12.257002068263587,1.1782982992927944,0.23518273054345767,0.0,0.004796905663261736,0.01170605968386746,16.993473649861315,0.0034340462832187567,33.92517186713837,1.0,-0.09523809523809519,0.8999170262230989,0.2995284271206897,0.456047479219421,-0.00022214817283127845,-0.081884561891516,0.0,0.45060358320151345,0.1754754844713035,0.25765628119723577,Banks—Regional,Financial Services,CVCY
2018Q3,2018,Q3,2018-11-07,2018-09-30,5752000.0,18006000.0,0.0,0.42,18006000.0,1.0,1519426000.0,213435000.0,1012153000.0,0.0,1305991000.0,0.0,116255000.0,292269654.71,250148654.70999998,15.561998232464399,0.0,0.0033927285698678315,0.024152552299294867,0.0,15.561998232464399,0.026949656804179257,16.231792441963787,12.702957871609874,1.369361420151334,0.19193324061196107,0.0,0.003777333644491512,0.011850527765090237,0.0,0.003785640103565425,193.94137671532846,1.0,0.16666666666666666,0.5395666059248848,0.1587113413956539,0.3368609323297903,0.015452289645838033,0.15850956696878146,0.0,0.8225508612790513,0.2208999214044435,0.23838422287191108,Banks—Regional,Financial Services,CVCY
2018Q2,2018,Q2,2018-08-07,2018-06-30,4965000.0,17732000.0,0.0,0.36,17732000.0,1.0,1589903000.0,211184000.0,1032900000.0,49353000.0,1378719000.0,0.0,111545000.0,289730295.28000003,278262295.28000003,15.42349389345502,20.928818916783175,0.022111411828268767,0.1664662095613304,0.0,15.42349389345502,0.023510303810894764,16.33940307241146,14.588635210473312,1.371932983938177,0.19395770392749245,0.0,0.003323780825437469,0.011152881653786426,11.265434725345976,0.003122832021827747,20.562831460610365,1.0,-0.05263157894736847,1.7012340793268814,0.426298618253829,0.3256964658178733,0.001072658499407215,-0.06161406161406161,0.0,0.2869789872689383,0.100028160675528,0.2639375533271377,Banks—Regional,Financial Services,CVCY
2018Q1,2018,Q1,2018-05-09,2018-03-31,5291000.0,17713000.0,0.0,0.38,17713000.0,1.0,1622997000.0,207943000.0,1012172000.0,0.0,1415054000.0,0.0,107544000.0,267384730.55999997,230431730.55999997,15.211658016078449,0.0,0.0031762227533384227,0.02479044738221532,0.0,15.211658016078449,0.02544447276417095,15.09539493931011,12.633941152901151,1.2858558862765275,0.18162918162918162,0.0,0.0035940720997317973,0.010913760160986127,0.0,0.0032600183487708234,45.388682831437784,1.0,18.0,1.075058985145167,0.38207372665628364,0.24052391588810013,0.03845928357858944,14.794029850746268,0.0,0.7145191031710444,0.17259087932529468,0.23500275285108085,Banks—Regional,Financial Services,CVCY
2017Q4,2017,Q4,2018-03-14,2017-12-31,335000.0,17057000.0,0.0,0.02,17057000.0,1.0,1661655000.0,209559000.0,1052749000.0,0.0,1452096000.0,0.0,103419000.0,273109601.86,177898601.86,15.484261963692498,0.0,0.0031023287024081413,0.024599277530432957,0.0,15.484261963692498,0.0015985951450426849,16.011584795685057,203.81313571641792,1.303258757008766,2.4298507462686567,0.0,0.002980488399002787,0.010265067056639314,0.0,0.00020160622993340978,65.39980887452107,1.0,-0.9444444444444444,-0.8554885103290756,0.3975532854081629,0.2615072240735222,0.08401652367333969,-0.9254561637739208,0.0,1.1142785134454583,0.16886839280000973,0.29068534174281724,Banks—Regional,Financial Services,CVCY
2017Q3,2017,Q3,2017-11-06,2017-09-30,4494000.0,15735000.0,0.0,0.36,15735000.0,1.0,1423026000.0,181232000.0,857475000.0,0.0,1241794000.0,0.0,104399000.0,272245379.90000004,241711379.90000004,14.844966704244886,0.0,0.0036225620614099814,0.028444204114063742,0.0,14.844966704244886,0.02479694535181425,17.301898945027013,15.144936576546506,1.5021926585812662,0.1628838451268358,0.0,0.0026887508624347457,0.011057422703450254,0.0,0.0031580589532447054,43.9034639412998,1.0,-0.10000000000000009,0.4392364354664852,0.25572196745805365,0.21332237001353774,-0.10285649124807572,-0.09175424413904608,0.0,0.7097503710658071,0.2094223237388393,0.21868947977019973,Banks—Regional,Financial Services,CVCY
2017Q2,2017,Q2,2017-08-04,2017-06-30,4948000.0,17539000.0,0.0,0.4,17539000.0,1.0,1444836000.0,177167000.0,865943000.0,0.0,1267669000.0,0.0,100638000.0,270519751.2,221137751.2,14.51288012274351,0.0,0.003567878984189209,0.02909684083378959,0.0,14.51288012274351,0.027928451686826554,15.423898238211985,13.66813617623282,1.5269195233875383,0.14834276475343572,0.0,0.0027132954127898077,0.01213909398713764,0.0,0.0034246101287620186,44.38388042657916,1.0,0.142857142857143,1.2749382482393383,0.5344831221521869,0.2291137941970287,0.15669722350458354,0.16423529411764706,0.0,0.6432732656849579,0.3415143748269084,0.21019902480941577,Banks—Regional,Financial Services,CVCY
2017Q1,2017,Q1,2017-05-08,2017-03-31,4250000.0,15163000.0,0.0,0.35,15163000.0,1.0,1459534000.0,170128000.0,879485000.0,0.0,1289406000.0,0.0,96424000.0,249440105.0,185089105.0,13.981809380652722,0.0,0.003531949238592592,0.030300714755948463,0.0,13.981809380652722,0.0249811906329352,16.45057739233661,14.672947352941176,1.466190779883382,0.17176470588235293,0.0,0.0029265542523725287,0.010388932357862167,0.0,0.0029118883150375395,31.626740839355904,1.0,0.6666666666666666,0.9513921929730729,0.27907457478923087,0.2084137229548152,0.037637719838499964,0.6302263137706176,0.0,0.4574716290893634,0.1530880590356143,0.2096939176311677,Banks—Regional,Financial Services,CVCY
2016Q4,2016,Q4,2017-03-29,2016-12-31,2607000.0,14613000.0,0.0,0.21,14613000.0,1.0,1443323000.0,164033000.0,844553000.0,18156000.0,1279290000.0,0.0,92904000.0,242104620.4,209106620.4,13.523486972659196,46.516468385106855,0.003848757346761605,0.033865136893186126,0.0,13.523486972659196,0.015893143452841808,16.567756134948333,23.216783697736865,1.4759506952869241,0.27963176064441886,0.0,0.003011094950586081,0.010124552854766397,33.9393038114122,0.0018062484973910898,108.17900822162646,1.0,-0.2500000000000001,0.204303752860456,0.23697166426023716,0.20414382691036073,0.14155144129364894,-0.1628131021194605,0.0,0.06097579400140393,0.19330205434427825,0.2295539079475385,Banks—Regional,Financial Services,CVCY
2016Q3,2016,Q3,2016-11-09,2016-09-30,3114000.0,12801000.0,0.0,0.28,12801000.0,1.0,1307775000.0,156322000.0,716955000.0,0.0,1151453000.0,0.0,91026000.0,174208476.26,134286476.26,14.231609007932436,0.0,0.003941809562042401,0.03297680428858382,0.0,14.231609007932436,0.019920420670155193,13.608974006718224,13.985908498715478,1.114420722994844,0.21355170199100834,0.0,0.0038172654642103124,0.009788381028846705,0.0,0.0023811435453346334,58.12761970637304,1.0,-0.4909090909090909,0.9224448736426617,0.16587344007888827,0.27771149342888324,-0.04241472172351885,-0.4859689666556619,0.0,0.04071638203723323,0.028575290908540003,0.22257320703246797,Banks—Regional,Financial Services,CVCY
2016Q2,2016,Q2,2016-08-08,2016-06-30,6058000.0,13368000.0,0.0,0.55,13368000.0,1.0,1290809000.0,156675000.0,740793000.0,0.0,1134134000.0,0.0,88577000.0,153590948.0,79223948.0,14.281115056337825,0.0,0.003993619505286994,0.03290250518589437,0.0,14.281115056337825,0.03866602840274454,11.489448533812089,6.338352096401452,0.9803156087442157,0.10911191812479366,0.0,0.004303639039977799,0.010356295935339776,0.0,0.004693180788172379,57.288678851174936,1.0,0.774193548387097,1.963755696030966,0.23474269254222752,0.30872538855922393,0.02894088669950739,0.7801939465177784,0.0,3.113513214215061,0.3420226203467164,0.22750551132642333,Banks—Regional,Financial Services,CVCY
2016Q1,2016,Q1,2016-05-06,2016-03-31,3403000.0,12992000.0,0.0,0.31,12992000.0,1.0,1271543000.0,145779000.0,729656000.0,0.0,1125764000.0,0.0,83180000.0,121916294.85000001,48722294.85000001,13.30847752547165,0.0,0.004054129510366539,0.03536174620487176,0.0,13.30847752547165,0.02334355428422475,9.383951266163793,8.95653062371437,0.8363090352519911,0.1939465177784308,0.0,0.0054135503446199095,0.010217507390626978,0.0,0.002676275989093566,28.876431750355284,1.0,0.19230769230769226,0.853721252404092,0.19851941578436944,0.2668267333500618,0.06387160170324271,0.17223561832586978,0.0,0.6655427900518864,0.26507496431878064,0.08531789479862327,Banks—Regional,Financial Services,CVCY
2015Q4,2015,Q4,2016-03-15,2015-12-31,2903000.0,12212000.0,0.0,0.26,12212000.0,1.0,1276736000.0,139323000.0,727237000.0,0.0,1137413000.0,0.0,80437000.0,131623598.39999999,42451598.39999999,12.733702089700657,0.0,0.004037639731314853,0.037000351700724216,0.0,12.733702089700657,0.02083647351837098,10.778218015067146,11.335135928349983,0.9447370383927994,0.22769548742679988,0.0,0.005021895830497216,0.009565015790265176,0.0,0.0022737668554814777,42.73493454545454,1.0,0.13043478260869565,3.0615127770208646,0.4513409965261148,0.23889765033361962,0.0382587995238905,0.15335717123559794,0.0,0.5490030812673221,0.2376566983275829,0.03741832920571563,Banks—Regional,Financial Services,CVCY
2015Q3,2015,Q3,2015-11-04,2015-09-30,2517000.0,11762000.0,0.0,0.23,11762000.0,1.0,1233995000.0,137453000.0,708284000.0,0.0,1096542000.0,0.0,78195000.0,132351736.0,62486736.0,12.566373137712375,0.0,0.004177488563567923,0.037503728547212505,0.0,12.566373137712375,0.018311713822179217,11.25248563169529,13.14578228049265,0.9628872123562235,0.26181962653953117,0.0,0.004979156450203268,0.009531643159007938,0.0,0.0020397165304559583,25.496385282219226,1.0,-0.1785714285714286,1.4939189739306145,0.06372052990290607,0.19469573735669196,-0.08545214213513724,-0.18226120857699804,0.0,-0.10030837871123109,0.04765744393537558,0.027086280602015216,Banks—Regional,Financial Services,CVCY
2015Q2,2015,Q2,2015-08-05,2015-06-30,3078000.0,12861000.0,0.0,0.28,12861000.0,1.0,1217102000.0,133308000.0,713942000.0,0.0,1083794000.0,0.0,76337000.0,129236089.71,52296089.70999999,12.202734108860714,0.0,0.004235470815100131,0.03866984727098149,0.0,12.202734108860714,0.02308938698352687,10.048681261954746,10.496758423489279,0.9694548692501574,0.21410006497725795,0.0,0.005099194826141571,0.010566904006402093,0.0,0.002528958131693153,35.14715521076965,1.0,0.2727272727272728,4.104969721290247,0.14647849715297429,0.16742992537313553,0.06544611051279928,0.24817518248175183,0.0,0.5813889354245368,0.25736736747211064,0.03346466678345089,Banks—Regional,Financial Services,CVCY
2015Q1,2015,Q1,2015-05-11,2015-03-31,2466000.0,12071000.0,0.0,0.22,12071000.0,1.0,1198409000.0,134547000.0,697538000.0,0.0,1063862000.0,0.0,73918000.0,119930094.60999998,39898094.609999985,12.317104541638784,0.0,0.004301536453748261,0.03831374909882792,0.0,12.317104541638784,0.018328167852126022,9.9353901590589,12.158363200527168,0.8913620861854964,0.0,0.0,0.0,0.010072521150959314,0.0,0.002057728204644658,24.835389233795812,1.0,2.0,0.5672650749999948,0.06350426237429137,0.17332808501251443,0.02487688911529971,2.0422654268808116,0.0,0.2612341856801441,0.13422968529034857,0.06453733919311512,Banks—Regional,Financial Services,CVCY
2014Q4,2014,Q4,2015-03-16,2014-12-31,-2366000.0,11778000.0,0.0,-0.22,11778000.0,1.0,1192183000.0,131045000.0,686474000.0,0.0,1061138000.0,0.0,71452000.0,121029177.88,49222177.879999995,11.996930206694717,0.0,0.004324000593868559,0.03933763211110687,0.0,11.996930206694717,-0.01805486664886108,10.275868388520971,-12.78837467032967,0.9235695973138998,-0.2320371935756551,0.0,0.004536096250644051,0.00987935577004537,0.0,-0.0019845946469627565,27.40076474530224,1.0,-2.0476190476190474,-4.9976561516760745,0.03739184910849232,0.17962256135949178,0.01211652487754576,-2.006380263717567,0.0,-2.2136737719999466,0.10709307656572116,0.06821779615507562,Banks—Regional,Financial Services,CVCY
2014Q3,2014,Q3,2014-11-06,2014-09-30,2351000.0,11637000.0,0.0,0.21,11637000.0,1.0,1164119000.0,133013000.0,643478000.0,0.0,1031106000.0,0.0,74367000.0,125357352.4,75795352.4,12.181090384930625,0.0,0.00442824144267038,0.03875561035387518,0.0,12.181090384930625,0.01767496410125326,10.772308361261494,13.33021612079966,0.942444365588326,0.23351765206295194,0.0,0.004379479858893382,0.009996400711611099,0.0,0.002019552983844435,31.276784530938126,1.0,-0.125,3.3541805814276375,-0.20402020932960832,0.09299297539974508,-0.004789190113743265,-0.12699591533605645,0.0,0.4599772626952977,0.06612154890961196,0.09361627196523449,Banks—Regional,Financial Services,CVCY
2014Q2,2014,Q2,2014-08-07,2014-06-30,2693000.0,11693000.0,0.0,0.24,11693000.0,1.0,1160688000.0,130931000.0,645785000.0,0.0,1029757000.0,0.0,72565000.0,142917470.85,81472470.85,11.992143296454088,0.0,0.004441331348303765,0.03937188290015352,0.0,11.992143296454088,0.020568085480138394,12.222481044214486,13.267496365577424,1.0915479974184876,0.20274786483475676,0.0,0.0038203866661834364,0.010074197372592807,0.0,0.0023201756199771172,36.458538482142856,1.0,0.0,3.0676446389222973,-0.1925282651290372,0.13634041024750002,-0.008815800627278122,0.029434250764525993,0.0,0.323857974541063,0.08524523378524652,0.0989633745962107,Banks—Regional,Financial Services,CVCY
2014Q1,2014,Q1,2014-05-13,2014-03-31,2616000.0,11797000.0,0.0,0.24,11797000.0,1.0,1139502000.0,126168000.0,643766000.0,0.0,1013334000.0,0.0,70418000.0,125642526.95,35526526.95,11.558138118138192,0.0,0.0045239060572074465,0.0408582207849851,0.0,11.558138118138192,0.02073425908312726,10.650379499025176,12.007122223814985,0.99583513212542,0.20871559633027523,0.0,0.004345662358552237,0.010352768139064258,0.0,0.0022957397178767565,36.062723005166475,1.0,0.26315789473684204,0.454700594033158,-0.19210517684490086,0.07658449154125248,0.07060531808694073,0.18317503392130258,0.0,0.42996521162529805,0.0920584757311428,0.10021287767782597,Banks—Regional,Financial Services,CVCY
2013Q4,2013,Q4,2014-03-21,2013-12-31,2211000.0,11019000.0,0.0,0.19,11019000.0,1.0,1145635000.0,120043000.0,660273000.0,0.0,1025592000.0,0.0,68348000.0,122785830.0,16106830.0,10.998693823220481,0.0,0.004499687945986287,0.04294294544454904,0.0,10.998693823220481,0.018418400073307063,11.14310100735094,13.88351763907734,1.022848729205368,0.32654907281772955,0.0,0.005880157343888949,0.009618246649238195,0.0,0.0019299340540398992,29.402737068965518,1.0,-0.2692307692307693,0.1863298237994199,-0.06647373216840625,0.1151588435332859,-0.10770102842335412,-0.2553048164365106,0.0,2.1010012049196543,0.3127960307913743,0.07009382176044572,Banks—Regional,Financial Services,CVCY
2013Q3,2013,Q3,2013-11-12,2013-09-30,2969000.0,12349000.0,0.0,0.26,12349000.0,1.0,1091787000.0,126873000.0,631849000.0,0.0,964914000.0,0.0,66771000.0,110625722.9,33736722.900000006,11.640700880789453,0.0,0.004721616945429832,0.04063118236346583,0.0,11.640700880789453,0.023401354110015527,8.958273779253382,9.315065922869653,0.8719406248768454,0.2132030986864264,0.0,0.0057219965068359335,0.011310814288867701,0.0,0.0027193949002873273,29.104373296500924,1.0,1.1666666666666667,0.34851151073698794,-0.08046159009496712,0.2695022307459381,0.4186099942561746,1.306915306915307,0.0,1.9523205793144964,0.1208109085999684,0.10669129188814962,Banks—Regional,Financial Services,CVCY
2013Q2,2013,Q2,2013-08-09,2013-06-30,1287000.0,8705000.0,0.0,0.12,8705000.0,1.0,871372000.0,111542000.0,466102000.0,0.0,759830000.0,0.0,64435000.0,96832497.6,64566497.599999994,11.634257381790388,0.0,0.005915957822835712,0.04621577522368256,0.0,11.634257381790388,0.01153825464847322,11.123779161401492,18.809731468531467,0.8681258862132649,0.4397824397824398,0.0,0.005845145111696468,0.009989992792974757,0.0,0.0014769811286109722,25.45544100946372,1.0,-0.3333333333333333,-0.3884109864452744,-0.22289873378433123,0.2873926163477849,-0.02867663467975898,-0.2781828379136287,0.0,1.4322174861579882,-0.11578219572194118,0.11304401995721916,Banks—Regional,Financial Services,CVCY
2013Q1,2013,Q1,2013-05-15,2013-03-31,1783000.0,8962000.0,0.0,0.18,8962000.0,1.0,886359000.0,117215000.0,487974000.0,0.0,769144000.0,0.0,63714000.0,80677833.39999999,8063833.399999991,12.262285169398215,0.0,0.005815927857673923,0.04397901292496694,0.0,12.262285169398215,0.015211363733310583,9.002213055121624,11.312091054402691,0.6882893264513927,0.31688166012338753,0.0,0.007003162779529972,0.010111027247424575,0.0,0.0020116002658065184,30.478969928220625,1.0,0.12499999999999993,-0.15215420819990116,-0.21527309275712103,0.3311673051676252,0.03666859456333141,0.08587088915956151,0.0,0.2949539892873484,-0.09769256579333917,0.16810598846903105,Banks—Regional,Financial Services,CVCY
2012Q4,2012,Q4,2013-03-20,2012-12-31,1642000.0,8645000.0,0.0,0.16,8645000.0,1.0,890228000.0,117665000.0,465851000.0,15976000.0,772563000.0,0.0,62496000.0,74388919.76,31015919.760000005,12.274414024909346,29.15942663995994,0.010283882331267945,0.0778056346407173,0.0,12.274414024909346,0.013954871882037988,8.604849017929439,11.325962204628501,0.6322094060255811,0.3459196102314251,0.0,0.007635545748379342,0.009710995385451816,28.679894842263394,0.0018444713039805533,-8.220678501491879,1.0,-0.36,-0.37780251012548366,-0.2763237398198565,0.3434990968079439,-0.12286931818181818,-0.3314332247557003,0.0,2.161314047207902,-0.13235899050737465,0.20690672211884104,Banks—Regional,Financial Services,CVCY
2012Q3,2012,Q3,2012-11-09,2012-09-30,2456000.0,9856000.0,0.0,0.25,9856000.0,1.0,887737000.0,117486000.0,492423000.0,27810000.0,770251000.0,0.0,61422000.0,76243635.62,9200635.620000005,12.234973219919494,17.706688241639696,0.010312739020678422,0.07792417819995574,0.0,12.234973219919494,0.020904618422620567,7.735758484172078,7.760956394543975,0.6489593280901554,0.035423452768729644,0.0,0.0011410788493036975,0.011102387306150357,3.12358863718087,0.0027665851485293505,4.526187926387652,1.0,0.47058823529411753,-0.01627912654338584,-0.14315158940189918,0.40699592300368753,0.09742790335151988,0.4370977179637215,0.0,4.172577403774873,-0.23336872888313362,0.09782781023606772,Banks—Regional,Financial Services,CVCY
2012Q2,2012,Q2,2012-08-10,2012-06-30,1709000.0,8981000.0,0.0,0.17,8981000.0,1.0,836044000.0,113259000.0,482566000.0,14879000.0,722785000.0,0.0,59053000.0,66185110.5,28466110.5,11.807596815903178,32.43269036897641,0.010950380601977887,0.08083242832799159,0.0,11.807596815903178,0.01508930857591891,7.3694589132613295,9.681847644821534,0.5843695467909835,0.05090696313633704,0.0,0.0013144950479458668,0.010742257584529043,4.022044492237382,0.002044150786322251,26.16012272727273,1.0,0.0,-0.34011680336546996,-0.22518463881203826,0.39042527752426237,-0.03678678678678678,-0.002335084646818447,0.0,1.938212364498664,-0.294071779638391,0.11885332572600658,Banks—Regional,Financial Services,CVCY
2012Q1,2012,Q1,2012-05-11,2012-03-31,1713000.0,9324000.0,0.0,0.17,9324000.0,1.0,834684000.0,110732000.0,480354000.0,4000000.0,723952000.0,0.0,57431000.0,69384653.25,27114653.25,11.570382820930218,120.0885,0.01096822270464032,0.08267709424556587,0.0,11.570382820930218,0.015469782899252249,7.441511502574002,10.126189908056043,0.6265998378969042,0.05137186223000584,0.0,0.0012682919907796757,0.011170694538292336,16.19325,0.002052273674827839,-15.708547260584107,1.0,-0.047452874707259854,-0.2542028737457155,-0.17296199914772326,0.37388502809813,0.000321853878339234,0.002927400468384075,0.0,0.08649857894149512,-0.27168134532707666,0.07772502620130643,Banks—Regional,Financial Services,CVCY
2011Q4,2011,Q4,2012-03-21,2011-12-31,1708000.0,9321000.0,0.0,0.17846886047528096,9321000.0,1.0,849023000.0,107482000.0,490378000.0,0.0,741541000.0,0.0,55806000.0,51966712.71,17245712.71,11.230790434194466,0.0,0.01078298232203368,0.08517705290188124,0.0,11.230790434194466,0.015891032917139614,5.575229343418088,7.606368956381733,0.48349223786308404,0.02459016393442623,0.0,0.0008082096751892083,0.010978501171346359,0.0,0.0020117240640124003,5.253408078245046,1.0,0.37283738827139196,-0.49615650682433515,-0.2576967322742864,0.3649861811819784,-0.023365465213746855,0.21306818181818182,0.0,0.045140998492743487,-0.09943061318708905,0.13869114586316003,Banks—Regional,Financial Services,CVCY
2011Q3,2011,Q3,2011-11-14,2011-09-30,1408000.0,9544000.0,0.0,0.13,9544000.0,1.0,834908000.0,106347000.0,542444000.0,0.0,728561000.0,0.0,54185000.0,53467769.599999994,-34659230.400000006,11.138358761836214,0.0,0.010965280006898963,0.08608611432386433,0.0,11.138358761836214,0.013239677658984268,5.602239061190276,9.493567045454544,0.5027670700630953,0.06392045454545454,0.0,0.0016832570476251923,0.011431199605225964,0.0,0.0016864133533275522,13.310373313417973,1.0,-0.27777777777777773,-0.4733275978990957,-0.19471122229820198,0.38661621538187974,0.016292194654456395,-0.20586576424139877,0.0,-0.2699826976413864,-0.1887502923081879,0.21471820638695732,Banks—Regional,Financial Services,CVCY
2011Q2,2011,Q2,2011-08-12,2011-06-30,1773000.0,9391000.0,0.0,0.18,9391000.0,1.0,792929000.0,103842000.0,549388000.0,0.0,689087000.0,0.0,52978000.0,62425681.599999994,-21757318.400000006,10.912231993955514,0.0,0.0115458004436715,0.08816278577069009,0.0,10.912231993955514,0.017074016293985094,6.647394484080502,8.802267569091935,0.6011602395947689,0.049069373942470386,0.0,0.0013936571899601014,0.011843431126872646,0.0,0.002236013564896731,76.59592834355827,1.0,0.12499999999999993,-0.3345870787932333,-0.17254924362816204,0.4617442136190064,0.0014930148235043192,0.11649874055415617,0.0,-0.15115152969752998,-0.15538072518227367,0.20749665714637194,Banks—Regional,Financial Services,CVCY
2011Q1,2011,Q1,2011-05-16,2011-03-31,1588000.0,9377000.0,0.0,0.16,9377000.0,1.0,766690000.0,99543000.0,529025000.0,0.0,667147000.0,0.0,51306000.0,58273980.6,-16141019.399999999,10.505365236710807,0.0,0.011940940927884804,0.09197030429060808,0.0,10.505365236710807,0.01595290477482093,6.214565490028794,9.17411533375315,0.5854151532503542,0.055415617128463476,0.0,0.0015101079262809104,0.012230497332689874,0.0,0.0020712413100470854,12.629818075422627,1.0,1.4492262358642976,-0.30170382554068215,-0.1509820580284293,0.45521142806869425,0.2868121311925346,1.5654281098546041,0.0,-0.23822233586786373,-0.17169605172347088,0.140439855929421,Banks—Regional,Financial Services,CVCY
2010Q4,2010,Q4,2011-03-17,2010-12-31,619000.0,7287000.0,0.0,0.06532675408139185,7287000.0,1.0,777594000.0,97391000.0,555651000.0,20553000.0,680203000.0,0.0,49815000.0,53337274.27599999,-27906725.724000007,10.278251868725096,27.03503138227996,0.024633677728994822,0.19668141820086044,0.0,10.278251868725096,0.006355823433376801,7.319510673253738,21.5417101276252,0.5476612240966824,0.1421647819063005,0.0,0.0016498780860947947,0.009371214284060833,5.775458570524984,0.0007960452369745652,14.840643927657204,1.0,-0.18341557398260186,-0.766643552382469,-0.3337889983891966,0.4748753050534984,-0.23019226706106063,-0.2835648148148148,0.0,-0.7627027460247559,-0.3828722726248069,0.12500866227695256,Banks—Regional,Financial Services,CVCY
2010Q3,2010,Q3,2010-11-12,2010-09-30,864000.0,9466000.0,0.0,0.08,9466000.0,1.0,765037000.0,98494000.0,545243000.0,10000000.0,666543000.0,0.0,49296000.0,54872500.88,13017500.880000003,10.518471561232767,54.5243,0.025038004697812002,0.19447885150364488,0.0,10.518471561232767,0.008772107945661665,5.796799163321361,15.87745974537037,0.5571151631571467,0.09953703703703703,0.0,0.0015672695543451234,0.01237325776400357,7.9017,0.0011293571422035797,15.691307086073778,1.0,1.0,-0.675344134051697,-0.10479442377064613,0.5239092679442756,0.009491308520848885,0.7142857142857143,0.0,-0.6451186117964036,-0.15609073017587244,0.2096018795357948,Banks—Regional,Financial Services,CVCY
2010Q2,2010,Q2,2010-08-16,2010-06-30,504000.0,9377000.0,0.0,0.04,9377000.0,1.0,755989000.0,95451000.0,538533000.0,10000000.0,660538000.0,0.0,48530000.0,57073456.25,32814456.25,10.452648029354275,53.8533,0.025337670257106915,0.2006788823584876,0.0,10.452648029354275,0.00528019612157023,6.086536872133944,28.31024615575397,0.5979346078092425,0.17261904761904762,0.0,0.0015243513485307806,0.012403619629386142,6.2854,0.0006666763669841757,14.197377176616916,1.0,-0.6923076923076923,-0.7917281704718043,-0.06731537512122523,0.561703202585287,0.0061158798283261805,-0.6099071207430341,0.0,-0.7955850783054842,-0.1502435035692875,0.23087079137929192,Banks—Regional,Financial Services,CVCY
2010Q1,2010,Q1,2010-05-13,2010-03-31,1292000.0,9320000.0,0.0,0.13,9320000.0,1.0,759501000.0,94160000.0,535956000.0,10000000.0,665341000.0,0.0,48124000.0,49333278.5,12705278.5,10.497579235485029,53.5956,0.025220506622111095,0.20343033135089209,0.0,10.497579235485029,0.013721325403568393,5.293270225321889,9.54591302244582,0.5239303154205608,0.06811145510835913,0.0,0.001783785766437558,0.012271214916109392,7.6736,0.001701116917555079,19.96490428976123,1.0,1.3992989917695475,-0.2973624653269381,0.02713217387229742,0.6988606702797067,-0.0003217848332081948,1.6584362139917694,0.0,-0.3998304140006966,-0.11796211391233925,0.24649868255155788,Banks—Regional,Financial Services,CVCY
2009Q4,2009,Q4,2010-03-31,2009-12-31,486000.0,9323000.0,0.0,0.05418249265554082,9323000.0,1.0,765488000.0,91223000.0,536455000.0,14943000.0,674265000.0,0.0,46931000.0,49781762.85,25535762.85,10.170143060733334,35.90008699725624,0.03155503417427837,0.26479067778959253,0.0,10.170143060733334,0.005327603784133388,5.339672085165719,25.607902700617284,0.5457150373261129,0.17901234567901234,0.0,0.0017476279468476076,0.01217915891561984,4.697784916014188,0.0006348891164851703,-58.91332881656805,1.0,0.8060830885180275,-0.696849213834769,0.2054581427622186,1.0007728008344465,-0.091502631066069,0.28232189973614774,0.0,-0.8470349600718516,-0.20782218491741472,0.23607548550437288,Banks—Regional,Financial Services,CVCY
2009Q3,2009,Q3,2009-11-13,2009-09-30,379000.0,10262000.0,0.0,0.03,10262000.0,1.0,758744000.0,85422000.0,556912000.0,5000000.0,673322000.0,0.0,46515000.0,41159986.74,46713986.74,11.144710587435918,111.3824,0.031835507101209366,0.28277258785792886,0.0,11.144710587435918,0.004436796141509213,4.010912759695966,27.15038703166227,0.4818429296902437,0.23218997361477572,0.0,0.002137998745137594,0.013524983393608385,7.0054,0.0004995097160570627,13.000627523689198,1.0,-0.25000000000000006,-0.7327199738050842,0.5023435175641593,0.9972579480233756,0.011134101881958814,-0.18318965517241378,0.0,-0.823404262276986,0.07858984495057522,0.3874069552531798,Banks—Regional,Financial Services,CVCY
2009Q2,2009,Q2,2009-07-31,2009-06-30,464000.0,10149000.0,0.0,0.04,10149000.0,1.0,747623000.0,80753000.0,546122000.0,15000000.0,666870000.0,0.0,46247000.0,39713454.42,56889454.42,10.553301799627231,36.40813333333333,0.04568479032881546,0.42295642267160355,0.0,10.553301799627231,0.005745916560375466,3.9130411291752885,21.39733535560345,0.49178921427067723,0.21982758620689655,0.0,0.002568399085138059,0.013575023775352016,2.404733333333333,0.000620633661618222,15.891738463385355,1.0,-0.75,-0.6087845443891758,0.6173014519247249,1.078475620572126,-0.007238579673285729,-0.6314535345512311,0.0,-0.783434326176626,0.11209711840630093,0.41366384518996885,Banks—Regional,Financial Services,CVCY
2009Q1,2009,Q1,2009-05-13,2009-03-31,1259000.0,10223000.0,0.0,0.16,10223000.0,1.0,766961000.0,82047000.0,554511000.0,15000000.0,684914000.0,0.0,45918000.0,35689447.6,56184447.6,10.735932208712583,36.9674,0.04453290323758314,0.4162857874145307,0.0,10.735932208712583,0.015344863310053993,3.4910933776777857,7.0868640984908655,0.4349878435530854,0.0,0.0,0.0,0.013329230560615208,2.1492,0.0016415437030044553,30.63471896995708,1.0,-0.063015478927203,-0.0015671637041239869,0.48264843515386086,0.9966515148878838,0.23690260133091348,-0.03524904214559387,0.0,-0.3135774873650089,0.1476459719805216,0.4871497457789342,Banks—Regional,Financial Services,CVCY
2008Q4,2008,Q4,2009-03-19,2008-12-31,1305000.0,8265000.0,0.0,0.1707605583673982,8265000.0,1.0,752713000.0,75375000.0,527256000.0,18125000.0,677338000.0,0.0,44708000.0,47076444.800000004,59538444.800000004,9.862894319496275,29.08998620689655,0.04055064812219265,0.4049485903814262,0.0,9.862894319496275,0.017313432835820895,5.69587958862674,9.018476015325671,0.6245631150912107,0.0,0.0,0.0,0.010980280664742072,1.9219862068965516,0.0017337285260119063,3.6408696674400622,1.0,-0.10126021911895684,0.1678370537125907,0.3087611137655712,0.9261368864482676,0.11613774476704929,0.07495881383855024,0.0,-0.39001902277044675,-0.06312313994576904,0.4152736724072732,Banks—Regional,Financial Services,CVCY
2008Q3,2008,Q3,2008-11-13,2008-09-30,1214000.0,7405000.0,0.0,0.19,7405000.0,1.0,524636000.0,55106000.0,411776000.0,28344000.0,469530000.0,0.0,43403000.0,46154542.08,65593542.08,9.16950013860911,14.527801298334744,0.07414664643676759,0.7059122418611403,0.0,9.16950013860911,0.02203026893623199,6.232888869682647,9.504642108731465,0.8375592871919574,0.0,0.0,0.0,0.014114547991369254,1.0461120519333897,0.002313985315533055,-3.112661321823577,1.0,-0.09523809523809519,0.03593097440129815,0.4317005949052091,0.819291316363387,0.05785714285714286,-0.07680608365019011,0.0,-0.28922505547578825,0.09115200025304429,0.3284711720991758,Banks—Regional,Financial Services,CVCY
2008Q2,2008,Q2,2008-08-14,2008-06-30,1315000.0,7000000.0,0.0,0.21,7000000.0,1.0,522510000.0,54142000.0,410898000.0,32321000.0,468368000.0,0.0,42189000.0,58413234.75,70402234.75,9.037070147874323,12.713034868970638,0.07444833591701594,0.718481031361974,0.0,9.037070147874323,0.024287983450925345,8.344747821428571,11.105177709125476,1.0788894896752983,0.0,0.0,0.0,0.013396872787123692,1.127007208935367,0.002516698245009665,10.076459332413318,1.0,0.0,0.37182631372764363,0.3862939803104808,0.8111155796646901,-0.012275998306758854,0.007662835249042145,0.0,-0.1717274600661784,0.06124695319353314,0.35020535966473976,Banks—Regional,Financial Services,CVCY
2008Q1,2008,Q1,2008-05-08,2008-03-31,1305000.0,7087000.0,0.0,0.21,7087000.0,1.0,495561000.0,54642000.0,379661000.0,11652000.0,440919000.0,0.0,40874000.0,65131361.64,70840361.64,9.211678443269838,32.583333333333336,0.048429961195493594,0.4392225760404085,0.0,9.211678443269838,0.023882727572197213,9.190258450684352,12.477272344827586,1.1919651850225101,0.4582375478927203,0.0,0.009181444774720358,0.014300963958019296,2.1738757294884996,0.002633379140004964,95.08227976642335,1.0,-0.2371820085731782,0.4666668055186847,0.5011174416790979,0.9418657502402704,-0.04126082251082251,-0.20085731781996327,0.0,0.07317071966129089,0.18103379385074947,0.49075876099462096,Banks—Regional,Financial Services,CVCY
2007Q4,2007,Q4,2008-03-05,2007-12-31,1633000.0,7392000.0,0.0,0.2752950275952499,7392000.0,1.0,483685000.0,54194000.0,384611000.0,26929000.0,429491000.0,0.0,40483000.0,65190679.82,68082679.82,9.136153536740338,14.282409298525753,0.04134922521889246,0.36904454367642175,0.0,9.136153536740338,0.030132486991179836,8.819085473484849,9.98020205450092,1.2029132343063809,0.0,0.0,0.0,0.015282673640902654,0.894537487467043,0.0033761642391225695,25.465109304687502,1.0,0.1011801103809995,0.9854303594797891,0.5610473799680852,0.9738924485981227,0.018041592067208373,0.03616751269035533,0.0,0.5402743571330427,0.4452663123521024,0.7973559852008059,Banks—Regional,Financial Services,CVCY
2007Q3,2007,Q3,2007-11-09,2007-09-30,1576000.0,7261000.0,0.0,0.25,7261000.0,1.0,477502000.0,52710000.0,376493000.0,16716000.0,424792000.0,0.0,39940000.0,73950763.6,67566763.6,8.695812844858846,22.522912179947355,0.0215978152971087,0.19565547334471636,0.0,8.695812844858846,0.029899449819768546,10.184652747555432,11.730768337563452,1.4029740770252324,0.0,0.0,0.0,0.015206219031543323,1.3753290260827948,0.003300509736084875,37.6531382892057,1.0,0.0,0.7627120043465201,0.5111995812828705,0.8968364921743933,0.002070107645597571,-0.026559604694255712,0.0,0.40540539626676136,0.3441625219570063,0.5583878273607036,Banks—Regional,Financial Services,CVCY
2007Q2,2007,Q2,2007-08-09,2007-06-30,1619000.0,7246000.0,0.0,0.25,7246000.0,1.0,489516000.0,50921000.0,384043000.0,16688000.0,438595000.0,0.0,38959000.0,89944440.0,76558440.0,8.492075774778296,23.013123202301056,0.021705112805301564,0.20865654641503506,0.0,8.492075774778296,0.031794348107853344,12.412978194866133,13.888888202594194,1.7663525853773492,0.0,0.0,0.0,0.014802376224679071,1.8373681687440078,0.003307348482991363,256.98411428571427,1.0,0.08695652173913039,1.2978725765994659,0.5708997844344019,0.9803046165339978,0.016697067489827418,0.11501377410468319,0.0,0.7419356860746478,0.47351071356534935,0.6725166020127747,Banks—Regional,Financial Services,CVCY
2007Q1,2007,Q1,2007-05-11,2007-03-31,1452000.0,7127000.0,0.0,0.23,7127000.0,1.0,472211000.0,50951000.0,361722000.0,7510000.0,421260000.0,0.0,37340000.0,89358500.0,72833500.0,8.421652892561983,48.165379494007986,0.001986400147391738,0.01840984475280171,0.0,8.421652892561983,0.02849796863653314,12.538024414199523,15.385416666666666,1.7538124865066436,0.0,0.0,0.0,0.015092829264883707,3.107057256990679,0.0030748966034251637,93.27609603340292,1.0,-0.3506766215585627,0.8113207613469985,0.6244895205815637,1.0432663717117776,-0.10216679264298312,-0.32244517032197856,0.0,0.4545455052264808,0.3056721849919604,0.5662455461620527,Banks—Regional,Financial Services,CVCY
