Quarters,Year,Quarter,FillingDate,Date,NetIncome,Revenue,OperatingIncome,EPSDiluted,GrossProfit,GrossProfitRatio,TotalAssets,CommonStockEquity,CurrentAssets,CurrentLiability,TotalLiability,Inventory,RetainedEarnings,MarketCap,EnterpriseValue,bookValuePerShare,currentRatio,debtToAssets,debtToEquity,roic,shareholdersEquityPerShare,roe,priceToSalesRatio,peRatio,pbRatio,payoutRatio,inventoryTurnover,dividendYield,assetTurnover,quickRatio,returnOnAssets,priceToFreeCashFlowsRatio,grossProfitMargin,epsdilutedGrowth,fiveYNetIncomeGrowthPerShare,fiveYRevenueGrowthPerShare,fiveYShareholdersEquityGrowthPerShare,grossProfitGrowth,netIncomeGrowth,operatingIncomeGrowth,threeYNetIncomeGrowthPerShare,threeYRevenueGrowthPerShare,threeYShareholdersEquityGrowthPerShare,Industry,Sector,Symbol
2023Q1,2023,Q1,2023-05-09,2023-03-31,-4075000.0,113670000.0,-3001000.0,-0.21,64378000.0,0.5663587578,593888000.0,222746000.0,225844000.0,269305000.0,371142000.0,-16759000.0,170556000.0,618143800.0,597447800.0,11.657211639104041,0.8386179239152634,0.1406342610054421,0.3749607175886436,-0.006403247762640202,11.657211639104041,-0.018294380145995888,5.438055775490455,-37.92293251533742,2.7751061747461234,0.0,-2.9412256101199357,0.0,0.19139972520071125,0.6679823991385232,-0.006861563123013093,58.041671361502345,0.566358757807689,-1.4532710280373833,-1.2194943529300633,0.37999032667596144,0.4880177580443787,-0.19604880302708644,-1.5,-1.4772582697201018,-6.775936902825062,0.04633623253114081,0.37855084154870067,Consulting Services,Industrials,FORR
2022Q4,2022,Q4,2023-03-10,2022-12-31,-1630000.0,136891000.0,6288000.0,-0.0856,80077000.0,0.584969063,608438000.0,221656000.0,235290000.0,269389000.0,386782000.0,24559000.0,174631000.0,681263760.0,672329760.0,11.634874809721275,0.8734209637364555,0.18799450395931877,0.5160383657559462,0.006575030976535014,11.634874809721275,-0.007353737322698235,4.97668772965352,-104.48830674846626,3.0735182444869524,0.0,2.3133678081355105,0.0,0.22498759117609354,0.8031137128835996,-0.002678991121527584,3662.708387096774,0.5849690629771132,-1.3057142857142858,-1.7351276252144177,0.42975407222665124,0.481913985531576,0.06823457218323951,-1.301071296638345,-0.26516302442444784,-1.3258621594666946,0.0768799186817782,0.3706790424083361,Consulting Services,Industrials,FORR
2022Q3,2022,Q3,2022-11-04,2022-09-30,5414000.0,127679000.0,8557000.0,0.28,74962000.0,0.5871129943,585240000.0,213889000.0,204284000.0,247074000.0,371351000.0,0.0,176261000.0,682677580.0,667478580.0,11.282255512184829,0.8268130195811781,0.17691716218987083,0.4840781900892519,0.01501182113565929,11.282255512184829,0.02531219464301577,5.3468274344253945,31.523715367565572,3.1917376770193884,0.0,0.0,0.0,0.21816519718406124,0.7663412580846224,0.009250905611373112,449.4256616194865,0.5871129943060331,-0.611111111111111,0.2821058076987362,0.4871793221053469,0.4807438882912598,-0.14088590911695606,-0.6097736773821537,-0.5866782591894895,2.962334789631306,0.1501735609225316,0.4171207347613296,Consulting Services,Industrials,FORR
2022Q2,2022,Q2,2022-08-05,2022-06-30,13874000.0,148246000.0,20703000.0,0.72,87255000.0,0.5885824913,614930000.0,210099000.0,222547000.0,277040000.0,404831000.0,0.0,170847000.0,902788640.0000001,887692640.0000001,11.133432250543162,0.8033027721628646,0.17484429122013886,0.5117444633244328,0.037772395507210565,11.133432250543162,0.06603553562844183,6.08980100643525,16.26763442410264,4.296967810413186,0.0,0.0,0.0,0.24107784625892378,0.7255811435171816,0.022561917616639292,28.161981470505665,0.5885824912645198,2.272727272727273,1.1477747857310343,0.5508758685954597,0.5484223806928582,0.21660624651422197,2.344744455159113,2.199350950394066,7.716046210512704,0.129797942979762,0.37116913765324216,Consulting Services,Industrials,FORR
2022Q1,2022,Q1,2022-05-06,2022-03-31,4148000.0,124971000.0,6471000.0,0.22,71720000.0,0.5738931432,651902000.0,202430000.0,249366000.0,305478000.0,449472000.0,0.0,156973000.0,1071302960.0,1080282960.0,10.660943753949864,0.8163141044526938,0.18634089172912494,0.6000889196265375,0.011556266000831135,10.660943753949864,0.02049103393765746,8.57241247969529,64.56743972999035,5.29221439509954,0.0,0.0,0.0,0.19170212700682004,0.6608397331395387,0.006362919579936861,50.05153055503644,0.5738931432092246,-0.46341463414634143,0.314327409147066,0.554293908831188,0.45851816972860254,-0.11982720534092582,-0.4829864140595787,-0.4181278661990828,1.30125160707656,0.20078206292017975,0.3612507137954674,Consulting Services,Industrials,FORR
2021Q4,2021,Q4,2022-03-10,2021-12-31,8023000.0,133728000.0,11121000.0,0.41,81484000.0,0.6093263939,680.129,203.907,269.488,312.336,476.222,-86964913.035,152.825,1122800140.0,988522215.0,1.0665707710011508e-05,0.8628144049997438,0.2058991750161072,0.6867738724248308,25557.92493711221,1.0665707710011508e-05,39346.36868768605,8.396148450586265,34.986916988657605,5506432.540324755,0.0,-0.6007480278738832,0.0,196621.52326985027,767609.2413298499,11796.291585860918,53.0248,0.6093263938741326,0.7826086956521737,0.32260768997414657,0.5296414408301627,-0.9999987027924344,0.1930307467057101,0.7742149491375497,0.7007187643370546,0.4267552750725604,0.2966163171538122,-0.9999987143460244,Consulting Services,Industrials,FORR
2021Q3,2021,Q3,2021-11-05,2021-09-30,4522000.0,118136000.0,6539000.0,0.23,68300000.0,0.578147220153044,654792000.0,201152000.0,238119000.0,276847000.0,453640000.0,0.0,144802000.0,942540840.0,980467840.0,10.512804431901328,0.8601104581230788,0.25543836821463917,0.831505528157811,0.012801529273324988,10.512804431901328,0.022480512249443207,7.978438748560981,52.10862671384343,4.685714484568883,0.0,0.0,0.0,0.18041759826021087,0.7176057533583532,0.006906009847401923,91.53548023696221,0.578147220153044,-0.46511627906976744,0.3716744147553058,0.44028984238604324,0.32860063146958624,-0.10616133591582474,-0.4579887330696392,-0.5001910876710235,0.08222669434620321,0.31555953909228973,0.29507325862719613,Consulting Services,Industrials,FORR
2021Q2,2021,Q2,2021-08-06,2021-06-30,8343000.0,128670000.0,13083000.0,0.43,76412000.0,0.5938602626874951,668450000.0,201502000.0,244951000.0,287560000.0,466948000.0,0.0,140280000.0,875970800.0,903002800.0,10.535501411690891,0.85182570593963,0.2594345126785848,0.8606316562614763,0.020689004057463392,10.535501411690891,0.041404055542873026,6.8078868423097845,26.2486755363778,4.347206479340156,0.0,0.0,0.0,0.19249008901189318,0.7295312282654055,0.012481113022664372,33.99583963984942,0.5938602626874951,1.0476190476190477,0.04451255102678756,0.3683877249849222,0.3767157164063701,0.15244932432432431,1.108948432760364,0.7360668789808917,0.006234887544073558,0.25433959000702494,0.3508595532187114,Consulting Services,Industrials,FORR
2021Q1,2021,Q1,2021-05-06,2021-03-31,3956000.0,113781000.0,7536000.0,0.21,66304000.0,0.5827334968052662,663719000.0,192237000.0,236272000.0,284149000.0,471482000.0,0.0,131937000.0,809711280.0,863497280.0,10.085357536330728,0.8315074133641153,0.2702740165642388,0.9331502260230861,0.011254087595224432,10.085357536330728,0.02057876475392354,7.116401508160413,51.16982305358948,4.212047004478846,0.0,0.0,0.0,0.17142947542559425,0.6842255295637149,0.005960353703901802,20.71773610009467,0.5827334968052662,0.6153846153846153,1.8598914537944387,0.36983847147400895,0.37585346052462665,-0.09252162487682032,0.6306677658697445,0.8612002963694739,3.15999261096114,0.38474396086258716,0.28737399430454724,Consulting Services,Industrials,FORR
2020Q4,2020,Q4,2021-03-11,2020-12-31,2426000.0,120521000.0,4049000.0,0.13,73064000.0,0.6062345981198297,644218000.0,185766000.0,217160000.0,269745000.0,458452000.0,0.0,127981000.0,794884900.0,824398900.0,9.792103737283222,0.8050566275556544,0.18591687906888663,0.6447412335949528,0.009342549678824835,9.792103737283222,0.013059440371219706,6.595405779905577,81.91311830173125,4.278957936328499,0.0,0.0,0.0,0.187081081248894,0.6485829209067824,0.003765805984930567,46.95403745052868,0.6062345981198297,1.65,0.12369270241029692,0.3925791969019711,0.36533472637332637,0.16992250048036892,1.6452127659574467,22.270114942528735,0.09873633916509432,0.26408630310964554,0.24720340470974494,Consulting Services,Industrials,FORR
2020Q3,2020,Q3,2020-11-06,2020-09-30,-3760000.0,108577000.0,174000.0,-0.2,62452000.0,0.5751862733359735,592775000.0,174708000.0,157617000.0,223646000.0,418067000.0,0.0,125554000.0,618812880.0,655772880.0,9.257524374735057,0.7047610956601057,0.1855459491375311,0.6295475879753646,0.0013461009228179816,9.257524374735057,-0.0215216246537079,5.699299851718136,-41.14447340425532,3.541983652723401,0.0,0.0,0.0,0.18316730631352537,0.5686128971678456,-0.006343047530681962,305.13455621301773,0.5751862733359735,-1.3174603174603177,-1.8010669156136432,0.37705146932761063,0.2840767343149936,-0.10240453023269183,-1.31764805271606,-0.9845071676609385,-1.8944746811491144,0.2704462471376001,0.21500728500534727,Consulting Services,Industrials,FORR
2020Q2,2020,Q2,2020-08-10,2020-06-30,11837000.0,113541000.0,11231000.0,0.63,69577000.0,0.6127918549246528,588559000.0,173409000.0,158931000.0,227188000.0,415150000.0,0.0,129314000.0,601038360.0,644834360.0,9.244042859427475,0.699557194922267,0.19058921875292026,0.6468695396432711,0.03153972636682072,9.244042859427475,0.0682605862440819,5.293579940285888,12.69406015037594,3.4660159507292008,0.0,0.0,0.0,0.1929135396791146,0.5391349895240946,0.020111832458598034,1278.8050212765957,0.6127918549246528,22.000000000000004,0.976084374572669,0.3161226613833711,0.2612612786296897,0.10453708407416815,24.074074074074073,14.576976421636616,0.8433759974631703,0.19490120921289808,0.28564871366807765,Consulting Services,Industrials,FORR
2020Q1,2020,Q1,2020-05-11,2020-03-31,-513000.0,106345000.0,721000.0,-0.03,62992000.0,0.5923362640462645,608298000.0,158172000.0,172903000.0,257357000.0,450126000.0,0.0,117477000.0,546747150.0,591290150.0,8.456134723336007,0.6718410612495483,0.1879966726834545,0.7229977492855878,0.0022259142290655207,8.456134723336007,-0.003243304756846977,5.141258639334242,-266.44597953216373,3.4566620514376756,0.0,0.0,0.0,0.17482385278268217,0.502492646401691,-0.0008433366540741544,28.15091906085882,0.5923362640462645,-1.1153846153846154,-1.2109620231412532,0.365482866426384,0.14622229854153324,-0.15051312826183702,-1.1049079754601228,-0.8943899223670719,-1.1650075031560896,0.34264897965478935,0.15687939307333829,Consulting Services,Industrials,FORR
2019Q4,2019,Q4,2020-03-13,2019-12-31,4890000.0,124269000.0,6827000.0,0.26,74153000.0,0.5967135810218156,639160000.0,158088000.0,192036000.0,268931000.0,481072000.0,0.0,118147000.0,776620800.0,851469800.0,8.48840206185567,0.7140716391936965,0.22334470242192878,0.9029970649258641,0.017800376121012255,8.48840206185567,0.03093213906178837,6.249513555271226,39.70453987730061,4.912585395475938,0.0,0.0,0.0,0.19442549596345204,0.5670934180142861,0.007650666499780963,-788.4475126903553,0.5967135810218156,2.733333333333334,0.3274131309384336,0.5047717456089318,0.09070829165876128,0.1647007083732546,2.8117821415339015,5.162804878048781,-0.1724912308815412,0.45914882357403314,0.032394630786892954,Consulting Services,Industrials,FORR
2019Q3,2019,Q3,2019-11-08,2019-09-30,-2699000.0,108596000.0,-1640000.0,-0.15,63667000.0,0.5862738959077682,598331000.0,147652000.0,150870000.0,248583000.0,450679000.0,0.0,113257000.0,596068440.0,660388440.0,7.961393292354146,0.606920022688599,0.22052843660114552,0.8936485790913771,-0.0037532562106717066,7.961393292354146,-0.01827946793812478,5.488861836531732,-55.21197110040755,4.0369818221222875,0.0,0.0,0.0,0.18149820082863832,0.4917512460626833,-0.004510881100929084,70.98588067166845,0.5862738959077682,-2.8749999999999996,-1.8745671118440779,0.42084878439583595,0.006547148063025994,-0.11094509300117299,-2.7356913183279743,-1.3548247511899612,-1.8446540693508005,0.36595684564840397,0.006155134352329616,Consulting Services,Industrials,FORR
2019Q2,2019,Q2,2019-08-06,2019-06-30,1555000.0,128183000.0,4622000.0,0.08,71612000.0,0.5586700264465647,624470000.0,149686000.0,166650000.0,259525000.0,474784000.0,0.0,115956000.0,864232800.0,933823800.0,8.119663683211282,0.6421346691070224,0.2231540346213589,0.9309688280801144,0.008313981930701935,8.119663683211282,0.010388413078043371,6.742179540188636,138.94418006430868,5.77363814919231,0.0,0.0,0.0,0.2052668663026246,0.5224390713804065,0.0024901116146492227,153.0428191960333,0.5586700264465647,1.1095890410958904,-0.6311119525839339,0.5723527510315692,-0.010527922076948415,0.289400241271899,1.1167768098528086,1.424660051451672,-0.7980225791510059,0.41430575922415497,0.06102862766518504,Consulting Services,Industrials,FORR
2019Q1,2019,Q1,2019-05-10,2019-03-31,-13316000.0,100649000.0,-10884000.0,-0.73,55539000.0,0.5518087611402,640378000.0,143814000.0,177687000.0,269798000.0,496564000.0,0.0,114401000.0,908233980.0,983980980.0,7.831726842019278,0.6585927249275384,0.23542189144536507,1.048291543243356,-0.029860159377577,7.831726842019278,-0.09259181998970893,9.023775497024312,-17.051554145389005,6.315337727898536,0.0,0.0,0.0,0.15717123324036741,0.5342293123003136,-0.020793968562317883,39.121036354238456,0.5518087611402,-3.517241379310345,-214.4915500372125,0.47117659668154516,-0.1238219019198789,-0.06841893387902982,-3.4773953488372094,-2.2447392497712717,-10.992383662512912,0.2577986496012563,0.06841115336364381,Consulting Services,Industrials,FORR
2018Q4,2018,Q4,2019-03-08,2018-12-31,5375000.0,98583000.0,8744000.0,0.29,59618000.0,0.6047492975462301,353524000.0,151600000.0,236093000.0,189985000.0,201924000.0,0.0,127717000.0,816847800.0,676551800.0,8.295939586297472,1.2426928441719083,0.0,0.0,0.032861966177465105,8.295939586297472,0.03545514511873351,8.285889047807432,37.99292093023256,5.388178100263853,0.6814883720930233,0.0,0.0044843115204570546,0.27885801246874325,1.0927915361739085,0.015204059696088526,-905.5962305986696,0.6047492975462301,0.38095238095238093,1.601010861509329,0.37538374844923167,-0.19886959971277893,0.17987690237289478,0.36075949367088606,0.7693241602590044,1.584591049123518,0.18253991933634972,0.15672124284598926,Consulting Services,Industrials,FORR
2018Q3,2018,Q3,2018-11-06,2018-09-30,3950000.0,84890000.0,4942000.0,0.21,50529000.0,0.5952291200376958,328494000.0,146830000.0,207180000.0,170311000.0,181664000.0,0.0,126006000.0,823184880.0,731127880.0,8.117536488279523,1.2164804387267998,0.0,0.0,0.025352591271224734,8.117536488279523,0.02690185929306,9.697077158675933,52.10030886075949,5.606380712388476,0.9222784810126582,0.0,0.004425494306941109,0.2584217672164484,1.0745283628186084,0.012024572747143022,96.51599015124869,0.5952291200376958,-0.5116279069767442,0.8041423313084015,0.3523230726381402,-0.21477695242649483,-0.11789043678642505,-0.4928094504365691,-0.5518273329101296,-0.12197794552475041,0.12330126307821021,0.1259532594912648,Consulting Services,Industrials,FORR
2018Q2,2018,Q2,2018-08-08,2018-06-30,7788000.0,96353000.0,11027000.0,0.43,57282000.0,0.594501468558322,326142000.0,140111000.0,217876000.0,177937000.0,186031000.0,0.0,125698000.0,753631750.0,660634750.0,7.799109379348733,1.2244558467322704,0.0,0.0,0.05434742782262612,7.799109379348733,0.0555845008600324,7.821570163876578,24.192082370313305,5.378819293274619,0.4603235747303544,0.0,0.004756965188900282,0.2954326642995996,1.0822538314122414,0.023879169196239676,39.12734281709153,0.594501468558322,5.3,0.6390395055487057,0.45852133061042893,-0.23858357193573176,0.31248281550728624,5.493941142527409,5.819493006993007,0.3576012875276808,0.16624919002886218,0.0641139182882824,Consulting Services,Industrials,FORR
2018Q1,2018,Q1,2018-05-10,2018-03-31,-1733000.0,77749000.0,-2288000.0,-0.1,43644000.0,0.5613448404481086,340736000.0,141295000.0,231848000.0,191038000.0,199441000.0,0.0,121495000.0,747592200.0,665519200.0,7.834054113994234,1.213622420670233,0.0,0.0,-0.011543641484337109,7.834054113994234,-0.012265119077108177,9.615457433536122,-107.84653779572996,5.291002512473902,-2.083669936526255,0.0,0.004830173455528295,0.228179587716003,1.0389817732597704,-0.005086049023290759,115.3513655300108,0.5613448404481086,-1.9090909090909092,-1.915542733887676,0.34485764279711406,-0.4137757606252,-0.19652423645501574,-1.8279980888676541,-1.3070728761240102,-6.746044122073314,0.03533638636721731,0.061899769484599756,Consulting Services,Industrials,FORR
2017Q4,2017,Q4,2018-03-09,2017-12-31,2093000.0,90377000.0,7451000.0,0.11,54319000.0,0.6010268099184527,345200000.0,141189000.0,236819000.0,195053000.0,204011000.0,0.0,123010000.0,794848600.0,715058600.0,7.851248401267864,1.21412641692258,0.0,0.0,0.013768932530216417,7.851248401267864,0.014824101027700457,8.794810626597474,94.9413043478261,5.629677949415323,1.6368848542761587,0.0,0.004310254808274179,0.26181054461181924,1.0466180986706177,0.006063151796060255,-557.7884912280701,0.6010268099184527,-0.5,-0.389943373294622,0.49178649867395263,-0.4111101192410861,0.13493240843275317,-0.47052871237035165,0.1040154096903245,-0.4115937226194163,0.1333826610630568,0.008837902438304504,Consulting Services,Industrials,FORR
2017Q3,2017,Q3,2017-11-07,2017-09-30,3953000.0,80369000.0,6749000.0,0.22,47861000.0,0.5955156839079745,314388000.0,135220000.0,198423000.0,170380000.0,179168000.0,0.0,124343000.0,742711950.0,662751950.0,7.619315940722376,1.1645909144265758,0.0,0.0,0.03222263496753665,7.619315940722376,0.029233841147759208,9.241273998681084,46.97141095370605,5.4926190652270375,0.8575765241588666,0.0,0.004564353650160066,0.2556363474432866,1.0180772391125719,0.012573635126022623,100.31225688816856,0.5955156839079745,-0.35294117647058826,-0.5190424712188162,0.48051410393875266,-0.42374078265084647,-0.09393635348238456,-0.34812005277044855,-0.3391755605600705,0.338573976604489,0.09887401041018913,-0.03670118423988661,Consulting Services,Industrials,FORR
2017Q2,2017,Q2,2017-08-08,2017-06-30,6064000.0,89733000.0,10213000.0,0.34,52823000.0,0.5886686057526217,314193000.0,127374000.0,199990000.0,178779000.0,186819000.0,0.0,123780000.0,693542250.0,626436250.0,7.190177815410669,1.1186436885763988,0.0,0.0,0.04727915098831175,7.190177815410669,0.04760783205363732,7.728954230884959,28.592605953166228,5.444927928776673,0.5529353562005277,0.0,0.004834600920131399,0.28559834242010484,0.9855128398749294,0.019300239025057845,120.84722948248825,0.5886686057526217,1.125,-0.004973724973585542,0.44628744692699457,-0.4345656384531144,0.1533909777719551,1.0013201320132012,2.2566964285714284,0.49701229809803626,0.14544364234828064,-0.12379619880550465,Consulting Services,Industrials,FORR
2017Q1,2017,Q1,2017-05-09,2017-03-31,3030000.0,77194000.0,3136000.0,0.16,45798000.0,0.5932844521594942,327802000.0,133251000.0,216221000.0,186363000.0,194551000.0,0.0,121069000.0,724642500.0,650466500.0,7.309434997257268,1.1602142056094826,0.0,0.0,0.02423848868076445,7.309434997257268,0.02273904135803859,9.387290462989352,59.78898514851485,5.438176824188937,1.1425742574257425,0.0,0.004777528229437274,0.2354897163531644,1.0174873767861647,0.009243384726145661,40.451183431952664,0.5932844521594942,-0.48387096774193544,0.18807690271519242,0.3703799429093318,-0.4218882227004123,-0.09668639053254438,-0.47668393782383417,-0.6530205797742863,50.391936368623156,0.1365691254697065,-0.18225354597711033,Consulting Services,Industrials,FORR
2016Q4,2016,Q4,2017-03-10,2016-12-31,5790000.0,83446000.0,9038000.0,0.31,50700000.0,0.6075785537952688,335785000.0,150036000.0,223436000.0,177474000.0,185749000.0,0.0,121799000.0,783751600.0,706793600.0,8.222051731696624,1.2589787799903085,0.0,0.0,0.035816706927285495,8.222051731696624,0.03859073822282652,9.392320782302328,33.840742659758206,5.223756964995069,0.5683937823834196,0.0,0.004199034490009334,0.2485102074243936,1.109554075526556,0.017243176437303633,151.86041464832397,0.6075785537952688,0.8235294117647057,-0.19237230387201537,0.38724108384796146,-0.3595659844325529,0.06651520888552316,0.8605398457583547,0.19676906779661016,1.805825185586211,0.16585819590478404,-0.20600487425485883,Consulting Services,Industrials,FORR
2016Q3,2016,Q3,2016-11-08,2016-09-30,3112000.0,77427000.0,7552000.0,0.17,47538000.0,0.6139718702778101,309639000.0,142919000.0,191493000.0,156466000.0,166720000.0,0.0,119300000.0,702611800.0,632475800.0,7.912689624626287,1.2238633313307683,0.0,0.0,0.024558178733936762,7.912689624626287,0.021774571610492656,9.074506309168637,56.44375,4.916153905358979,1.0501285347043703,0.0,0.004651217073211694,0.2500557100365264,1.0817941277977323,0.01005041354609723,165.2038090759464,0.6139718702778101,-0.5853658536585366,-0.32007631618254034,0.3897144526569745,-0.3570177524309756,-0.10984195940378998,-0.5828418230563003,-0.3417015341701534,0.4234361816030887,0.235210765075198,-0.23459213635525347,Consulting Services,Industrials,FORR
2016Q2,2016,Q2,2016-08-09,2016-06-30,7460000.0,87821000.0,11472000.0,0.41,53404000.0,0.6081005682012275,316074000.0,136699000.0,195027000.0,169939000.0,179375000.0,0.0,119456000.0,658430180.0,589574180.0,7.65263393606897,1.1476294435061993,0.0,0.0,0.052649499753953555,7.65263393606897,0.054572454809471906,7.497411553045399,22.06535455764075,4.816642257807299,0.43257372654155496,0.0,0.004901051163845497,0.27784949094199457,0.9959044127598726,0.0236020678701823,83.22970294526608,0.6081005682012275,5.833333333333333,0.7318757911755949,0.5183497360040856,-0.376300724666351,0.15398245386576775,4.7874321179208685,3.230088495575221,0.578974547433465,0.3369610194906888,-0.2528837699963623,Consulting Services,Industrials,FORR
2016Q1,2016,Q1,2016-05-10,2016-03-31,1289000.0,77401000.0,2712000.0,0.06,46278000.0,0.5978992519476493,322919000.0,130200000.0,201390000.0,183465000.0,192719000.0,0.0,115222000.0,596980820.0,518326820.0,7.3302556018466385,1.0977025590712124,0.0,0.0,0.011262255280982278,7.3302556018466385,0.00990015360983103,7.712830841978786,115.78371217998448,4.585106144393241,2.483320403413499,0.0,0.005361981311225375,0.23969168738909757,0.9231243016379146,0.003991713092137657,29.27381062129162,0.5978992519476493,-0.4545454545454546,-0.43376938504925866,0.505519187374807,-0.3879844600048423,-0.020716507607338595,-0.36188118811881187,-0.33982473222979553,-0.30851727341163504,0.35949131073775126,-0.45147512997909633,Consulting Services,Industrials,FORR
2015Q4,2015,Q4,2016-03-11,2015-12-31,2020000.0,80975000.0,4108000.0,0.11,47257000.0,0.5835998765050942,318991000.0,127302000.0,197727000.0,182453000.0,191689000.0,0.0,117135000.0,505520000.0,452189000.0,7.171943661971831,1.0837147100897218,0.0,0.0,0.01620304152600919,7.171943661971831,0.015867778982262652,6.242914479777709,62.56435643564357,3.9710295203531762,1.493069306930693,0.0,0.005966133881943345,0.25384728722753935,0.923311757000433,0.006332467060199191,191.99392328142804,0.5835998765050942,-0.56,-0.3739880406195955,0.5438355414086522,-0.40091150137964016,0.037908238343106894,-0.5460674157303371,-0.2308556450102977,-0.4034922685962872,0.3541397748385177,-0.4620619763824811,Consulting Services,Industrials,FORR
2015Q3,2015,Q3,2015-11-06,2015-09-30,4450000.0,74753000.0,5341000.0,0.25,45531000.0,0.609085922972991,292700000.0,128992000.0,172016000.0,154431000.0,163708000.0,0.0,118131000.0,562524480.0,516938480.0,7.20947909680304,1.1138696246219995,0.0,0.0,0.03207227591475033,7.20947909680304,0.03449826345819896,7.525109092611668,31.602498876404493,4.360925328702556,0.6824719101123595,0.0,0.005398876152020975,0.25539118551417833,0.9164610732301157,0.015203279808677828,199.54752749201845,0.609085922972991,-0.1935483870967742,0.5082681715442645,0.5699435772018921,-0.5054532921899836,-0.09392847903524308,-0.22608695652173913,-0.4708213613395423,-0.4629608041255017,0.36589926308396536,-0.4547373000226425,Consulting Services,Industrials,FORR
2015Q2,2015,Q2,2015-08-05,2015-06-30,5750000.0,82811000.0,10093000.0,0.31,50251000.0,0.6068155196773376,307386000.0,131977000.0,186811000.0,166094000.0,175409000.0,0.0,116718000.0,648612140.0,598449140.0,7.329205309046482,1.1247305742531337,0.0,0.0,0.043955799405841364,7.329205309046482,0.043568197488956406,7.832439410223279,28.20052782608696,4.9145846624790686,0.5316521739130434,0.0,0.00471314027517277,0.2694039416238866,0.9241513841559599,0.018706121944395644,83.70268937927474,0.6068155196773376,32.0,0.04174650712558937,0.6016532919912542,-0.4926066522047396,0.13111691351911042,26.669642857142858,15.116083916083916,-0.07179694560080233,0.3130771697115434,-0.423632539979118,Consulting Services,Industrials,FORR
2015Q1,2015,Q1,2015-05-07,2015-03-31,-224000.0,75187000.0,-715000.0,-0.01,44426000.0,0.5908734222671472,321060000.0,133221000.0,201464000.0,178448000.0,187839000.0,0.0,114025000.0,664173240.0,614005240.0,7.377395060361059,1.1289787501120774,0.0,0.0,-0.002659762974199568,7.377395060361059,-0.001681416593480007,8.83361804567279,-741.2647767857143,4.9854995833990134,-13.700892857142858,0.0,0.004620782372984494,0.2341836416869121,0.9022236169640455,-0.0006976889055005295,43.31376287987479,0.5908734222671472,-1.0526315789473684,-1.0481156928161026,0.5751896277965212,-0.4850862187550113,-0.06717060367454068,-1.062239510975271,-1.115546218487395,-1.0886680102247641,0.34746416621244197,-0.4165131816909407,Consulting Services,Industrials,FORR
2014Q4,2014,Q4,2015-03-11,2014-12-31,3599000.0,80681000.0,6188000.0,0.19,47625000.0,0.590287676156716,332707000.0,141602000.0,207995000.0,181697000.0,191105000.0,0.0,117318000.0,716155200.0,666505200.0,7.78246771090959,1.1447354661882145,0.0,0.0,0.02560666100933298,7.78246771090959,0.025416307679270066,8.87637981680941,49.746818560711304,5.057521786415446,0.8082800777993887,0.0,0.004061968690585505,0.24249865497269368,0.9464327974595068,0.010817325755093822,1299.7372050816698,0.590287676156716,0.1875,-0.2342071788719217,0.614647290401217,-0.44143464527543375,0.05230014583057139,0.182714426552744,0.2564467005076142,-0.4965252451161398,0.345181554223824,-0.39380616788051465,Consulting Services,Industrials,FORR
2014Q3,2014,Q3,2014-11-05,2014-09-30,3043000.0,75363000.0,4925000.0,0.16,45258000.0,0.6005334182556427,310889000.0,144643000.0,184386000.0,156941000.0,166246000.0,0.0,116628000.0,674058820.0,617126820.0,7.909607918193252,1.1748746344167553,0.0,0.0,0.02050913881075447,7.909607918193252,0.021038003913082554,8.944161193158447,55.37781958593493,4.6601551405875155,0.9612224778179428,0.0,0.004339383913113102,0.24241127862356018,0.965139765899287,0.009788059403838669,-87.89396531490416,0.6005334182556427,-0.30434782608695654,-0.12692937288021353,0.7255931634691543,-0.4237178012873748,-0.08364210654194254,-0.29051060853345767,-0.3043785310734463,-0.34333191975003796,0.3360253328509533,-0.357268170761867,Consulting Services,Industrials,FORR
2014Q2,2014,Q2,2014-08-06,2014-06-30,4289000.0,82947000.0,7080000.0,0.23,49389000.0,0.5954284060906362,338875000.0,153921000.0,208599000.0,175490000.0,184954000.0,0.0,116510000.0,710515160.0,657881160.0,8.206056405608573,1.1886660208558892,0.0,0.0,0.027392918832352682,8.206056405608573,0.02786494370488757,8.565893401810795,41.41496619258569,4.616102805984888,0.697831662392166,0.0,0.00421243650874388,0.24477167097012173,0.9962960852470226,0.01265658428624124,340.6112943432407,0.5954284060906362,69.35066864784548,-0.1561610063495671,0.6304030333725912,-0.3934214856723685,0.13300910738455185,65.98484848484848,353.0,-0.05174535205820541,0.365730924398617,-0.33119609845676173,Consulting Services,Industrials,FORR
2014Q1,2014,Q1,2014-05-09,2014-03-31,-66000.0,73071000.0,20000.0,-0.003365,43591000.0,0.5965567735490139,374359000.0,175311000.0,242705000.0,189590000.0,199048000.0,0.0,115214000.0,703126050.0,622625050.0,8.93851017182481,1.2801571812859327,0.0,0.0,0.0010756394554330795,8.93851017182481,-0.00037647380940157777,9.622504824075214,-2663.3562500000003,4.010735492924004,-47.5,0.0,0.004458660008401054,0.19518964416509285,1.0883801888285247,-0.00017630135778757823,21.752445551293157,0.5965567735490139,-1.03365,-1.0293485093922008,0.5155665427021608,-0.3197155040110248,-0.04941448415727152,-1.0295302013422818,-0.9955197132616488,-1.026256220000605,0.28716022610759045,-0.2537085435078908,Consulting Services,Industrials,FORR
2013Q4,2013,Q4,2014-03-13,2013-12-31,2235000.0,77521000.0,4464000.0,0.1,45857000.0,0.5915429367526218,402202000.0,204662000.0,266389000.0,187398000.0,197540000.0,0.0,118415000.0,756170640.0,682038640.0,10.355292450920865,1.4215146372960223,0.0,0.0,0.02270557241761152,10.355292450920865,0.01092044444010124,9.754397389094567,84.58284563758389,3.694729065483578,1.3284116331096196,0.0,0.003926362441154817,0.19274145827221148,1.2416781395745953,0.005556909214772677,-278.31087228560915,0.5915429367526218,0.0,-0.7165354437773196,0.43039470622949183,-0.21708438442940073,0.08586109729819327,-0.08213552361396304,0.037898163217856315,-0.3779399652641298,0.32737293040173354,-0.1349992554889517,Consulting Services,Industrials,FORR
2013Q3,2013,Q3,2013-11-12,2013-09-30,2435000.0,69815000.0,4301000.0,0.1,42231000.0,0.604898660746258,368828000.0,207967000.0,221723000.0,151889000.0,160861000.0,0.0,118814000.0,739098580.0,668398580.0,10.337873440373814,1.4597699635918335,0.0,0.0,0.011854670110679682,10.337873440373814,0.011708588381810575,10.586529828833346,75.8828110882957,3.5539224011501824,1.2365503080082136,0.0,0.004073881457058137,0.18928877417115836,1.281659633021483,0.00660199334106955,-130.55972089736795,0.604898660746258,-0.6153846153846154,-0.5610999307775251,0.3508887211740535,-0.17725099126118846,-0.10863692008949301,-0.5668801138384917,-0.5220580064451605,-0.2659710402568301,0.3040667861948832,-0.2908556627953074,Consulting Services,Industrials,FORR
2013Q2,2013,Q2,2013-08-07,2013-06-30,5622000.0,78164000.0,8999000.0,0.26,47378000.0,0.6061358170001535,391750000.0,217723000.0,243861000.0,164794000.0,174027000.0,0.0,119197000.0,795186959.9999999,740103959.9999999,10.242896123447498,1.4797929536269525,0.0,0.0,0.02524941737062862,10.242896123447498,0.025821801095887893,10.17331456936697,35.36050160085379,3.6522873559522875,0.5450017787264319,0.0,0.0038531818982544684,0.1995252074026803,1.3254001966090998,0.014350989151244416,548.4047999999999,0.6061358170001535,1.5999999999999999,-0.2976711342062054,0.32992020215449447,-0.1749964092393978,0.06534448641842058,1.4015378043571123,1.6328262141603276,-0.13713098765261109,0.28069903078488756,-0.29089483292544505,Consulting Services,Industrials,FORR
2013Q1,2013,Q1,2013-05-10,2013-03-31,2341000.0,71499000.0,3418000.0,0.1,44472000.0,0.6219947132127722,490102000.0,298088000.0,341364000.0,182696000.0,192014000.0,0.0,116639000.0,772233720.0,628289720.0,13.363579306016318,1.8684809738582127,0.0,0.0,0.007171485948062768,13.363579306016318,0.007853385577413382,10.800622666051273,82.4683596753524,2.5906233058694075,1.4310123878684322,0.0,0.004338064906049427,0.14588595843314248,1.7171257170381398,0.004776556716765082,22.3745065770412,0.6219947132127722,-0.5238095238095237,-0.5189195682158929,0.34386046309491514,0.13333348975988377,-0.040310746655157534,-0.44930604563632087,-0.5376707696469634,-0.5929121976261759,0.21265707624937322,-0.06727359791257063,Consulting Services,Industrials,FORR
2012Q4,2012,Q4,2013-03-18,2012-12-31,4251000.0,75066000.0,7393000.0,0.21,46340000.0,0.617323422055258,487832000.0,297070000.0,336565000.0,181329000.0,190762000.0,0.0,117648000.0,597157600.0,498347600.0,13.332286150255811,1.8561013406570377,0.0,0.0,0.014988955177926807,13.332286150255811,0.014309758642744135,7.955100844590094,35.118654434250764,2.0101578752482583,0.7308868501529052,0.0,0.005202981591459274,0.15387674445300842,1.7002740874322364,0.008714065497958313,61.77918477136354,0.617323422055258,-0.5333333333333333,-0.21675474590736035,0.32913235849731515,0.11732601445405341,0.08334307422559907,-0.5901860599633665,0.030096140448655426,-0.2613844626879857,0.22672597204752978,-0.043111591408493924,Consulting Services,Industrials,FORR
2012Q3,2012,Q3,2012-11-09,2012-09-30,10373000.0,68511000.0,7177000.0,0.45,42775000.0,0.6243522937922378,464706000.0,296147000.0,301975000.0,151060000.0,168559000.0,0.0,116504000.0,649094040.0,568194040.0,13.222028752567194,1.999040116509996,0.0,0.0,0.03272820761289125,13.222028752567194,0.03502652398977535,9.474303980382713,15.643835920177384,2.1917967766008095,0.3012628940518654,0.0,0.0048144025478958335,0.14742869685349447,1.8059446577518867,0.022321639918572174,291.8588309352518,0.6243522937922378,0.32352941176470584,0.5720382566892789,0.38012381202267054,0.1390095411205337,-0.1317365269461078,0.3351782726219591,-0.37378937265509116,1.4298811251835193,0.2807777209505049,-0.03666276763924865,Consulting Services,Industrials,FORR
2012Q2,2012,Q2,2012-08-09,2012-06-30,7769000.0,79093000.0,11461000.0,0.34,49265000.0,0.6228743378048627,468921000.0,287170000.0,318289000.0,164307000.0,181751000.0,0.0,109256000.0,764660380.0,676997380.0,12.716202453172741,1.937160315750394,0.0,0.0,0.026557774349539206,12.716202453172741,0.027053661594177665,9.667864159913014,24.606139142746812,2.662744646028485,0.4068734714892522,0.0,0.004133861362086003,0.16867020244348196,1.7283804098425508,0.01656782272493661,207.44991318502443,0.6228743378048627,1.4285714285714286,0.7630443582293094,0.4642681309494851,0.13466563147644517,0.1371820322238124,1.4423137378182962,1.476447709593777,0.2695517523653677,0.2912611479896605,-0.06003873106903541,Consulting Services,Industrials,FORR
2012Q1,2012,Q1,2012-05-03,2012-03-31,3181000.0,70260000.0,4628000.0,0.14,43322000.0,0.6165955024195844,486589000.0,287491000.0,336183000.0,180657000.0,199098000.0,0.0,104648000.0,736711200.0,636304200.0,12.643636203711848,1.8608910808880919,0.0,0.0,0.010048548813489032,12.643636203711848,0.011064694199122755,10.485499573014517,57.899339830242056,2.5625539582108656,1.0044011317195851,0.0,0.004336841899512319,0.14439290653919426,1.6359233243107103,0.006537344658428365,22.690378218553654,0.6165955024195844,-0.631578947368421,0.5890479555718667,0.505775811847537,0.16605923383897947,-0.127838621356096,-0.6424637518264583,-0.655500967693911,0.22010595871420677,0.25698434871511405,-0.037728937264932025,Consulting Services,Industrials,FORR
2011Q4,2011,Q4,2012-03-09,2011-12-31,8897000.0,74650000.0,13434000.0,0.38,49672000.0,0.6653985264567984,487578000.0,290735000.0,337361000.0,179263000.0,196843000.0,0.0,104662000.0,768605240.0,687558240.0,12.838249580499868,1.8819332489136074,0.0,0.0,0.029030712476290663,12.838249580499868,0.0306017507352056,10.29611841929002,21.597314825221982,2.6436625793248143,0.0,0.0,0.0,0.15310370853483957,1.6702610131482793,0.018247336836362593,326.37165180467093,0.6653985264567984,0.52,0.27986205713167445,0.5528338605831655,0.20873138085039494,0.11115585083775138,0.5521632937892533,0.37798748589598935,-0.015199707880528154,0.2021251468495567,-0.02935951632421422,Consulting Services,Industrials,FORR
2011Q3,2011,Q3,2011-11-04,2011-09-30,5732000.0,69774000.0,9749000.0,0.25,44703000.0,0.640682775819073,441969000.0,278367000.0,285371000.0,150543000.0,163602000.0,0.0,95765000.0,735376200.0,661790200.0,12.306233421750663,1.8956112207143474,0.0,0.0,0.019807275857265577,12.306233421750663,0.020591521265092484,10.539401496259352,32.073281577110954,2.641750638545517,0.0,0.0,0.0,0.15787080089327532,1.6990361557827331,0.012969235398862817,579.0363779527559,0.640682775819073,0.041666666666666706,0.08069100775100821,0.5843000059340759,0.16527877877124852,-0.01591599524501387,0.04789762340036563,0.013831114808652246,-0.08115240944144281,0.20070154528696527,-0.02059728168933001,Consulting Services,Industrials,FORR
2011Q2,2011,Q2,2011-08-04,2011-06-30,5470000.0,73450000.0,9616000.0,0.24,45426000.0,0.6184615384615385,454184000.0,278327000.0,300849000.0,164365000.0,175857000.0,0.0,90033000.0,747664640.0,664479640.0,12.269749603244577,1.8303714294405744,0.0,0.0,0.01952723823371495,12.269749603244577,0.019653141808017187,10.179232675289313,34.171144424131626,2.686281388438779,0.0,0.0,0.0,0.16171859862963028,1.6184284975511818,0.012043577052472125,-79.47960454980334,0.6184615384615385,0.846153846153846,0.3771862769570406,0.4684509590891037,0.1630816406181341,0.12876453632839677,0.8790793541738234,1.2906145783706526,-0.3596772882520314,0.1710421039049408,-0.011745568986279507,Consulting Services,Industrials,FORR
2011Q1,2011,Q1,2011-05-10,2011-03-31,2911000.0,65742000.0,4198000.0,0.13,40244000.0,0.6121505278208755,454694000.0,272039000.0,317914000.0,173970000.0,182655000.0,0.0,84563000.0,869680770.0,772080770.0,11.977237705278915,1.8274070241995746,0.0,0.0,0.009617088279878618,11.977237705278915,0.010700671594881616,13.228693529250707,74.68917639986259,3.196897393388448,0.0,0.0,0.0,0.1445851495731195,1.6035523366097604,0.006402107791173844,40.54455804195804,0.6121505278208755,-0.28488980382659235,0.7863768604578412,0.4885101060447779,0.23425146176389464,-0.04265290101577182,-0.2949866795834342,-0.4062234794908062,-0.4125029627595788,0.21351267904280416,0.015761144179110235,Consulting Services,Industrials,FORR
2010Q4,2010,Q4,2011-03-14,2010-12-31,4129000.0,67116000.0,7070000.0,0.18179016422313213,42037000.0,0.6263335121282556,450477000.0,271907000.0,317790000.0,171650000.0,178570000.0,0.0,81652000.0,801541770.0,714614770.0,11.971426055562894,1.8513836294785901,0.0,0.0,0.014289943760381452,11.971426055562894,0.015185339104914548,11.942633202217056,48.53122850569145,2.94785264814808,0.0,0.0,0.0,0.1489887386037467,1.6340868045441306,0.009165839765404226,-129.0935368014173,0.6263335121282556,0.13618852639457577,0.4489866137062745,0.5203948056064657,0.27608316015353385,0.1246455134036064,0.11474082073434125,0.2162394632719766,-0.2536694504783133,0.1658178247560686,0.003277728308947823,Consulting Services,Industrials,FORR
2010Q3,2010,Q3,2010-11-05,2010-09-30,3704000.0,59777000.0,5813000.0,0.16,37378000.0,0.62529066363317,469825000.0,327450000.0,339751000.0,134807000.0,142375000.0,0.0,145937000.0,743042960.0,604942960.0,14.577953877660049,2.5202771369439274,0.0,0.0,0.010529163352058958,14.577953877660049,0.011311650633684531,12.430248423306622,50.15138768898488,2.269179905329058,0.0,0.0,0.0,0.12723248017878996,2.331637081160474,0.007883786516256052,485.0149869451697,0.62529066363317,-0.4666666666666666,0.08777243649481953,0.4516343656431409,0.552124482670442,-0.07372438232597328,-0.4633439582729644,-0.42610326784480207,-0.4402546064524033,0.20075022133357648,0.2558154930230321,Consulting Services,Industrials,FORR
2010Q2,2010,Q2,2010-08-05,2010-06-30,6902000.0,64653000.0,10129000.0,0.3,40353000.0,0.6241473713516774,469451000.0,325254000.0,343772000.0,137002000.0,144197000.0,0.0,142233000.0,681364420.0,537452420.0,14.444819469733979,2.509248040174596,0.0,0.0,0.01901457973608484,14.444819469733979,0.02122033856616675,10.538790466026326,24.67996305418719,2.094868687241356,0.0,0.0,0.0,0.1377204436671772,2.311528298856951,0.014702279897156466,83.27602297726717,0.6241473713516774,0.19999999999999996,1.4205715479320993,0.5737775817781109,0.5855939888217732,0.09497191544786042,0.19577269577269577,0.3089945722408891,0.5708842287027047,0.2004452291266919,0.2889099765079296,Consulting Services,Industrials,FORR
2010Q1,2010,Q1,2010-05-10,2010-03-31,5772000.0,59180000.0,7738000.0,0.25,36853000.0,0.6227272727272727,474873000.0,320777000.0,347510000.0,146427000.0,154096000.0,0.0,135331000.0,674356680.0,539110680.0,14.327437580954934,2.3732644935701748,0.0,0.0,0.015072103524922118,14.327437580954934,0.01799380878304866,11.395009800608314,29.20810291060291,2.102260074755983,0.0,0.0,0.0,0.12462279388383841,2.1838458754191508,0.012154828764743416,31.039154929577464,0.6227272727272727,-0.032120006916825226,1.034110104432934,0.6909461227253009,0.5700614757035282,-0.09063317376499037,-0.0019021269237420025,-0.14657549354803132,1.9283111626553069,0.2880855187272109,0.3213478005337949,Consulting Services,Industrials,FORR
2009Q4,2009,Q4,2010-03-12,2009-12-31,5783000.0,61486000.0,9067000.0,0.25829648488096835,40526000.0,0.6591093907556191,470196000.0,311945000.0,340801000.0,150134000.0,158251000.0,0.0,129559000.0,580994550.0,483189550.0,13.932958149091071,2.2699788189217633,0.0,0.0,0.01700787219573175,13.932958149091071,0.018538524419368797,9.449216894902905,25.116485820508384,1.8624903428488997,0.0,0.0,0.0,0.13076674408119168,2.113298786417467,0.012299126321789212,99.99906196213425,0.6591093907556191,0.35945518358404394,0.5831098510387427,0.5638843279605533,0.5066859409745862,0.16968280081969578,0.34488372093023256,0.14050314465408806,-0.1585475630989873,0.29368406242554407,0.3117990608674463,Consulting Services,Industrials,FORR
2009Q3,2009,Q3,2009-11-06,2009-09-30,4300000.0,53881000.0,7950000.0,0.19,34647000.0,0.6430281546370706,435592000.0,309655000.0,332150000.0,119385000.0,125937000.0,0.0,123776000.0,601025040.0,492848040.0,13.725233810558043,2.7821753151568456,0.0,0.0,0.014378360873505969,13.725233810558043,0.013886421985758344,11.154674931794139,34.94331627906977,1.9409505417319275,0.0,0.0,0.0,0.12369602747525207,2.5684633747958285,0.009871622986648057,93.48655156322911,0.6430281546370706,-0.29629629629629634,0.30299844826381706,0.5474649213595897,0.5058717849739363,-0.12767510952213101,-0.3010403120936281,-0.34932067441479786,-0.1871731021986544,0.2266303480876519,0.29964410270723496,Consulting Services,Industrials,FORR
2009Q2,2009,Q2,2009-08-07,2009-06-30,6152000.0,61578000.0,12218000.0,0.27,39718000.0,0.6450030855175549,436641000.0,307136000.0,297118000.0,123081000.0,129505000.0,0.0,119476000.0,557358650.0,463341650.0,13.528432365766639,2.4140037861245847,0.0,0.0,0.020881327843471374,13.528432365766639,0.02003021462804751,9.051262626262627,22.649490003250975,1.8146965839237341,0.0,0.0,0.0,0.14102660996104352,2.191199291523468,0.014089377772586634,65.56389248323727,0.6450030855175549,1.4545454545454548,3.547510738061094,0.7144968702350865,0.5020401784679789,0.16151484135107472,1.338274420372482,2.8361067503924646,0.5475977029181454,0.23006940292688005,0.2823954701411752,Consulting Services,Industrials,FORR
2009Q1,2009,Q1,2009-05-11,2009-03-31,2631000.0,56407000.0,3185000.0,0.11,34195000.0,0.6062190862836173,443870000.0,301496000.0,300931000.0,136321000.0,142374000.0,0.0,113324000.0,471769760.0,360485760.0,13.139370696417677,2.2075175504874522,0.0,0.0,0.006240200118555041,13.139370696417677,0.008726483933451854,8.363674012090698,44.82798935765868,1.5647629155942366,0.0,0.0,0.0,0.12708000090116475,1.9535728171008135,0.005927411178948791,26.100678284923926,0.6062190862836173,-0.7242669871094604,10.929064550470551,0.7242380593625332,0.4527495583315966,-0.1653037810920985,-0.7125846624426481,-0.7430622781542433,0.5981562547307867,0.2641813808082674,0.35400898669344283,Consulting Services,Industrials,FORR
2008Q4,2008,Q4,2009-03-13,2008-12-31,9154000.0,62921000.0,12396000.0,0.3989366338359627,40967000.0,0.6510862827990654,454951000.0,303497000.0,310904000.0,144903000.0,151454000.0,0.0,110693000.0,647306660.0,517828660.0,13.226575437984835,2.1456008502239428,0.0,0.0,0.03145856347245413,13.226575437984835,0.03016174789207142,10.28760922426535,17.67824612191392,2.1328272108126276,0.0,0.0,0.0,0.138302806236276,1.9161439031628054,0.02012084817925447,277.6948348348348,0.6510862827990654,0.4775430882813431,101.0498251266592,0.7272702615179962,0.4129925613826312,0.086657824933687,0.43299937382592363,0.4422338568935428,2.1797861265796485,0.4108909238102566,0.4098746552479281,Consulting Services,Industrials,FORR
2008Q3,2008,Q3,2008-11-07,2008-09-30,6388000.0,59506000.0,8595000.0,0.27,37700000.0,0.6335495580277619,418258000.0,291044000.0,272090000.0,120320000.0,127214000.0,0.0,101539000.0,678907530.0,554038530.0,12.56503907093209,2.261386303191489,0.0,0.0,0.018737382871827874,12.56503907093209,0.02194857135003642,11.409060094780358,26.569643472135255,2.3326628619727603,0.0,0.0,0.0,0.14227103844995195,2.0402177526595744,0.015272869855448073,376.5432778702163,0.6335495580277619,-0.27027027027027023,32.3047040631634,0.791639448064548,0.35064368796192935,-0.07097092163627403,-0.2610757663389242,-0.17593480345158197,0.819221563150072,0.40132057678968064,0.3378080992278984,Consulting Services,Industrials,FORR
2008Q2,2008,Q2,2008-08-11,2008-06-30,8645000.0,63474000.0,10430000.0,0.37,40580000.0,0.6393168856539686,431862000.0,285012000.0,307255000.0,139446000.0,146850000.0,0.0,95151000.0,708881280.0,553566280.0,12.415577626764245,2.2033977310213273,0.0,0.0,0.023016613030536585,12.415577626764245,0.03033205619412516,11.168057472350883,20.499747831116252,2.487198012715254,0.0,0.0,0.0,0.1469775067035303,1.9624012162414124,0.020017968702965298,100.9514782113358,0.6393168856539686,0.761904761904762,59.134211423889546,0.7928413293676373,0.32943068021095445,0.19966889375036953,0.7193715194908512,0.5940699984716491,1.9738720457114023,0.5155310975718749,0.3628460566084201,Consulting Services,Industrials,FORR
2008Q1,2008,Q1,2008-05-12,2008-03-31,5028000.0,54974000.0,6543000.0,0.21,33826000.0,0.615309055189726,424945000.0,271768000.0,289076000.0,146241000.0,153177000.0,0.0,86506000.0,612615840.0,486105840.0,11.791391877820201,1.976709677860518,0.0,0.0,0.013284957210184621,11.791391877820201,0.018501074445850873,11.143737766944374,30.460214797136036,2.2541868063936885,0.0,0.0,0.0,0.12936732988975044,1.7573936173850015,0.01183211945075245,21.272860615320507,0.615309055189726,-0.13785536159601003,1.791553513530618,1.187239359650343,0.2729702933107672,-0.08372836362651354,-0.10438190238688992,-0.21405405405405406,0.721253573189606,0.5258561715231073,0.2921508139667681,Consulting Services,Industrials,FORR
2007Q4,2007,Q4,2008-03-14,2007-12-31,5614000.0,58419000.0,8325000.0,0.24357861853523083,36917000.0,0.6319348157277598,426357000.0,275016000.0,354010000.0,144483000.0,151341000.0,0.0,81478000.0,645804960.0,592641960.0,11.932315168344324,2.450184450765834,0.0,0.0,0.015153027500748272,11.932315168344324,0.0204133577682753,11.054707543778566,28.758681866761666,2.3482450475608694,0.0,0.0,0.0,0.1370189770544403,2.206757888471308,0.013167369129626112,92.85477498202732,0.6319348157277598,-0.16007372918885915,0.5989417456329716,1.4516477929409386,0.26867467135327205,0.13636223720257334,-0.17404737384140062,0.33136094674556216,0.49290343878754206,0.44339087835937513,0.29033987722090615,Consulting Services,Industrials,FORR
2007Q3,2007,Q3,2007-11-20,2007-09-30,6797000.0,51135000.0,6253000.0,0.29,32487000.0,0.6353182751540041,385185000.0,267828000.0,308287000.0,111289000.0,117357000.0,0.0,75862000.0,581414400.0,540594400.0,11.608356449375867,2.770147993063106,0.0,0.0,0.018457648825267122,11.608356449375867,0.02537822781785325,11.370184804928131,21.38496395468589,2.170849948474394,0.0,0.0,0.0,0.13275439074730325,2.472041261939635,0.017646066175993354,276.60057088487156,0.6353182751540041,0.5263157894736841,23.323350186584864,1.3501831369207307,0.268312046862537,-0.032116788321167884,0.5097734340293203,-0.07827240566037735,1.0140294436902275,0.4360730377697672,0.27361738884101444,Consulting Services,Industrials,FORR
2007Q2,2007,Q2,2007-11-19,2007-06-30,4502000.0,55185000.0,6784000.0,0.19,33565000.0,0.608226873244541,386614000.0,258568000.0,307058000.0,120772000.0,128046000.0,0.0,69065000.0,648092480.0,606902480.0,11.207004160887656,2.5424601728877554,0.0,0.0,0.017034630448973572,11.207004160887656,0.017411280591565857,11.743997100661412,35.989142603287426,2.5064682404628567,0.0,0.0,0.0,0.14273926965914324,2.266353128208525,0.011644689535298774,171.72561738208796,0.608226873244541,1.1111111111111112,0.28475505467103734,1.1963395822086837,0.1908273700144701,0.22147821973143128,1.2177339901477833,4.26299456943367,2.834438655260652,0.5119247288738626,0.24429572287381224,Consulting Services,Industrials,FORR
2007Q1,2007,Q1,2007-11-19,2007-03-31,2030000.0,47317000.0,1289000.0,0.09,27479000.0,0.5807426506329649,387141000.0,250019000.0,302480000.0,129920000.0,137122000.0,0.0,64563000.0,653924880.0,615079880.0,10.843047965998785,2.3282019704433496,0.0,0.0,0.0031438523859329977,10.843047965998785,0.008119382926897557,13.820083268170002,80.53262068965518,2.6155007419436123,0.0,0.0,0.0,0.12222161951330394,2.068149630541872,0.005243567589069615,33.54665161852973,0.5807426506329649,-0.7068070076292738,1.3332375175062465,0.8229038828623835,0.18093915029647972,-0.0952224161206414,-0.7131958180276914,-0.8345526890001284,8.623754072373067,0.4393512214931726,0.1988575029599969,Consulting Services,Industrials,FORR
