Quarters,Year,Quarter,FillingDate,Date,NetIncome,Revenue,OperatingIncome,EPSDiluted,GrossProfit,GrossProfitRatio,TotalAssets,CommonStockEquity,CurrentAssets,CurrentLiability,TotalLiability,Inventory,RetainedEarnings,MarketCap,EnterpriseValue,bookValuePerShare,currentRatio,debtToAssets,debtToEquity,roic,shareholdersEquityPerShare,roe,priceToSalesRatio,peRatio,pbRatio,payoutRatio,inventoryTurnover,dividendYield,assetTurnover,quickRatio,returnOnAssets,priceToFreeCashFlowsRatio,grossProfitMargin,epsdilutedGrowth,fiveYNetIncomeGrowthPerShare,fiveYRevenueGrowthPerShare,fiveYShareholdersEquityGrowthPerShare,grossProfitGrowth,netIncomeGrowth,operatingIncomeGrowth,threeYNetIncomeGrowthPerShare,threeYRevenueGrowthPerShare,threeYShareholdersEquityGrowthPerShare,Industry,Sector,Symbol
2023Q1,2023,Q1,2023-05-22,2023-03-31,278260.0,538943.0,187571.0,0.03,538943.0,1.0,38515189.0,30392346.0,59317.0,2709427.0,8122843.0,0.0,-7600424.0,47885617.92,49711398.92,6.753062307355937,0.021892820880577334,0.04824520009495475,0.0611395053215043,0.004386452481243874,6.753062307355937,0.009155594635570417,88.85098780390506,43.02236929490405,1.5755814941038115,0.0,0.0,0.0,0.013992998969834991,0.011955295344735252,0.007224682189668081,-1382.7784556742708,1.0,15.285714285714285,1849.1118782446,0.0,6027.655541203317,0.0,7.451209051074583,1.0528691292382173,1849.1118782446,0.0,6027.655541203317,Shell Companies,Financial Services,MAQC
2022Q4,2022,Q4,2022-12-31,2022-12-31,-43133.0,0.0,-3547836.0,-0.0021,0.0,0.0,37703500.0,30114087.0,133323.0,2026749.0,7589413.0,0.0,-7133678.0,210876969.46,212165801.46,1.4880182854653587,0.06578170261833113,0.0359609585317013,0.045023911898773486,0.05288817761957468,1.4880182854653587,-0.0014323196980868124,0.0,-1222.2484493311385,7.002602119732203,0.0,0.0,0.0,0.0,0.0330687223726273,-0.0011440051984563768,-917.0677132556633,0.0,-1.019090909090909,-1.010738233454559,0.0,-0.9597504843950787,0.0,-1.018075005426734,-1.0791983815728092,-1.010738233454559,0.0,-0.9597504843950787,Shell Companies,Financial Services,MAQC
2022Q3,2022,Q3,2022-11-10,2022-09-30,2386334.0,0.0,-1706348.0,0.11,0.0,0.0,180282852.0,173620218.0,355032.0,1205643.0,6662634.0,0.0,-6117067.0,46535459.519999996,46988076.519999996,38.577744211345866,0.2944752302298442,0.003893736937332232,0.0040431581533897165,-0.00902270492047366,38.577744211345866,0.013744562859608896,0.0,4.875203923675395,0.26803018712947363,0.0,0.0,0.0,0.0,0.20682490588009883,0.0132366111004279,-282.5022128868545,0.0,-0.45,9.879685636555548,0.0,0.04539324036017591,0.0,-0.4631175589981817,-6.396970721599431,9.879685636555548,0.0,0.04539324036017591,Shell Companies,Financial Services,MAQC
2022Q2,2022,Q2,2022-08-16,2022-06-30,4444798.0,0.0,-230682.0,0.2,0.0,0.0,177921648.0,171233884.0,181633.0,600174.0,6687764.0,0.0,-6191232.0,45995396.160000004,46311155.160000004,38.047509981051114,0.30263390283484454,0.0020702483601096142,0.0021511046259979714,-0.002835739476989691,38.047509981051114,0.025957467623639256,0.0,2.5870352353470283,0.2686115334509378,0.0,0.0,0.0,0.0,0.08761292558491371,0.024981771751574604,-385.99370733713215,0.0,-0.19999999999999996,0.20287315873627018,0.0,0.7517660845320174,0.0,-0.2150334027738042,-0.30785454298057624,0.20287315873627018,0.0,0.7517660845320174,Shell Companies,Financial Services,MAQC
2022Q1,2022,Q1,2022-05-10,2022-03-31,5662404.0,0.0,-176382.0,0.25,0.0,0.0,176180768.0,169126826.0,329244.0,159687.0,7053942.0,0.0,-6567318.0,45590348.64,45418604.64,37.57932980308088,2.0618084127073586,0.0,0.0,-0.0021528564230579744,37.57932980308088,0.03348022388831444,0.0,2.0128530496940877,0.2695630830321383,0.0,0.0,0.0,0.0,1.0755039546112082,0.03213973956567155,-150.08871805001382,0.0,5.265664160401003,37608.83472946071,0.0,33547.16297271126,0.0,5.339018115625651,-0.00792018103270932,37608.83472946071,0.0,33547.16297271126,Shell Companies,Financial Services,MAQC
2021Q4,2021,Q4,2022-03-25,2021-12-31,893262.0,0.0,-174996.0,0.0399,0.0,0.0,176402339.0,166383815.0,633000.0,326436.0,10018524.0,0.0,-9310329.0,45185301.12,44709801.12,36.96984331616201,1.939124361283682,0.0,0.0,-0.002616017167236529,36.96984331616201,0.005368683246023659,0.0,12.646150043324354,0.2715726954571873,0.0,0.0,0.0,0.0,1.4566408116751828,0.005063776393577185,-2056.681889849795,0.0,4.99,0.0,0.0,0.0,0.0,4.323827420045024,-0.47976898164198917,0.0,0.0,0.0,Shell Companies,Financial Services,MAQC
2021Q3,2021,Q3,2021-11-12,2021-09-30,-268745.0,0.0,-118259.0,-0.01,0.0,0.0,176450215.0,166083835.0,744647.0,212774.0,10366380.0,0.0,-9610321.0,45050985.98,44553503.98,36.90261494139223,3.4997086110145035,0.0,0.0,-0.000712044010785276,36.90261494139223,-0.0016181285794610897,0.0,-41.90867363113732,0.27125449011940267,0.0,0.0,0.0,0.0,2.338077020688618,-0.0015230641685531525,-1940.7653461422478,0.0,-1.0289346828469412,0.0,0.0,0.0,0.0,-1.0427039347462204,0.3235926650422687,0.0,0.0,0.0,Shell Companies,Financial Services,MAQC
2021Q2,2021,Q2,2021-08-23,2021-06-30,6293214.0,0.0,-174834.0,0.345606,0.0,0.0,176610707.0,166476869.0,931545.0,157124.0,10133838.0,0.0,4999353.0,75422143.67999999,74777159.67999999,21.71951513219042,5.928725083373641,6.228387953851519e-08,6.607524556459552e-08,-0.001050199883611466,21.71951513219042,0.03780233276732277,0.0,2.9961695121125707,0.453048787696746,0.0,0.0,0.0,0.0,4.1050062371120895,0.035633252971463386,-247.2889601175097,0.0,10473.909090909092,0.0,0.0,0.0,0.0,8681.295172413793,-240.1503448275862,0.0,0.0,0.0,Shell Companies,Financial Services,MAQC
2021Q1,2021,Q1,2021-06-17,2021-03-31,-725.0,0.0,-725.0,-3.3e-05,0.0,0.0,163043.0,24275.0,25000.0,138768.0,138768.0,0.0,-725.0,216710000.0,216823043.0,0.0011201605832679617,0.1801568084861063,0.8466662168875695,5.686632337796087,-0.004466540987444399,0.0011201605832679617,-0.029866117404737384,0.0,-74727.58620689655,8927.291452111225,0.0,0.0,0.0,0.0,0.1801568084861063,-0.0044466797102604835,0.0,0.0,0.0,0.0,0.0,0.0,0.0,0.0,0.0,0.0,0.0,0.0,Shell Companies,Financial Services,MAQC
