Quarters,Year,Quarter,FillingDate,Date,NetIncome,Revenue,OperatingIncome,EPSDiluted,GrossProfit,GrossProfitRatio,TotalAssets,CommonStockEquity,CurrentAssets,CurrentLiability,TotalLiability,Inventory,RetainedEarnings,MarketCap,EnterpriseValue,bookValuePerShare,currentRatio,debtToAssets,debtToEquity,roic,shareholdersEquityPerShare,roe,priceToSalesRatio,peRatio,pbRatio,payoutRatio,inventoryTurnover,dividendYield,assetTurnover,quickRatio,returnOnAssets,priceToFreeCashFlowsRatio,grossProfitMargin,epsdilutedGrowth,fiveYNetIncomeGrowthPerShare,fiveYRevenueGrowthPerShare,fiveYShareholdersEquityGrowthPerShare,grossProfitGrowth,netIncomeGrowth,operatingIncomeGrowth,threeYNetIncomeGrowthPerShare,threeYRevenueGrowthPerShare,threeYShareholdersEquityGrowthPerShare,Industry,Sector,Symbol
2023Q1,2023,Q1,2023-05-02,2023-03-31,1248000000.0,12121000000.0,12121000000.0,2.13,11592000000.0,0.9563567362,42115000000.0,23435000000.0,9272000000.0,6557000000.0,18680000000.0,2746000000.0,22837000000.0,40137328912.380005,42180328912.380005,40.114686751112636,1.4140613085252403,0.10176896592662947,0.18288884147642415,0.32336133146047363,40.114686751112636,0.053253680392575206,3.31138758455408,8.040330310973559,1.7127087225252826,0.21314102564102563,0.19264384559359068,0.006627247183804368,0.2878071945862519,0.9797163336891871,0.029633147334678856,-32.10986312990401,0.9563567362428842,-0.25524475524475526,2.432083628575751,1.292432108521421,0.3527121427217856,3.610978520286396,-0.27735958309206715,4.382326820603907,9.396162783074871,1.4675230118205287,0.25756224184968723,Oil & Gas Integrated,Energy,IMO
2022Q4,2022,Q4,2023-02-22,2022-12-31,1727000000.0,13837000000.0,2252000000.0,2.86,2514000000.0,0.1816867818,43524000000.0,22413000000.0,10736000000.0,8898000000.0,21111000000.0,2268000000.0,21846000000.0,39705482254.777916,40262482254.777916,37.246850046205836,1.2065632726455384,0.09893392151456668,0.19212064426895106,0.062155438170137606,37.246850046205836,0.07705349573907999,2.869515231247952,5.747753655874048,1.7715380473286897,0.12217718587145339,4.992504409171076,0.005314127622127283,0.31791655178751954,0.9516745336030569,0.0396792574211929,17.22580575044595,0.18168678181686782,-0.11728395061728404,18.49233577452635,1.5171395381293094,0.2728103044232401,-0.2425429346188611,-0.14967996061053668,-0.8520756699947452,6.9428044317236335,1.2523408657629673,0.1507306613385391,Oil & Gas Integrated,Energy,IMO
2022Q3,2022,Q3,2022-11-02,2022-09-30,2031000000.0,15224000000.0,15224000000.0,3.24,3319000000.0,0.2180110352,42986000000.0,22308000000.0,11005000000.0,8934000000.0,20678000000.0,2250000000.0,22269000000.0,36998726805.950005,37703726805.950005,35.67567567567568,1.2318110588762032,0.09959056436979481,0.1919042495965573,0.4521186410008451,35.67567567567568,0.09104357181280258,2.4302894643950346,4.554249976113984,1.6585407390151516,0.11176760216642048,5.291111111111111,0.006135346256387792,0.3541618201274834,0.9799641817774792,0.047247941190154935,13.743954979921993,0.218011035207567,-0.10743801652892554,6.36981364847838,2.0607920384595326,0.200263130321881,-0.009844868735083532,-0.1569115815691158,3.8253565768621236,4.80510713348159,1.2497182720420037,0.08291716511223834,Oil & Gas Integrated,Energy,IMO
2022Q2,2022,Q2,2022-08-03,2022-06-30,2409000000.0,16732000000.0,3155000000.0,3.63,3352000000.0,0.200334688,44892000000.0,21979000000.0,11889000000.0,10087000000.0,22913000000.0,2183000000.0,21913000000.0,39933204183.6,42354204183.6,33.15082956259427,1.1786457816992169,0.11779381627015949,0.24059329359843487,0.0857796802922714,33.15082956259427,0.10960462259429456,2.3866366354052113,4.144168138605231,1.8168799391965058,0.09464508094645081,6.129180027485112,0.005709534325162827,0.37271674240399183,0.9622286110835729,0.053662122427158516,17.000086923627073,0.20033468802295004,1.0742857142857143,40.9683257918552,2.2564856252349528,0.12315010558069381,0.48911594846734785,1.0537084398976981,-0.7513006463818382,1.3006070516553916,1.2095518735819395,0.01670316546778192,Oil & Gas Integrated,Energy,IMO
2022Q1,2022,Q1,2022-05-04,2022-03-31,1173000000.0,12686000000.0,12686000000.0,1.75,2251000000.0,0.1774396973,43810000000.0,22276000000.0,10718000000.0,8651000000.0,21534000000.0,2156000000.0,22171000000.0,40498523985.600006,42658523985.600006,33.22296793437733,1.2389319153855045,0.12118237845240813,0.2383282456455378,0.3424738697208666,33.22296793437733,0.05265756868378524,3.192379314646067,8.631398973913043,1.8180339372239183,0.1577152600170503,4.839981447124305,0.004568067716882229,0.289568591645743,0.9897121720032366,0.02677470897055467,25.154362723975158,0.17743969730411477,0.4830508474576272,3.4529307831321248,1.4431396981069997,0.11285913773230422,0.6466715435259692,0.44280442804428044,10.196822594880848,3.642287223889258,0.9430012338576367,0.062167752332677136,Oil & Gas Integrated,Energy,IMO
2021Q4,2021,Q4,2022-02-23,2021-12-31,813000000.0,11771000000.0,1133000000.0,1.18,1367000000.0,0.1161328689,40782000000.0,21735000000.0,7813000000.0,5554000000.0,19047000000.0,1791000000.0,21660000000.0,31698238898.543488,34868238898.54349,31.546494457960186,1.4067338854879365,0.13052327007012898,0.2449045318610536,0.029810837404752988,31.546494457960186,0.03740510697032436,2.6929095997403354,9.747305934361467,1.4583960845890724,0.23124231242312424,5.809045226130653,0.0059309288633268035,0.28863223971359914,1.0842635938062657,0.01993526555833456,26.2402639888605,0.1161328689151304,-0.08527131782945743,-0.30540166220364706,1.177524397343966,0.07168059986675822,-0.0007309941520467836,-0.10462555066079295,-0.04468802698145025,0.09243376294687834,0.8170651597684914,0.017283950894326355,Oil & Gas Integrated,Energy,IMO
2021Q3,2021,Q3,2021-11-03,2021-09-30,908000000.0,9679000000.0,1186000000.0,1.29,1368000000.0,0.1413369149705548,40875000000.0,21209000000.0,7880000000.0,5949000000.0,19666000000.0,2134000000.0,21759000000.0,27841884839.999996,31312884839.999996,30.298571428571428,1.3245923684652883,0.13078899082568807,0.25206280352680466,0.033137311545403086,30.298571428571428,0.04281201376774011,2.8765249343940487,7.665717191629955,1.3127391597906548,0.21475770925110133,3.89456419868791,0.007003836167005712,0.23679510703363915,0.9658766179189779,0.022214067278287463,16.66181019748653,0.1413369149705548,1.58,0.09616977638513034,0.9106433462201313,0.07084768338158375,1.0853658536585367,1.4808743169398908,1.6123348017621146,0.3813099370589357,0.19034313468506658,0.0078043526180645705,Oil & Gas Integrated,Energy,IMO
2021Q2,2021,Q2,2021-08-04,2021-06-30,366000000.0,7542000000.0,454000000.0,0.5,656000000.0,0.0869795810129939,38939000000.0,20769000000.0,5874000000.0,4650000000.0,18170000000.0,1935000000.0,21336000000.0,27379321632.0,31961321632.0,28.68250241679326,1.2632258064516129,0.13759983564036057,0.25798064422938033,0.013143690954778044,28.68250241679326,0.017622418026866964,3.6302468353221955,18.70172242622951,1.3182782816697964,0.43989071038251365,3.558656330749354,0.0058803502206507844,0.19368756259790956,0.8470967741935483,0.009399316880248594,44.81067370212766,0.0869795810129939,-0.05660377358490571,3.3669817590287354,0.519507318836773,0.05371398441721422,-0.09141274238227147,-0.0663265306122449,-0.14500941619585686,1.1046013488947575,-0.06631773543983695,-0.015030918479066754,Oil & Gas Integrated,Energy,IMO
2021Q1,2021,Q1,2021-05-05,2021-03-31,392000000.0,6588000000.0,531000000.0,0.53,722000000.0,0.10959319975713418,39007000000.0,21736000000.0,5848000000.0,3933000000.0,17271000000.0,1993000000.0,22281000000.0,22269824974.8,26038824974.8,29.6090450892249,1.4869056699720316,0.1342323172763863,0.2408906882591093,0.014745987486398259,29.6090450892249,0.0180345969819654,3.3803620180327867,14.202694499234694,1.0245594854066986,0.413265306122449,2.9433015554440543,0.007274417297096647,0.16889276283743943,0.9801678108314263,0.010049478298766889,25.364265347152617,0.10959319975713418,1.3395052356020942,5.4812628381759305,0.5893392917737351,0.07498614827495183,1.61082910321489,1.3420593368237348,1.371069182389937,-0.14210196739349662,-0.008442393373668118,-0.0015498544188316402,Oil & Gas Integrated,Energy,IMO
2020Q4,2020,Q4,2021-02-24,2020-12-31,-1146000000.0,5571000000.0,-1431000000.0,-1.5610952186350633,-1182000000.0,-0.21217016693591814,38031000000.0,21418000000.0,4524000000.0,3380000000.0,16613000000.0,1834000000.0,22050000000.0,17812629719.61,22320629719.61,29.175861599237162,1.3384615384615384,0.13880781467749995,0.2464749276309646,-0.04105683458651624,29.175861599237162,-0.05350639648893454,3.1973846202854066,-3.8858267276636123,0.8316663423106732,-0.14048865619546247,3.6821155943293347,0.00903853066808852,0.14648576161552418,0.7958579881656804,-0.030133312297862272,169.6440925677143,-0.21217016693591814,-384.18488429923,-13.978517111789545,0.10668511216816276,0.056184872407817034,-7.640449438202247,-383.0,-56.03846153846154,-8.514704434746553,-0.16928179985166394,-0.0029938843722926143,Oil & Gas Integrated,Energy,IMO
2020Q3,2020,Q3,2020-11-04,2020-09-30,3000000.0,5467000000.0,26000000.0,0.004074,178000000.0,0.03255899030546918,39382000000.0,22792000000.0,4401000000.0,3456000000.0,16590000000.0,1852000000.0,23358000000.0,11676128299.68,16143128299.68,31.047541206920037,1.2734375,0.13417297242395002,0.23183573183573183,0.0009063654744474657,31.047541206920037,0.00013162513162513163,2.135746899520761,973.01069164,0.5122906414391015,54.0,2.8558315334773217,0.013874462136943102,0.13881976537504442,0.7375578703703703,7.61769336244985e-05,15.9292336966985,0.03255899030546918,1.0056583333333333,-0.9927686153126873,-0.0571682120501559,0.1362158769908649,1.3531746031746033,1.005703422053232,1.03768115942029,-0.9907274103170504,-0.06375971064463894,0.04455538099937201,Oil & Gas Integrated,Energy,IMO
2020Q2,2020,Q2,2020-08-05,2020-06-30,-526000000.0,3297000000.0,-690000000.0,-0.72,-504000000.0,-0.15286624203821655,39500000000.0,22916000000.0,4093000000.0,3404000000.0,16584000000.0,1994000000.0,23516000000.0,16027469491.500002,21094469491.5,31.216455523770602,1.2024089306698003,0.1341772151898734,0.231279455402339,-0.018158973118925965,31.216455523770602,-0.022953395007854774,4.861228235213831,-7.617618579610268,0.6994008331078724,-0.30798479087452474,1.9062186559679037,0.010107646755210795,0.08346835443037974,0.6166274970622797,-0.013316455696202531,-15.697815368756123,-0.15286624203821655,-1.88,-6.0610452708531986,-0.4470947336993796,0.16257602275794025,-6.753846153846154,-1.797872340425532,-1.9741379310344827,-6.881759978204604,-0.42046647924419384,0.057613513145347996,Oil & Gas Integrated,Energy,IMO
2020Q1,2020,Q1,2020-05-06,2020-03-31,-188000000.0,6213000000.0,-232000000.0,-0.25,-65000000.0,-0.010461934653146628,40413000000.0,23570000000.0,4687000000.0,3466000000.0,16843000000.0,1743000000.0,24204000000.0,11803760656.38,15735760656.38,31.898768439572336,1.3522792844777842,0.1316408086506817,0.22571064913025032,-0.005791397618165571,31.898768439572336,-0.007976240984302078,1.899848809975857,-15.69649023454787,0.5007959548739923,-0.8723404255319149,3.601835915088927,0.013893877110373046,0.153737658674189,0.8493941142527409,-0.004651968426001534,104.4580589060177,-0.010461934653146628,-1.6918883015525972,-1.5122489005130242,0.23027757119891923,0.19070754081919722,-1.0983358547655069,-1.6937269372693726,-1.5497630331753554,-1.647617979327277,0.08577056215041727,0.06850285051302218,Oil & Gas Integrated,Energy,IMO
2019Q4,2019,Q4,2020-02-26,2019-12-31,271000000.0,7657000000.0,422000000.0,0.36133,661000000.0,0.08632623742980279,42187000000.0,24276000000.0,6329000000.0,4595000000.0,17911000000.0,1912000000.0,24812000000.0,25928556150.0,29543556150.0,32.368,1.3773667029379761,0.12641335008414914,0.2196819904432361,0.01035222850542541,32.368,0.011163288844949744,3.3862552109181143,23.91933224169742,1.06807365916955,0.6125461254612546,3.6589958158995817,0.00640220762928984,0.18150141038708606,0.9612622415669205,0.006423779837390666,41.156438333333334,0.08632623742980279,-0.35476785714285725,-0.5422752111276702,0.14228423500504586,0.2211628939192188,-0.1547314578005115,-0.3608490566037736,-0.24777183600713013,-0.7873037857802401,0.3012345679012346,0.09958834578953682,Oil & Gas Integrated,Energy,IMO
2019Q3,2019,Q3,2019-11-06,2019-09-30,424000000.0,8201000000.0,561000000.0,0.56,782000000.0,0.09535422509450067,41907000000.0,24965000000.0,6010000000.0,4137000000.0,16942000000.0,1595000000.0,24990000000.0,26062361797.500004,29852361797.500004,32.944048561625756,1.452743533961808,0.12697162765170497,0.21313839375125176,0.013866789417111443,32.944048561625756,0.016983777288203484,3.1779492497866118,15.366958607016512,1.0439560103144405,0.39858490566037735,4.65141065830721,0.006484446855319578,0.19569522991385688,1.067198452985255,0.010117641444150142,27.176602500000005,0.09535422509450067,-0.643312101910828,-0.4933286413888156,-0.006086675102214965,0.24774903082505886,-0.21485943775100402,-0.6501650165016502,-0.25695364238410595,-0.5271740860816864,0.4954069245975967,0.164347242133016,Oil & Gas Integrated,Energy,IMO
2019Q2,2019,Q2,2019-08-07,2019-06-30,1212000000.0,8765000000.0,755000000.0,1.57,996000000.0,0.11363377067883627,41929000000.0,25022000000.0,6080000000.0,4213000000.0,16907000000.0,1859000000.0,25056000000.0,27754482897.0,31976482897.0,32.60620276257493,1.4431521481129836,0.1266188079849269,0.21217328750699385,0.04050031740872325,32.60620276257493,0.048437375109903286,3.1665125952082147,5.724934590965346,1.1092032170489967,0.12128712871287128,4.179128563743948,0.005296441679188674,0.20904385985833193,1.0018988844054117,0.028906007775048297,43.915321039556964,0.11363377067883627,3.131578947368421,0.0865783942406304,0.07375987414376302,0.28430770303259967,0.44138929088277856,3.136518771331058,0.6966292134831461,8.395936915494236,0.6662683348158634,0.19785963338932522,Oil & Gas Integrated,Energy,IMO
2019Q1,2019,Q1,2019-05-02,2019-03-31,293000000.0,7571000000.0,445000000.0,0.38,691000000.0,0.09126931713115836,42497000000.0,24319000000.0,6063000000.0,4952000000.0,18178000000.0,1819000000.0,24364000000.0,28463270392.25,32786270392.25,31.27845659163987,1.2243537964458804,0.12551474221709769,0.21933467659032033,0.01079835528092039,31.27845659163987,0.012048192771084338,3.759512665731079,24.28606688758532,1.1704128620523049,0.5085324232081911,3.782297965915338,0.005234816588067471,0.17815375202955502,0.8570274636510501,0.006894604325011177,49.76096222421329,0.09126931713115836,-0.6482002666271663,-0.6623497821254496,-0.06495896651497145,0.30207847389980624,-0.47888386123680243,-0.6565064478311841,-0.5965548504079783,4.16254560504282,0.7245313837384763,0.13559581114854596,Oil & Gas Integrated,Energy,IMO
2018Q4,2018,Q4,2019-02-27,2018-12-31,853000000.0,7425000000.0,1103000000.0,1.08016,1326000000.0,0.1785858585858586,41456000000.0,24489000000.0,5355000000.0,3955000000.0,16967000000.0,1838000000.0,24560000000.0,27237466888.8,31429466888.8,31.010510320374827,1.3539823008849559,0.12495175607873409,0.21152354118175506,0.028687174514897617,31.010510320374827,0.03483196537220793,3.668345708929293,7.982844926377491,1.1122327121891462,0.17702227432590856,3.318280739934712,0.005543834183129964,0.17910555769972983,0.8892541087231353,0.02057603241991509,62.614866411034484,0.1785858585858586,0.14910638297872347,-0.13055542764609504,0.015496692726992098,0.3500785583035548,0.03918495297805643,0.13885180240320427,0.05248091603053435,7.980128964337413,0.3711357459013082,0.12260033091474296,Oil & Gas Integrated,Energy,IMO
2018Q3,2018,Q3,2018-11-07,2018-09-30,749000000.0,9265000000.0,1048000000.0,0.94,1276000000.0,0.13772261198057204,41819000000.0,23979000000.0,5733000000.0,4778000000.0,17840000000.0,1856000000.0,24247000000.0,34239738898.4,38279738898.4,30.06394182547643,1.1998744244453747,0.12405844233482388,0.21635597814754576,0.025754407488382904,30.06394182547643,0.031235664539805662,3.6956005286994067,11.428484278504673,1.4279052044872598,0.20694259012016022,4.304418103448276,0.0045269036793748165,0.22155001315191658,0.8114273754709084,0.017910519142016787,38.90879420272727,0.13772261198057204,2.9166666666666665,0.23022157663097487,0.20188048275686438,0.42390462065678486,1.266429840142096,2.8214285714285716,2.6262975778546713,0.6616980377458053,0.47062059966306696,0.10022007215896639,Oil & Gas Integrated,Energy,IMO
2018Q2,2018,Q2,2018-08-02,2018-06-30,196000000.0,9104000000.0,289000000.0,0.24,563000000.0,0.06184094903339191,41390000000.0,23765000000.0,5175000000.0,4214000000.0,17625000000.0,1677000000.0,24049000000.0,35968415994.0,40289415994.0,29.120205857125352,1.2280493592785953,0.12548924861077554,0.21855670103092784,0.007272254814960888,29.120205857125352,0.008247422680412371,3.95083655470123,45.878081625,1.5135037237113402,0.673469387755102,5.093023255813954,0.00366988638092985,0.21995651123459772,0.8300901756051258,0.0047354433438028505,71.65023106374503,0.06184094903339191,-0.6129032258064516,-0.37747630166147855,0.2500526325986715,0.4268867201121199,-0.3846994535519126,-0.6201550387596899,-0.5946704067321178,0.6963770779724708,0.3733330592558245,0.08450663405683241,Oil & Gas Integrated,Energy,IMO
2018Q1,2018,Q1,2018-05-03,2018-03-31,516000000.0,7503000000.0,713000000.0,0.62,915000000.0,0.12195121951219512,41580000000.0,24584000000.0,5427000000.0,3736000000.0,16996000000.0,1717000000.0,24861000000.0,28310805949.999996,32086805949.999996,29.655006031363087,1.4526231263383298,0.12508417508417508,0.21156036446469248,0.017399381949935986,29.655006031363087,0.020989261308167913,3.7732648207383708,13.716475750968991,1.1515947750569475,0.2596899224806202,3.836924868957484,0.004733175037003848,0.18044733044733044,0.9930406852248393,0.01240981240981241,46.10880447882735,0.12195121951219512,4.778874870482111,-0.3388755362471317,-0.00021603803351005822,0.47656600553271183,3.3160377358490565,4.766423357664234,4.411483253588517,0.25315278402562674,0.32424345592419773,0.1069530590647532,Oil & Gas Integrated,Energy,IMO
2017Q4,2017,Q4,2018-03-01,2017-12-31,-137000000.0,7628000000.0,-209000000.0,-0.16407,212000000.0,0.02779234399580493,41601000000.0,24435000000.0,5407000000.0,4136000000.0,17166000000.0,1500000000.0,24714000000.0,32646236148.0,36658236148.0,29.263473053892216,1.307301740812379,0.12516526045046994,0.21309596889707386,-0.0045364238410596025,29.263473053892216,-0.00560671168405975,4.279789741478762,-59.57342362773723,1.336044041252302,-0.9781021897810219,4.944,0.0041046079368083355,0.18336097689959377,0.9446324951644101,-0.0032931900675464533,42.39770928311688,0.02779234399580493,-1.3728863636363635,-1.1294581840037397,0.20246428074084402,0.5170476047355739,-0.7039106145251397,-1.3692722371967656,-1.426530612244898,-1.2078406525250542,0.022117933410525363,0.10403693279220516,Oil & Gas Integrated,Energy,IMO
2017Q3,2017,Q3,2017-11-01,2017-09-30,371000000.0,6696000000.0,490000000.0,0.44,716000000.0,0.10692951015531661,41370000000.0,25021000000.0,4159000000.0,3302000000.0,16349000000.0,1430000000.0,25224000000.0,33437594223.960003,37819594223.96001,29.7232121644096,1.2595396729254997,0.1260575296108291,0.2084249230646257,0.011898970741321784,29.7232121644096,0.014827544862315654,4.993666998799283,22.532071579487873,1.3363812087430558,0.3665768194070081,4.181818181818182,0.004067278258390611,0.16185641769398115,0.8264688067837674,0.008967851099830795,56.10334601335571,0.10692951015531661,5.888888888888889,-0.6408113566167736,-0.1895497747215731,0.609595874683975,14.911111111111111,5.818181818181818,4.141025641025641,-0.6009015073519707,-0.26946197593550403,0.12576051792097848,Oil & Gas Integrated,Energy,IMO
2017Q2,2017,Q2,2017-08-02,2017-06-30,-77000000.0,6564000000.0,-156000000.0,-0.09,45000000.0,0.006855575868372943,41105000000.0,25000000000.0,3756000000.0,3205000000.0,16105000000.0,1534000000.0,25224000000.0,32111808559.6,36710808559.6,29.515938606847698,1.1719188767550701,0.12704050602116532,0.20888,-0.0031206079106319414,29.515938606847698,-0.00308,4.892109774466788,-104.2591187,1.2844723423839999,-1.6493506493506493,4.249674054758801,0.003954931400524705,0.15968860235981025,0.6932917316692667,-0.0018732514292665126,186.69656139302325,0.006855575868372943,-1.2307692307692306,-1.1214030064423766,-0.11812269124522091,0.7068682445858461,-0.9030172413793104,-1.2312312312312312,-1.6610169491525424,-1.0625442739079103,-0.2714452281605625,0.16258699582527578,Oil & Gas Integrated,Energy,IMO
2017Q1,2017,Q1,2017-05-03,2017-03-31,333000000.0,6564000000.0,236000000.0,0.39,464000000.0,0.07068860450944546,41410000000.0,25304000000.0,3906000000.0,3209000000.0,16106000000.0,1489000000.0,25558000000.0,34466912350.0,39022912350.0,29.853704577630957,1.2172016204425053,0.12624969814054576,0.20660765096427441,0.006014409235135023,29.853704577630957,0.013159974707556117,5.250900723644119,25.87606032282282,1.362113197518179,0.3813813813813814,4.09670920080591,0.0036846932707623285,0.1585124366095146,0.7531941414770956,0.008041535860903164,148.56427737068967,0.07068860450944546,-0.7704288859325884,-0.6718437686705087,-0.12389260157536122,0.7924908456739043,-0.2883435582822086,-0.7693905817174516,-0.25316455696202533,-0.6479915433403806,-0.2563724934858955,0.24276803693335297,Oil & Gas Integrated,Energy,IMO
2016Q4,2016,Q4,2017-02-23,2016-12-31,1444000000.0,6669000000.0,316000000.0,1.69882,652000000.0,0.0977657819763083,41654000000.0,25021000000.0,3831000000.0,3883000000.0,16633000000.0,1417000000.0,25352000000.0,39822394260.0,44665394260.0,29.436470588235295,0.9866082925573011,0.12565419887645846,0.20918428520043164,0.008897083310910462,29.436470588235295,0.05771152232125015,5.971269194781827,6.894458840027701,1.591558860956796,0.0886426592797784,4.246294989414255,0.0032142718281650603,0.16010467182023336,0.6216842647437548,0.034666538627742834,69.74149607705779,0.0977657819763083,0.43967796610169496,0.44188703541117946,-0.1821413116144661,0.8849417770261022,0.05501618122977346,0.43968095712861416,-0.03363914373088685,0.36742424242424226,-0.15260482846251597,0.2815509116984225,Oil & Gas Integrated,Energy,IMO
2016Q3,2016,Q3,2016-11-02,2016-09-30,1003000000.0,6134000000.0,327000000.0,1.18,618000000.0,0.10074991848712096,42094000000.0,23982000000.0,3438000000.0,3621000000.0,18112000000.0,1488000000.0,24036000000.0,34916251724.64,41978251724.64,28.294006606890044,0.9494614747307374,0.17365895377013352,0.3048119422900509,0.008702788089056331,28.294006606890044,0.04182303394212326,5.692248406364525,8.70295406895314,1.4559357736902676,0.12662013958125623,3.706989247311828,0.003637274728156961,0.1457214804960327,0.5385252692626347,0.02382762388939041,59.89065475924528,0.10074991848712096,6.619047619047619,0.1676367869615831,-0.22530942157110387,0.8219250930638913,10.884615384615385,6.541436464088398,2.272373540856031,0.5502318392581143,-0.25122070312500006,0.3400759946356728,Oil & Gas Integrated,Energy,IMO
2016Q2,2016,Q2,2016-08-03,2016-06-30,-181000000.0,5810000000.0,-257000000.0,-0.21,52000000.0,0.008950086058519793,43244000000.0,23072000000.0,3981000000.0,5506000000.0,20172000000.0,1470000000.0,23160000000.0,34526555419.2,43239555419.2,27.2203869749882,0.7230294224482383,0.20599389510683563,0.38609570041608876,-0.005665958741559589,27.2203869749882,-0.00784500693481276,5.942608505886402,-47.68861245745856,1.4964699817614424,-0.6519337016574586,3.9170068027210885,0.0034176592065822166,0.13435389880677087,0.3944787504540501,-0.004185551752844325,265.58888784,0.008950086058519793,-0.75,-1.2493407085571056,-0.2512968090655963,0.8662829212793189,-0.5047619047619047,-0.7920792079207921,-0.41208791208791207,-1.5535168195718654,-0.23188789000528817,0.33379581454503415,Oil & Gas Integrated,Energy,IMO
2016Q1,2016,Q1,2016-05-04,2016-03-31,-101000000.0,4786000000.0,-182000000.0,-0.12,105000000.0,0.021938988717091518,43185000000.0,23346000000.0,3693000000.0,5118000000.0,19839000000.0,1622000000.0,23467000000.0,36830818741.6,45570818741.6,27.543652666352052,0.7215709261430246,0.20597429663077457,0.38100745309689027,-0.0037559863458801234,27.543652666352052,-0.004326222907564465,7.695532541078144,-91.16539292475248,1.5776072449927183,-1.1782178217821782,2.8859432799013565,0.003230989808694935,0.1108255181197175,0.3505275498241501,-0.0023387750376288063,-107.69245246081871,0.021938988717091518,-1.9976720984369805,-1.1293518975623875,-0.30135299091118717,0.9849973419358442,-0.7702407002188184,-1.9901960784313726,-2.4918032786885247,-1.1265664160401003,-0.37625439854033627,0.371438641837514,Oil & Gas Integrated,Energy,IMO
2015Q4,2015,Q4,2016-02-24,2015-12-31,102000000.0,5815000000.0,122000000.0,0.12028,457000000.0,0.07858985382631127,43170000000.0,23425000000.0,3670000000.0,5393000000.0,19745000000.0,1614000000.0,23687000000.0,38254758912.0,46567758912.0,27.62382075471698,0.6805117745225292,0.19726662033819783,0.3635432230522946,0.002963324924863139,27.62382075471698,0.004354322305229455,6.578634378675838,93.761664,1.6330740197225189,1.1666666666666667,3.319702602230483,0.0031107240872630705,0.13470002316423443,0.33079918412757275,0.00236275191104934,-242.11872729113924,0.07858985382631127,-0.7852142857142858,-0.8718887996788438,-0.14056377997610242,1.1032362406964438,-0.48709315375982043,-0.7870563674321504,-0.7983471074380165,-0.9050926737742864,-0.09738646336112325,0.4320463956008255,Oil & Gas Integrated,Energy,IMO
2015Q3,2015,Q3,2015-11-04,2015-09-30,479000000.0,6695000000.0,605000000.0,0.56,891000000.0,0.1330843913368185,43452000000.0,23161000000.0,4113000000.0,5770000000.0,20291000000.0,1729000000.0,23704000000.0,35461661304.159996,43521661304.159996,27.32538933459179,0.7128249566724437,0.19391512473534014,0.36380121756400846,0.014124975336919131,27.32538933459179,0.020681317732394976,5.296738058873786,18.508173958329852,1.5310937051146323,0.22964509394572025,3.356853672643146,0.0031019415321948247,0.1540780631501427,0.3584055459272097,0.011023658289606922,77.59663305067834,0.1330843913368185,3.0,0.14593301435406697,0.14876458476321205,1.1553136050623487,0.03604651162790698,2.9916666666666667,0.057692307692307696,-0.5394230769230769,-0.1952157711263373,0.4797469971888578,Oil & Gas Integrated,Energy,IMO
2015Q2,2015,Q2,2015-08-05,2015-06-30,120000000.0,6885000000.0,572000000.0,0.14,860000000.0,0.12490922294843863,42834000000.0,22759000000.0,4174000000.0,5948000000.0,20075000000.0,1664000000.0,23344000000.0,41182710584.079994,49138710584.079994,26.8511090136857,0.7017484868863484,0.18639398608581967,0.35080627444088053,0.003727233413213999,26.8511090136857,0.005272639395404016,5.981512067404502,85.79731371683333,1.809513185292851,0.9166666666666666,3.620793269230769,0.0026710237971204038,0.16073679787085027,0.3586079354404842,0.0028015128169211374,-103.9967438991919,0.12490922294843863,-0.72,-0.7678916827852998,0.12151816256719337,1.189839314923506,0.059113300492610835,-0.7149643705463183,0.07721280602636535,-0.8109344401794042,-0.07565094281552012,0.5527646238137939,Oil & Gas Integrated,Energy,IMO
2015Q1,2015,Q1,2015-05-06,2015-03-31,421000000.0,5793000000.0,531000000.0,0.5,812000000.0,0.14016916968755394,41608000000.0,22707000000.0,3595000000.0,5739000000.0,18901000000.0,1516000000.0,23334000000.0,42615896573.12,50103896573.12,26.789759320434168,0.6264157518731487,0.18140742164968277,0.33240850838948344,0.013107250543255141,26.789759320434168,0.018540538160038755,7.356446845006042,25.306351884275536,1.8767735312071168,0.26128266033254155,3.2856200527704487,0.002581196427752327,0.13922803307056336,0.3157344485101934,0.010118246491059411,-58.37794051112329,0.14016916968755394,-0.3666155736562749,-0.11554621848739499,-0.06049302627311061,1.2837171879714375,-0.25979945305378305,-0.37257824143070045,-0.36177884615384615,-0.5851238036344869,-0.22679918356582385,0.608523934267995,Oil & Gas Integrated,Energy,IMO
2014Q4,2014,Q4,2015-02-25,2014-12-31,671000000.0,7597000000.0,832000000.0,0.78941,1097000000.0,0.14439910490983282,40830000000.0,22530000000.0,3569000000.0,5981000000.0,18300000000.0,1501000000.0,23023000000.0,42610823255.00001,49286823255.00001,26.50588235294118,0.5967229560274202,0.16877296105804557,0.30585885486018644,0.021687574490434926,26.50588235294118,0.029782512205947624,5.608901310385679,15.875865594262297,1.891292643364403,0.16393442622950818,4.330446369087275,0.002581503749451555,0.1860641685035513,0.2932619963216853,0.016433994611805045,-122.79776154178677,0.14439910490983282,-0.2823545454545456,0.26246750385547474,0.3016286814862371,1.3981378884851963,-0.2662207357859532,-0.2831196581196581,-0.32192339038304807,-0.3299818554287386,-0.068335214325251,0.6972838110546374,Oil & Gas Integrated,Energy,IMO
2014Q3,2014,Q3,2014-11-05,2014-09-30,936000000.0,9229000000.0,1227000000.0,1.1,1495000000.0,0.16198938129808213,40242000000.0,22379000000.0,4465000000.0,7028000000.0,17863000000.0,1503000000.0,22463000000.0,44351031416.64,50510031416.64,26.402784332232184,0.6353158793397837,0.15411758858903632,0.27713481388802,0.03213276682038171,26.402784332232184,0.04182492515304526,4.805616146564091,11.845895143333331,1.9818147109629565,0.11858974358974358,5.145708582834331,0.002502760284360694,0.22933750807613937,0.33352305065452476,0.023259281347845533,-366.5374497242975,0.16198938129808213,-0.2413793103448275,0.7111517367458867,0.6595935982736918,1.378214665249734,0.14035087719298245,-0.24025974025974026,0.22945891783567135,0.08963911525029097,0.16557211417024495,0.7001443439945301,Oil & Gas Integrated,Energy,IMO
2014Q2,2014,Q2,2014-08-06,2014-06-30,1232000000.0,9016000000.0,998000000.0,1.45,1311000000.0,0.14540816326530612,39398000000.0,21519000000.0,4797000000.0,7086000000.0,17879000000.0,1545000000.0,21637000000.0,47456592470.04001,53354592470.04001,25.38815478999528,0.6769686706181203,0.15404335245443931,0.2820298341000976,0.026950398821345284,25.38815478999528,0.05725173102839351,5.2635972127373565,9.629990355121755,2.205334470469818,0.08928571428571429,4.9870550161812295,0.0023179076767773517,0.22884410376161227,0.36353372847869037,0.031270622874257574,-160.32632591229734,0.14540816326530612,0.3063063063063062,4.896127766324731,0.70057088791131,1.4119316036483638,-0.14257684761281883,0.3023255813953488,-0.19059205190592052,0.6971699057588626,0.16184302400423117,0.7406615023842607,Oil & Gas Integrated,Energy,IMO
2014Q1,2014,Q1,2014-05-07,2014-03-31,946000000.0,8827000000.0,1233000000.0,1.11,1529000000.0,0.1732185340432763,38745000000.0,20361000000.0,4889000000.0,7659000000.0,18384000000.0,1400000000.0,20516000000.0,43539453229.99999,49722453229.99999,24.021944313355355,0.6383339861600731,0.16221447928765,0.3086783556799764,0.03457823739087747,24.021944313355355,0.046461372231226365,4.932531237113401,11.506197999471457,2.1383749928785423,0.11627906976744186,5.212857142857143,0.002526444221035984,0.22782294489611563,0.3708055881968925,0.024416053684346368,-359.830191983471,0.1732185340432763,-0.09799364532460036,2.3057964601047374,0.9088819116932253,1.3203322424094093,-0.05090006207324643,-0.10416666666666667,-0.03445575567736883,0.21155341677246117,0.28854098395882805,0.7311972448880204,Oil & Gas Integrated,Energy,IMO
2013Q4,2013,Q4,2014-02-26,2013-12-31,1056000000.0,7870000000.0,1277000000.0,1.23059,1611000000.0,0.20470139771283355,37218000000.0,19524000000.0,4287000000.0,7088000000.0,17694000000.0,1372000000.0,19679000000.0,39977926834.99999,45992926834.99999,22.96941176470588,0.6048250564334086,0.16892363909936053,0.3220139315713993,0.037727008397674774,22.96941176470588,0.054087277197295634,5.079787399618804,9.464471315104165,2.0476299341835684,0.09659090909090909,4.561953352769679,0.0025514079412117174,0.211456821967865,0.332392776523702,0.028373367725294214,300.58591605263155,0.20470139771283355,0.6191973684210527,0.6411726433651188,0.2304766750393031,1.2095035850021225,0.3887931034482759,0.6321483771251932,0.5220500595947557,0.32320694986380033,0.16042103439313884,0.7488565278486808,Oil & Gas Integrated,Energy,IMO
2013Q3,2013,Q3,2013-11-05,2013-09-30,647000000.0,8192000000.0,839000000.0,0.76,1160000000.0,0.1416015625,36081000000.0,17896000000.0,4440000000.0,7001000000.0,18185000000.0,1563000000.0,18733000000.0,38542629667.36,44680629667.36,21.113732892873998,0.6341951149835737,0.17222360799312658,0.347228430934287,0.026130805904394407,21.113732892873998,0.03615333035315154,4.704910848066406,14.892824446429676,2.1537008084130536,0.15765069551777433,4.499040307101727,0.002646420363122736,0.22704470496937446,0.3216683330952721,0.017931875502341953,-25.491157187407406,0.1416015625,1.0,-0.5178754835998207,-0.10189083700520236,1.046748935571089,0.8040435458786936,0.9785932721712538,1.2675675675675675,0.547846889952153,0.4056280027453672,0.6653638563186302,Oil & Gas Integrated,Energy,IMO
2013Q2,2013,Q2,2013-08-06,2013-06-30,327000000.0,7564000000.0,370000000.0,0.38,643000000.0,0.08500793231094658,34974000000.0,17298000000.0,4953000000.0,7387000000.0,17676000000.0,1609000000.0,18187000000.0,34235807598.72,38765807598.72,20.408211420481358,0.670502233653716,0.14502201635500658,0.2932130882182911,0.01244642451535172,20.408211420481358,0.018903919528269163,4.526151189677419,26.17416483082569,1.979177222726327,0.3119266055045872,4.3014294592914855,0.0029793367574543076,0.21627494710356265,0.3748477054284554,0.009349802710585007,-38.99294715116173,0.08500793231094658,-0.5957446808510638,-0.7048509380323602,-0.11528709709945607,1.1496588582158525,-0.5172672672672672,-0.5902255639097744,-0.6492890995260664,-0.367504835589942,0.23212249552044315,0.664389492927932,Oil & Gas Integrated,Energy,IMO
2013Q1,2013,Q1,2013-05-02,2013-03-31,798000000.0,7673000000.0,1055000000.0,0.94,1332000000.0,0.17359572527042877,33119000000.0,17023000000.0,4540000000.0,6883000000.0,16096000000.0,1432000000.0,17963000000.0,35061940264.0,38666940264.0,20.083765927324208,0.6595961063489757,0.1186026148132492,0.23074663690301356,0.037318017649030054,20.083765927324208,0.04687775362744522,4.569521733872019,10.984317125313284,2.059680447864654,0.12781954887218044,4.428072625698324,0.0029091373504143733,0.23167970047404812,0.3712044166787738,0.024094930402488,-46.874251689839575,0.17359572527042877,-0.25830657187719464,0.238791882890899,0.11689911327333441,1.262254902222218,11.0,-0.258364312267658,-0.2453505007153076,0.6764705882352939,0.24440480051897506,0.7120587347882933,Oil & Gas Integrated,Energy,IMO
2012Q4,2012,Q4,2013-02-27,2012-12-31,1076000000.0,6450000000.0,1398000000.0,1.26737,111000000.0,0.017209302325581394,29364000000.0,16377000000.0,4092000000.0,5905000000.0,12987000000.0,1107000000.0,17266000000.0,36053217989.99999,37218217989.99999,19.289752650176677,0.6929720575783235,0.056089088680016344,0.1005678695731819,0.058583876371635646,19.289752650176677,0.06570189900470172,5.589646199999999,8.376677042286245,2.2014543561091773,0.09386617100371747,5.726287262872629,0.002801414287845655,0.2196567225173682,0.41625740897544455,0.036643509058711346,-4506.652248749999,0.017209302325581394,0.038827868852459126,0.30958274218424137,0.03132562749904179,1.2276146311838394,-0.949977467327625,0.03461538461538462,0.008658008658008658,1.0268480653599958,0.10640959510988776,0.7452536034803351,Oil & Gas Integrated,Energy,IMO
2012Q3,2012,Q3,2012-11-06,2012-09-30,1040000000.0,8319000000.0,1386000000.0,1.22,2219000000.0,0.2667387907200385,28471000000.0,15652000000.0,4903000000.0,6336000000.0,12819000000.0,1488000000.0,16292000000.0,38609974369.200005,39569974369.200005,18.466257668711656,0.7738320707070707,0.0501914228513224,0.09129823664707386,0.06084246708302402,18.466257668711656,0.0664451827242525,4.641179753479986,9.281243838750001,2.4667757710963456,0.09807692307692308,4.099462365591398,0.002641804395533802,0.29219205507358365,0.44696969696969696,0.036528397316567734,-53.699547105980535,0.2667387907200385,0.6266666666666666,0.3943112096468878,0.41504177378263474,1.2164130980971515,0.42243589743589743,0.6377952755905512,0.65,0.9012797074954296,0.49595396511418816,0.6633368756641869,Oil & Gas Integrated,Energy,IMO
2012Q2,2012,Q2,2012-08-02,2012-06-30,635000000.0,7452000000.0,840000000.0,0.75,1560000000.0,0.20933977455716588,27241000000.0,14664000000.0,4884000000.0,6263000000.0,12577000000.0,1195000000.0,15354000000.0,36560203904.00001,36769203904.00001,17.29245283018868,0.7798179786045026,0.04423479314268933,0.08217403164211674,0.04001512382632806,17.29245283018868,0.043303327877795963,4.906092848094472,14.39378106456693,2.4931944833606114,0.16062992125984252,4.930543933054393,0.002789918794431021,0.27355823941852353,0.5011975091809037,0.023310451158180683,1354.0816260740744,0.20933977455716588,-0.36974789915966383,-0.01470953337783553,0.29875656709841686,1.1396017361412996,-0.2679493195682778,-0.37438423645320196,-0.378698224852071,2.037560937076826,0.40491089059592483,0.6428217738047919,Oil & Gas Integrated,Energy,IMO
2012Q1,2012,Q1,2012-05-03,2012-03-31,1015000000.0,7494000000.0,1352000000.0,1.19,2131000000.0,0.28436082199092605,26511000000.0,14120000000.0,5253000000.0,6088000000.0,12391000000.0,1432000000.0,14879000000.0,38343108088.8,38504108088.8,16.654871431941494,0.8628449408672799,0.045490551091999544,0.08541076487252125,0.0661323951003388,16.654871431941494,0.07188385269121814,5.116507617934348,9.444115292807881,2.7155175700283287,0.0916256157635468,3.7451117318435756,0.002425468477532348,0.2826751159895892,0.5241458607095927,0.03828599449285203,-391.25620498775515,0.28436082199092605,0.010023850143015876,0.46001990869626275,0.405591631774883,1.083877590529227,0.0037682524729156855,0.009950248756218905,0.020377358490566037,2.5460801863728717,0.620231833191639,0.6087305287454208,Oil & Gas Integrated,Energy,IMO
2011Q4,2011,Q4,2012-02-27,2011-12-31,1005000000.0,8183000000.0,1325000000.0,1.17819,2123000000.0,0.25944030306733473,25429000000.0,13321000000.0,5083000000.0,5949000000.0,12108000000.0,1001000000.0,14031000000.0,38711651231.99999,38716651231.99999,15.61664712778429,0.8544293158514036,0.04746549215462661,0.09060881315216575,0.07251519762797635,15.61664712778429,0.07544478642744538,4.730740710252962,9.6297639880597,2.9060619497034756,0.09253731343283582,6.053946053946054,0.002402377502386773,0.32179794722560856,0.5869894099848714,0.03952180581226159,355.1527635963302,0.25944030306733473,0.1665247524752476,0.4287544575069381,0.6406880431934314,1.030727180812454,0.11268343815513626,0.16996507566938301,0.1704946996466431,0.5564182237764359,0.27491461290960867,0.5022168685909453,Oil & Gas Integrated,Energy,IMO
2011Q3,2011,Q3,2011-11-03,2011-09-30,859000000.0,7918000000.0,1132000000.0,1.01,1908000000.0,0.24096994190452134,24194000000.0,13163000000.0,4883000000.0,5862000000.0,11031000000.0,1258000000.0,13131000000.0,31748470982.800003,32036470982.800003,15.529731005191127,0.8329921528488571,0.049929734644953296,0.09177239231178302,0.059773154269013994,15.529731005191127,0.06525867963230267,4.009657865976257,9.239950809895227,2.411947958884753,0.10826542491268917,4.777424483306836,0.002929274926354202,0.3272712242704803,0.5192766973729103,0.03550467057948252,55.601525363922946,0.24096994190452134,0.1882352941176471,0.20648778571367998,0.3735442399290897,1.0947301718236737,0.09844559585492228,0.18319559228650137,0.17916666666666667,-0.35989959878245126,-0.13193013274013576,0.505440111696594,Oil & Gas Integrated,Energy,IMO
2011Q2,2011,Q2,2011-08-04,2011-06-30,726000000.0,7761000000.0,960000000.0,0.85,1737000000.0,0.2238113645148821,22966000000.0,12364000000.0,4609000000.0,5472000000.0,10602000000.0,1284000000.0,12368000000.0,37847428896.9,38637428896.9,14.585348590303173,0.8422880116959064,0.05264303753374554,0.09778388870915561,0.05354431876385884,14.585348590303173,0.05871886120996441,4.876617561770391,13.032861190392563,3.06109906962957,0.12947658402203857,4.691588785046729,0.002483656162115132,0.33793433771662457,0.49707602339181284,0.03161194809718715,-153.22845707246964,0.2238113645148821,-0.06593406593406599,0.007570658682446783,0.34727488453303285,1.0594375467380166,-0.08240887480190175,-0.07042253521126761,-0.08658420551855375,-0.3447922281710715,-0.09235234627706862,0.5363190409643351,Oil & Gas Integrated,Energy,IMO
2011Q1,2011,Q1,2011-05-05,2011-03-31,781000000.0,6852000000.0,1051000000.0,0.91,1893000000.0,0.27626970227670755,22008000000.0,11764000000.0,4356000000.0,5326000000.0,10244000000.0,1235000000.0,11743000000.0,41750138973.42,42204138973.42,13.8759141306912,0.8178745775441232,0.03430570701563068,0.06417885073104386,0.062255878836189715,13.8759141306912,0.06638898333900034,6.0931317824605955,13.364321054231754,3.548974751225774,0.11907810499359796,4.015384615384615,0.002227537495365176,0.3113413304252999,0.477656778069846,0.03548709560159942,304.7455399519708,0.27626970227670755,-0.03078070082010856,0.5439237401018481,0.37547212977184063,1.080515438899874,0.09739130434782609,-0.02252816020025031,0.15494505494505495,0.21211556839703746,-0.0028427802374221775,0.5629964459137154,Oil & Gas Integrated,Energy,IMO
2010Q4,2010,Q4,2011-02-25,2010-12-31,799000000.0,6790000000.0,910000000.0,0.9389,1725000000.0,0.2540500736377025,20580000000.0,11177000000.0,3538000000.0,4577000000.0,9403000000.0,773000000.0,11090000000.0,34468726992.0,34957726992.0,13.133960047003525,0.7729954118418177,0.036734693877551024,0.06763890131520085,0.05786422753377138,13.133960047003525,0.07148608750111837,5.0763957278350516,10.784958382978724,3.083897914646149,0.11639549436795996,6.552393272962484,0.002698097902530162,0.3299319727891156,0.49530259995630327,0.03882410106899903,-840.7006583414634,0.2540500736377025,0.9161224489795918,-0.06858725346669328,0.03881042732708061,0.9958350950605518,0.2277580071174377,0.9114832535885168,0.5936952714535902,-0.029835047829775547,0.08313851612785708,0.5167328527575011,Oil & Gas Integrated,Energy,IMO
2010Q3,2010,Q3,2010-11-03,2010-09-30,418000000.0,5828000000.0,571000000.0,0.49,1405000000.0,0.24107755662319835,19398000000.0,10746000000.0,3309000000.0,4477000000.0,8652000000.0,0.0,10389000000.0,32699921138.560005,33105921138.560005,12.678150070788108,0.7391110118382845,0.023559129807196617,0.04252745207519077,0.03741498944696583,12.678150070788108,0.03889819467708915,5.610830668936171,19.557369102009574,3.042985402806626,0.22248803827751196,0.0,0.0028440435561275304,0.30044334467470873,0.4156801429528702,0.021548613259098875,-179.66989636571432,0.24107755662319835,-0.18333333333333332,-0.2294419541302084,-0.0921610469176133,1.0394918170248562,-0.038329911019849415,-0.19148936170212766,-0.1627565982404692,-0.43959414843038547,-0.008671299722899931,0.5216953202243798,Oil & Gas Integrated,Energy,IMO
2010Q2,2010,Q2,2010-08-04,2010-06-30,517000000.0,6139000000.0,682000000.0,0.6,1461000000.0,0.23798664277569637,18368000000.0,10393000000.0,3228000000.0,4012000000.0,7975000000.0,931000000.0,10064000000.0,32698615326.0,32862615326.0,12.261680037753658,0.8045862412761715,0.012412891986062718,0.021937842778793418,0.04854460093896713,12.261680037753658,0.04974502068700087,5.326374869848509,15.81170953868472,3.146215272394881,0.1644100580270793,5.024704618689581,0.002599498454370728,0.33422256097560976,0.45862412761714855,0.028146777003484322,-62.046708398481975,0.23798664277569637,0.07142857142857129,0.1729952440558623,0.10331961802294481,1.0131636654005665,0.05259365994236311,0.0861344537815126,0.046012269938650305,-0.19742430649091117,0.07042796842592161,0.5171423137258075,Oil & Gas Integrated,Energy,IMO
2010Q1,2010,Q1,2010-05-06,2010-03-31,476000000.0,6166000000.0,652000000.0,0.56,1388000000.0,0.22510541680181642,18335000000.0,9943000000.0,3841000000.0,4243000000.0,8392000000.0,945000000.0,9644000000.0,33296430233.559998,32901430233.559998,11.73076923076923,0.9052557152957813,0.007581128988273793,0.013979684199939656,0.047145093235334154,11.73076923076923,0.04787287538972141,5.400004903269542,17.487620920987393,3.348730788852459,0.17857142857142858,5.056084656084656,0.0025528262160166093,0.3362967002999727,0.5722366250294603,0.025961276247613855,329.66762607485146,0.22510541680181642,-0.10441555118425044,0.4909353628966373,0.34320705275199215,0.9338329029501721,-0.10161812297734628,-0.10861423220973783,-0.12717536813922356,-0.31513944651589865,0.1567818309535133,0.46776798725609336,Oil & Gas Integrated,Energy,IMO
2009Q4,2009,Q4,2010-02-26,2009-12-31,534000000.0,5864000000.0,747000000.0,0.62529,1545000000.0,0.2634720327421555,17473000000.0,9439000000.0,3505000000.0,3768000000.0,8034000000.0,811000000.0,9252000000.0,34739056407.99999,37205056407.99999,11.052693208430913,0.9302016985138004,0.17049161563555199,0.3156054666807925,0.04301016604120651,11.052693208430913,0.05657378959635555,5.9241228526602985,16.263603187265915,3.6803746591799973,0.15730337078651685,5.325524044389643,0.0024180276808167937,0.33560350254678645,0.5910297239915074,0.030561437646654838,289.49213673333327,0.2634720327421555,-0.022984375,0.20281624458019296,0.18854575689282563,0.8496053829520019,0.026578073089700997,-0.02376599634369287,-0.015810276679841896,-0.24172986017998369,0.17435279036381165,0.437248619110368,Oil & Gas Integrated,Energy,IMO
2009Q3,2009,Q3,2009-11-05,2009-09-30,547000000.0,5561000000.0,759000000.0,0.64,1505000000.0,0.27063477791764073,16822000000.0,9410000000.0,3527000000.0,3614000000.0,7412000000.0,935000000.0,8805000000.0,34951251078.12,34633251078.12,11.10193487494101,0.9759269507470947,0.008322434906669837,0.01487778958554729,0.057086203297850135,11.10193487494101,0.05812964930924548,6.285065829548643,15.97406356404022,3.714266852085016,0.15539305301645337,4.337967914438503,0.002431958724739649,0.33057900368564974,0.5896513558384062,0.032516942099631435,242.71702137583335,0.27063477791764073,1.56,0.2737202256858962,0.20091336386079298,0.8256206763296616,0.4026095060577819,1.6172248803827751,1.5728813559322035,-0.23172430874809907,-0.03532716364666997,0.4974862050338653,Oil & Gas Integrated,Energy,IMO
2009Q2,2009,Q2,2009-07-31,2009-06-30,209000000.0,5303000000.0,295000000.0,0.25,1073000000.0,0.2023382990759947,16663000000.0,8924000000.0,3705000000.0,3931000000.0,7739000000.0,1042000000.0,8343000000.0,37891883494.799995,37642883494.799995,10.526067468742628,0.9425082676163826,0.008461861609554103,0.0158000896458987,0.023052751935115037,10.526067468742628,0.02341999103541013,7.145367432547614,45.32521949138756,4.246064936665172,0.41148325358851673,4.059500959692898,0.0022696153389102974,0.31825001500330075,0.5629610786059527,0.012542759407069556,-150.96367926215137,0.2023382990759947,-0.24242424242424246,-0.41304665280646086,0.23592431810958736,0.8258200632243122,-0.13257881972514146,-0.2768166089965398,-0.2698019801980198,-0.709975993124145,-0.07953150489752082,0.4862708580745388,Oil & Gas Integrated,Energy,IMO
2009Q1,2009,Q1,2009-05-01,2009-03-31,289000000.0,4670000000.0,404000000.0,0.33,1237000000.0,0.26488222698072805,16490000000.0,8862000000.0,3850000000.0,3876000000.0,7628000000.0,1150000000.0,8277000000.0,38943805599.99999,38331805599.99999,10.352803738317757,0.9932920536635707,0.008671922377198302,0.01613631234484315,0.03213163081593911,10.352803738317757,0.0326111487248928,8.339144668094217,33.688413148788925,4.394471406003159,0.2975778546712803,2.985217391304348,0.0022083101195431195,0.28320194057004244,0.6019091847265222,0.01752577319587629,-55.08317623762375,0.26488222698072805,-0.5639995772117112,-0.28166633518494355,0.16587576797822248,0.8479070061450963,-0.8059105545741574,-0.5621850024297141,-0.4762803283744638,-0.43416175038881644,-0.07152338725236687,0.5522702007667651,Oil & Gas Integrated,Energy,IMO
2008Q4,2008,Q4,2009-02-27,2008-12-31,660096163.0,6561436134.0,771405051.0,0.75688,6373350170.0,0.9713346346502746,17034968431.0,9065080136.0,4643030597.0,4148858669.0,7969888295.0,853569694.0,8483487130.0,35752129056.0,33921143141.0,10.395734100917432,1.1191103306777885,0.008410548841362863,0.01580498262017791,0.07149363876147038,10.395734100917432,0.07281746582455143,5.44882680039205,13.540500255869535,3.943939658516439,0.13370386308396098,0.220352204772631,0.0024685916428014367,0.38517454027443865,0.8264559556150067,0.038749479676097674,68.77901892905001,0.9713346346502746,-0.5179108280254777,2.350418989378953,0.8466256397129406,1.0286878730396993,1.4626546251931993,-0.524768781137509,-0.6060239780388151,-0.2490419430355976,-0.020332936763091822,0.579734587533057,Oil & Gas Integrated,Energy,IMO
2008Q3,2008,Q3,2008-10-31,2008-09-30,1389000000.0,9441000000.0,1958000000.0,1.57,2588000000.0,0.2741235038661159,18627000000.0,9050000000.0,6681000000.0,6160000000.0,9577000000.0,1171000000.0,8294000000.0,39738689634.0,37948689634.0,10.315741479539497,1.0845779220779221,0.007677027970150857,0.01580110497237569,0.15054812694577885,10.315741479539497,0.15348066298342541,4.209161067047982,7.152391942764578,4.39101542917127,0.05687544996400288,5.852263023057216,0.001987987040529098,0.5068449025607988,0.763474025974026,0.07456917377999678,30.358051668449196,0.2741235038661159,0.20111407195816908,3.754103831615302,1.6228208904902812,0.9777498800881868,0.05245829532337635,0.1887702039583908,0.21526034315029494,1.4738544385433827,0.420856068521185,0.6594590075519474,Oil & Gas Integrated,Energy,IMO
2008Q2,2008,Q2,2008-08-01,2008-06-30,1168434400.0,9016690200.0,1611177400.0,1.3071198120595144,2459004800.0,0.27271701094931705,18494443800.0,8486416400.0,6412140000.0,6476261400.0,10008027400.0,880397000.0,7715941800.0,50177155508.9,49005667708.9,9.493697729052467,0.9900990099009901,0.0079247152055473,0.017270328615975054,0.13534543739684038,9.493697729052467,0.1376828975773567,5.564919543193355,10.735980451469933,5.912643587568953,0.07154048528526719,7.448554913294798,0.0016659047957625545,0.4875350833746079,0.658965896589659,0.06317759066644654,42.299294968104384,0.27271701094931705,0.7428264160793526,1.841564809929289,1.5021246165490465,0.8329273502781877,0.709870218739536,0.715762961414956,0.6751075409277857,1.5136919453353108,0.5365718264741012,0.5587070662076816,Oil & Gas Integrated,Energy,IMO
2008Q1,2008,Q1,2008-05-02,2008-03-31,680999897.0,7262627302.0,961835202.0,0.75,1438123650.0,0.19801699718281923,16804855468.0,7954942907.0,5131159346.0,5512807324.0,8849912560.0,1266330624.0,7100092583.0,48012444338.0163,47567016913.0163,8.877764352547487,0.9307706662740604,0.008631243885209236,0.01823354456414328,0.08342385957774641,8.877764352547487,0.08560713822355029,6.610891946058489,17.62571644633314,6.0355485764413785,0.12084592136142423,4.599512593008254,0.0017140568686863941,0.4321743388885182,0.5659637993181567,0.04052399607344246,1261.429645340517,0.19801699718281923,-0.2254546581156861,0.6056338035283629,0.680667943043992,0.8223088684574366,-0.26137607222724,-0.23095046423015964,-0.09147727320063218,1.0176991142557075,0.49654815253350915,0.46351125589985587,Oil & Gas Integrated,Energy,IMO
2007Q4,2007,Q4,2008-02-28,2007-12-31,885508495.0,6740270233.0,1058680398.0,0.96831,1947030953.0,0.2888654142481471,16286622306.0,7923329030.0,4693614063.0,4940907737.0,8363293276.0,694209951.0,7071208660.0,50003403120.00001,48941728674.00001,8.65937598907104,0.9499497486771225,0.008963961234995684,0.01842567063001295,0.11025276708766066,8.65937598907104,0.11175965199062293,7.418605099122887,14.117143822544584,6.31090832283662,0.09405220895142288,6.90459604201208,0.0016655672374964543,0.4138531677324451,0.675979899399607,0.054370297190091905,54.85111853816379,0.2888654142481471,0.10035227272727272,1.416797641920852,0.732366736634342,0.8864379543897577,-0.048422900395003785,0.08536808654080968,-0.11808767812764756,0.8616049981269187,0.2750758776762658,0.44909735033393455,Oil & Gas Integrated,Energy,IMO
2007Q3,2007,Q3,2007-10-31,2007-09-30,815860081.0,6430487926.0,1200437245.0,0.88,2046109510.0,0.3181888425180133,17253304184.0,7724336679.0,5939580642.0,5732882838.0,9528967505.0,955977343.0,6815065090.0,45667539943.84691,44879504566.84691,8.331595623832678,1.036054775553744,0.08317014171295503,0.18577125954403262,0.0898930991245976,8.331595623832678,0.10562202489413267,7.101722368407244,13.993680107461623,5.912163314683362,0.10295883075568689,4.586278585056382,0.0018393808841747753,0.3727105172099944,0.758537008148081,0.04728717886725691,57.95373089320674,0.3181888425180133,0.15789473684210525,1.901098902210566,0.7379784949283709,0.0,0.05558610145538119,0.14585721758698886,0.16334855530208253,0.7368421062442677,0.2695816771711321,0.3700614720789814,Oil & Gas Integrated,Energy,IMO
2007Q2,2007,Q2,2007-08-03,2007-06-30,712008502.0,6339001063.0,1031880978.0,0.76,1938363443.0,0.30578373843695944,16951115834.0,7571732200.0,5656748140.0,5874601488.0,9379383634.0,905419766.0,6658873539.0,46313698494.27096,45712210715.27096,8.082089548765763,0.9629160635925675,0.08469688420866701,0.18961403508169505,0.07995246387720077,8.082089548765763,0.0940350877702727,7.306150927249175,16.261638156067605,6.116658285176932,0.10654224322731472,4.860328640097305,0.0016379383522865019,0.37395774561845874,0.704956584622715,0.042003636160156274,49.20995319282172,0.30578373843695944,-0.06172839506172845,1.8148148156828137,0.8288191348850195,0.0,0.21018630513988965,-0.07980063700117805,-0.08408681245045449,0.8095238102057968,0.3369430257001532,0.4018949901975845,Oil & Gas Integrated,Energy,IMO
2007Q1,2007,Q1,2007-05-02,2007-03-31,773754613.0,5934040590.0,1126614391.0,0.81,1601706642.0,0.26991838321753037,16647832103.0,7541512915.0,5309040590.0,5887915129.0,9106319188.0,976706642.0,6630535055.0,40431147012.952194,41822982805.952194,7.992250364241299,0.9016842929428713,0.189928655541295,0.41926605505256237,0.06290025856070261,7.992250364241299,0.10259938844114544,6.8134260963914635,13.06329756671583,5.361145365478989,0.09836065558939679,4.435655253791138,0.0018823856512311902,0.35644524483945655,0.6378770075168996,0.046477800125132605,467.4918804693619,0.26991838321753037,-0.01759833113000438,7.730224964068384,1.05115610541397,0.0,-0.1255960437580453,-0.025644296124485547,0.23094462809454758,0.7446808504686,0.34391027245927885,0.42656383876808823,Oil & Gas Integrated,Energy,IMO
