Quarters,Year,Quarter,FillingDate,Date,NetIncome,Revenue,OperatingIncome,EPSDiluted,GrossProfit,GrossProfitRatio,TotalAssets,CommonStockEquity,CurrentAssets,CurrentLiability,TotalLiability,Inventory,RetainedEarnings,MarketCap,EnterpriseValue,bookValuePerShare,currentRatio,debtToAssets,debtToEquity,roic,shareholdersEquityPerShare,roe,priceToSalesRatio,peRatio,pbRatio,payoutRatio,inventoryTurnover,dividendYield,assetTurnover,quickRatio,returnOnAssets,priceToFreeCashFlowsRatio,grossProfitMargin,epsdilutedGrowth,fiveYNetIncomeGrowthPerShare,fiveYRevenueGrowthPerShare,fiveYShareholdersEquityGrowthPerShare,grossProfitGrowth,netIncomeGrowth,operatingIncomeGrowth,threeYNetIncomeGrowthPerShare,threeYRevenueGrowthPerShare,threeYShareholdersEquityGrowthPerShare,Industry,Sector,Symbol
2023Q1,2023,Q1,2023-05-12,2023-03-31,142000.0,545000.0,140000.0,0.02,546000.0,1.0018348624,16848000.0,15185000.0,729000.0,0.0,257000.0,0.0,-17357000.0,10250875.25,9778875.25,2.592339615097745,0.0,0.015254036087369421,0.016924596641422457,0.009143545500477588,2.592339615097745,0.009351333552848206,18.808945412844036,18.047315580985916,0.6750658709252552,0.0,0.0,0.0,0.03234805318138651,0.0,0.008428300094966762,-70.69569137931035,1.001834862385321,-0.888888888888889,1.6060458105760285,3.267742681395616,-0.004398145639562804,1.8586387434554974,-0.864244741873805,0.0,1.4664183061641853,24.193814177625637,0.933576781151221,Insurance—Reinsurance,Financial Services,OXBR
2022Q4,2022,Q4,2023-03-30,2022-12-31,1046000.0,1041000.0,0.0,0.18,191000.0,0.1834774256,16616000.0,14989000.0,12630000.0,260000.0,1627000.0,0.0,-17499000.0,6930007.2,5983007.2,2.5954951388795093,48.57692307692308,0.031295137217140105,0.03469210754553339,0.0,2.5954951388795093,0.06978450863966909,6.657067435158502,1.6563114722753347,0.46233952898792446,0.0,0.0,0.0,0.06265045739046703,49.83461538461538,0.06295137217140107,-47.142906122448984,0.1834774255523535,1.4864864864864866,44.27074870860162,3.78487884062612,0.06922669829305565,-0.9728268601508038,1.4849327770050997,1.0,8.056267647167813,1.7217407751490983,0.9684844395331352,Insurance—Reinsurance,Financial Services,OXBR
2022Q3,2022,Q3,2022-11-14,2022-09-30,-2157000.0,7029000.0,-2157000.0,-0.37,7029000.0,1.0,15929000.0,14280000.0,2759000.0,293000.0,1649000.0,0.0,-18177000.0,12314780.309999999,10416780.309999999,2.4699100783227856,9.416382252559726,0.035532676250863204,0.03963585434173669,-0.14463890565278617,2.4699100783227856,-0.15105042016806722,1.7519960606060605,-1.4273041620305982,0.8623795735294117,0.0,0.0,0.0,0.44127063845815806,44.184300341296925,-0.135413396948961,-59.49169231884057,1.0,-38.0,0.9061020704760575,-0.6366493532599734,0.025142929935344064,12.974155069582505,-24.193548387096776,-24.703296703296704,-39.89258389372392,18.916124869718793,0.7761751305958242,Insurance—Reinsurance,Financial Services,OXBR
2022Q2,2022,Q2,2022-08-15,2022-06-30,93000.0,503000.0,91000.0,0.01,503000.0,1.0,17671000.0,16405000.0,3027000.0,369000.0,1266000.0,0.0,-16030000.0,19310497.24,17223497.24,2.837456711705058,8.203252032520325,0.034633014543602514,0.03730569948186528,0.005433856856685089,2.837456711705058,0.005669003352636391,38.39065057654075,51.9099388172043,1.1771104687595246,0.0,0.0,0.0,0.02846471620168638,39.40650406504065,0.0052628600531944994,-47.562801083743835,1.0,1.1592356687898089,-0.9159228396268199,-0.8091426325639279,-0.5601533406573412,0.0,1.257617728531856,1.2520775623268698,1.509546461923724,3.57636761694008,1.03895286568428,Insurance—Reinsurance,Financial Services,OXBR
2022Q1,2022,Q1,2022-05-12,2022-03-31,-361000.0,0.0,-361000.0,-0.0628,0.0,0.0,17152000.0,16296000.0,3015000.0,387000.0,856000.0,0.0,-16097000.0,31458013.759999998,28811013.759999998,2.8335902158369453,7.790697674418604,0.01918143656716418,0.020189003436426118,-0.02156769028557773,2.8335902158369453,-0.022152675503190968,0.0,-21.785328088642657,1.9304132155130094,0.0,0.0,0.0,0.0,36.0671834625323,-0.021047108208955223,-455.9132428985507,0.0,-1.2242857142857142,-1.2912170464342125,-1.0,-0.5533387590016772,-1.0,-1.227329974811083,-1.227329974811083,-1.092386818681757,-1.0,0.6986288301444864,Insurance—Reinsurance,Financial Services,OXBR
2021Q4,2021,Q4,2022-03-30,2021-12-31,1588000.0,2071000.0,1588000.0,0.28,2071000.0,1.0,17689000.0,16651000.0,3816000.0,337000.0,1038000.0,0.0,-15710000.0,32235077.98,29059077.98,2.903005851515548,11.323442136498516,0.01984284018316468,0.021079815026124556,0.09266499387290658,2.903005851515548,0.0953696474686205,15.564982124577499,5.074791873425692,1.935924447780914,0.0,0.0,0.0,0.11707841031149302,44.46290801186944,0.08977330544406129,-220.78820534246574,1.0,-0.7543859649122806,1.7098939790297571,-0.8185770279540101,-0.5355132832114581,-0.7053634940958885,-0.757557251908397,0.0,1.1870519546187392,0.2005556722788065,0.9945993135834799,Insurance—Reinsurance,Financial Services,OXBR
2021Q3,2021,Q3,2021-11-12,2021-09-30,6550000.0,7029000.0,0.0,1.14,7029000.0,1.0,16502000.0,15070000.0,4465000.0,340000.0,1432000.0,0.0,-17273000.0,16914081.650000002,13540081.650000002,2.6283720819096317,13.132352941176471,0.02266391952490607,0.024817518248175182,0.0,2.6283720819096317,0.43463835434638354,2.4063283041684453,0.6455756354961832,1.1223677272727275,0.0,0.0,0.0,0.42594836989455825,13.132352941176471,0.39692158526239246,172.5926698979592,1.0,13.249999999999998,1.306280255704206,2.4107525105745573,-0.6086134511456787,7.73167701863354,12.906581740976645,0.0,9.04601226993865,4.605263157894737,0.024125042473666307,Insurance—Reinsurance,Financial Services,OXBR
2021Q2,2021,Q2,2021-08-16,2021-06-30,471000.0,805000.0,0.0,0.08,805000.0,1.0,10260000.0,8531000.0,8709000.0,404000.0,1729000.0,0.0,-23799000.0,15021997.940000001,7795997.940000001,1.4878992853862687,21.556930693069308,0.0384990253411306,0.046301723127417656,0.0,1.4878992853862687,0.05521040909623725,18.66086700621118,7.973459628450106,1.760871871996249,0.0,0.0,0.0,0.07846003898635477,21.556930693069308,0.04590643274853801,-106.5389924822695,1.0,7.000000000000001,-0.4292360534049531,-0.75916073367918,-0.7648130431077725,1.5235109717868338,9.02127659574468,0.0,0.7773584905660378,0.11341632088520047,-0.39198916684484353,Insurance—Reinsurance,Financial Services,OXBR
2021Q1,2021,Q1,2021-05-14,2021-03-31,47000.0,319000.0,0.0,0.01,319000.0,1.0,8812000.0,8068000.0,4770000.0,208000.0,744000.0,0.0,-24247000.0,14505975.11,10292975.11,1.4071470442499607,22.932692307692307,0.047208352246935995,0.05156172533465543,0.0,1.4071470442499607,0.005825483391175013,45.47327620689655,77.15944207446807,1.797964193108577,0.0,0.0,0.0,0.03620063549704948,22.932692307692307,0.005333635950975942,-216.50709119402984,1.0,-0.75,-0.9523722827272981,-0.7797774892252101,-0.7735771464338502,-0.35685483870967744,-0.7740384615384616,0.0,1.204932793380479,1.5520483607116848,-0.4595776732130657,Insurance—Reinsurance,Financial Services,OXBR
2020Q4,2020,Q4,2021-03-29,2020-12-31,208000.0,496000.0,0.0,0.04,496000.0,1.0,9083000.0,8025000.0,6027000.0,209000.0,1058000.0,0.0,-24275000.0,10721807.690000001,5597807.690000001,1.3996473760666752,28.83732057416268,0.0482219530991963,0.05457943925233645,0.0,1.3996473760666752,0.025919003115264797,21.616547762096776,12.886788088942309,1.336050802492212,0.0,0.0,0.0,0.05460750853242321,26.61244019138756,0.022899922932951667,893.4839741666668,1.0,0.0,-0.39537558832426073,-0.38208713971600283,-0.7656355164714023,0.915057915057915,30.714285714285715,0.0,9.666666666666666,1.2962962962962963,-0.4234085357091536,Insurance—Reinsurance,Financial Services,OXBR
2020Q3,2020,Q3,2020-11-10,2020-09-30,-7000.0,259000.0,0.0,0.0,259000.0,1.0,9106000.0,7835000.0,6379000.0,154000.0,1271000.0,0.0,-24457000.0,10091113.12,4864113.119999999,1.3665093073498318,41.422077922077925,0.05040632549967055,0.058583280153158904,0.0,1.3665093073498318,-0.0008934269304403319,38.96182671814672,-360.39689714285714,1.2879531742182515,0.0,0.0,0.0,0.028442784976938282,41.422077922077925,-0.0007687239182956292,224.2469582222222,1.0,-1.0,-1.0099710375582955,-0.7680128261648779,-0.773754264724879,-0.46265560165975106,-1.037837837837838,0.0,0.9996927268805685,-0.9864994078744488,-0.43282657639431327,Insurance—Reinsurance,Financial Services,OXBR
2020Q2,2020,Q2,2020-08-10,2020-06-30,185000.0,482000.0,0.0,0.03,482000.0,1.0,9403000.0,7860000.0,6491000.0,159000.0,1543000.0,0.0,-24424000.0,8027021.8,2939021.8,1.3708695795494164,40.82389937106918,0.05094118898223971,0.060941475826972014,0.0,1.3708695795494164,0.023536895674300253,16.653572199170124,10.847326756756756,1.021249592875318,0.0,0.0,0.0,0.05126023609486334,40.82389937106918,0.019674571945123898,-24.177776506024095,1.0,1.5999999999999999,-0.8819963509244573,-0.753297699308265,-0.7758614922277827,21.956521739130434,1.6208053691275168,0.0,-0.8313495910823896,-0.8155797673140894,-0.7874954699848254,Insurance—Reinsurance,Financial Services,OXBR
2020Q1,2020,Q1,2020-05-14,2020-03-31,-298000.0,-23000.0,0.0,-0.05,-23000.0,1.0,9048000.0,7687000.0,5299000.0,301000.0,1361000.0,0.0,-24589000.0,5005994.8097,821994.8097000001,1.3406964959282905,17.6046511627907,0.09770114942528736,0.11499934955119032,0.0,1.3406964959282905,-0.03876674905684922,-217.65194824782608,-4.199660075251678,0.6512286730454013,0.0,0.0,0.0,-0.002541998231653404,17.6046511627907,-0.03293545534924845,-1001.19896194,1.0,-3.5000000000000004,-1.1716766176131659,-1.0106960220546004,-0.7837820798283565,-1.056930693069307,-3.442622950819672,0.0,-1.2411256547925478,-1.014446924846348,-0.7886648685732572,Insurance—Reinsurance,Financial Services,OXBR
2019Q4,2019,Q4,2020-03-23,2019-12-31,122000.0,404000.0,0.0,0.02,404000.0,1.0,9495000.0,8043000.0,6480000.0,279000.0,1452000.0,0.0,-24225000.0,4544500.0,-684500.0,1.3185245901639344,23.225806451612904,0.07719852553975777,0.09113514857640184,0.0,1.3185245901639344,0.015168469476563471,11.248762376237623,9.3125,0.5650254880019893,0.0,0.0,0.0,0.04254870984728805,23.225806451612904,0.012848867825171143,67.82835820895522,1.0,1.0,-0.9289520426287744,-0.8161142761775438,-0.7844843755861499,0.15428571428571428,1.2181818181818183,0.0,1.051282052608883,-0.9667220842418484,-0.7890334400909066,Insurance—Reinsurance,Financial Services,OXBR
2019Q3,2019,Q3,2019-11-04,2019-09-30,55000.0,350000.0,0.0,0.01,350000.0,1.0,9790000.0,7973000.0,6985000.0,226000.0,1817000.0,0.0,-24286000.0,4780091.4819,-616908.5181,1.390578009891539,30.9070796460177,0.0755873340143003,0.09281324470086542,0.0,1.390578009891539,0.006898281700739997,13.657404234,21.72768855409091,0.5995348654082528,0.0,0.0,0.0,0.03575076608784474,30.9070796460177,0.0056179775280898875,177.04042525555556,1.0,1.3333333333333335,-0.9581718073877052,-0.8021270314613121,-0.7661387431861078,2.2110091743119265,1.3038674033149171,0.0,-0.9806342879292013,-0.8301659725848493,-0.7929313235557065,Insurance—Reinsurance,Financial Services,OXBR
2019Q2,2019,Q2,2019-08-01,2019-06-30,-181000.0,109000.0,0.0,-0.03,109000.0,1.0,9989000.0,7979000.0,7276000.0,134000.0,2010000.0,0.0,-24271000.0,6077602.220000001,549602.2200000007,1.3916244752194393,54.298507462686565,0.07468215036540195,0.09349542549191628,0.0,1.3916244752194393,-0.022684546935706228,55.7578185321101,-8.39447820441989,0.7616997393157038,0.0,0.0,0.0,0.010912003203523877,54.298507462686565,-0.01811993192511763,-28.267917302325586,1.0,0.0,-1.35011132042506,-0.8731204441144219,-0.7618848214419485,-0.06837606837606838,-0.23129251700680273,0.0,-1.219338162067311,-0.9673894658025226,-0.7800308605036828,Insurance—Reinsurance,Financial Services,OXBR
2019Q1,2019,Q1,2019-05-14,2019-03-31,-147000.0,117000.0,0.0,-0.03,117000.0,1.0,8559000.0,8174000.0,7902000.0,129000.0,385000.0,0.0,-24067000.0,5591880.0,-2153120.0,1.6681632653061225,61.25581395348837,0.01740857576819722,0.018228529483728897,0.0,1.6681632653061225,-0.017983851235625153,47.793846153846154,-9.51,0.6841057010031808,0.0,0.0,0.0,0.013669821240799159,61.25581395348837,-0.01717490361023484,-1.3154269583627383,1.0,0.9797297297297297,-1.1058564122137406,-0.948902077664399,-0.932899965334241,-0.9318975552968568,0.9826138379657008,0.0,-1.1743048897411315,-0.9054879430544261,-0.731577244689331,Insurance—Reinsurance,Financial Services,OXBR
2018Q4,2018,Q4,2019-03-19,2018-12-31,-8455000.0,1718000.0,0.0,-1.48,1718000.0,1.0,12561000.0,8314000.0,9082000.0,139000.0,4247000.0,0.0,-23920000.0,3598805.07,-4475194.93,1.455433094629935,65.33812949640287,0.0,0.0,0.0,1.455433094629935,-1.016959345681982,2.0947643015133877,-0.10641055795387344,0.4328608455617032,0.0,0.0,0.0,0.13677254995621368,65.33812949640287,-0.6731151978345673,-0.8143935437881873,1.0,-14.454545454545455,0.0,0.0,0.0,0.3700159489633174,-13.967791411042946,0.0,-25.66860479331269,1.1482130456151654,-0.7562944557564588,Insurance—Reinsurance,Financial Services,OXBR
2018Q3,2018,Q3,2018-11-13,2018-09-30,652000.0,1254000.0,0.0,0.11,1254000.0,1.0,19317000.0,14715000.0,10354000.0,695000.0,4602000.0,0.0,-17465000.0,10320456.6,4082456.5999999996,2.5664562166755296,14.897841726618704,0.10353574571620852,0.13591573224600748,0.0,2.5664562166755296,0.04430852871219844,8.23002918660287,3.9572302914110433,0.7013562079510703,0.0,0.0,0.0,0.06491691256406275,14.897841726618704,0.03375265310348398,-15.199494256259204,1.0,1.2,-0.7318540636135307,-0.6158431549197063,0.0,0.7344398340248963,1.460377358490566,0.0,-0.0712690731416209,0.12321203084649884,-0.5750853867806757,Insurance—Reinsurance,Financial Services,OXBR
2018Q2,2018,Q2,2018-08-14,2018-06-30,265000.0,723000.0,0.0,0.05,723000.0,1.0,20332000.0,14031000.0,9419000.0,945000.0,6301000.0,0.0,-18117000.0,10033777.25,4980777.25,2.4471591692948933,9.967195767195767,0.0983671060397403,0.14254151521630676,0.0,2.4471591692948933,0.018886750766160643,13.877976832641771,9.465827594339622,0.7151149062789538,0.0,0.0,0.0,0.03555970883336612,9.967195767195767,0.01303364155026559,-5.411961839266451,1.0,2.25,0.0,-0.3365820756199474,0.0,5.28695652173913,2.255924170616114,0.0,-0.8309677459188171,-0.6299465489623975,-0.5998870989119617,Insurance—Reinsurance,Financial Services,OXBR
2018Q1,2018,Q1,2018-05-15,2018-03-31,-211000.0,115000.0,0.0,-0.04,115000.0,1.0,21130000.0,13735000.0,8835000.0,938000.0,7395000.0,0.0,-18382000.0,11874025.0,6652025.0,2.603791469194313,9.418976545842218,0.0,0.0,0.0,2.603791469194313,-0.015362213323625773,103.25239130434782,-14.06875,0.8645085547870404,0.0,0.0,0.0,0.005442498816848084,9.418976545842218,-0.009985802176999526,37.22264890282132,1.0,0.0,0.0,0.0,0.0,-0.4675925925925926,-7.791666666666667,0.0,-1.1321238688524589,-0.9418705469156682,-0.5800791769504448,Insurance—Reinsurance,Financial Services,OXBR
2017Q4,2017,Q4,2018-03-13,2017-12-31,-24000.0,216000.0,0.0,0.0,216000.0,1.0,21393000.0,13918000.0,11600000.0,106000.0,7475000.0,0.0,-18149000.0,12327212.049999999,4564212.049999999,2.427450738952771,109.43396226415095,0.0,0.0,0.0,2.427450738952771,-0.001724385687598793,57.070426157407404,-128.40845885416667,0.8857028344589739,0.0,0.0,0.0,0.010096760622633571,109.43396226415095,-0.00112186229140373,-0.7891435919595415,1.0,1.0,0.0,0.0,0.0,-0.9888256595964822,0.9989544306003311,0.0,-1.0148698448014255,-0.895401892259848,-0.6032280583601225,Insurance—Reinsurance,Financial Services,OXBR
2017Q3,2017,Q3,2017-11-14,2017-09-30,-22954000.0,19330000.0,0.0,-3.97,19330000.0,1.0,41215000.0,13919000.0,9678000.0,171000.0,27296000.0,0.0,-18125000.0,22530764.099999998,16782764.099999998,2.4093324025348966,56.59649122807018,0.0,0.0,0.0,2.4093324025348966,-1.6491127236152023,1.1655853129849973,-0.24539039056373615,1.6187056613262447,-0.02997298945717522,0.0,0.030536026072901807,0.4690040033968215,56.59649122807018,-0.5569331554045857,-1.6497593981108587,1.0,-21.894736842105264,-10.369083180848381,4.877031072757156,0.0,6.2696502444528015,-21.56810035842294,0.0,-18.32526476935472,9.845894413883045,-0.5948091371132836,Insurance—Reinsurance,Financial Services,OXBR
2017Q2,2017,Q2,2017-08-14,2017-06-30,1116000.0,2659000.0,0.0,0.19,2659000.0,1.0,61298000.0,37630000.0,17926000.0,152000.0,23668000.0,0.0,5517000.0,32972117.779999997,27214117.779999997,6.451013441697102,117.9342105263158,0.0,0.0,0.0,6.451013441697102,0.029657188413499867,12.400194727341106,7.38622710125448,0.8762189152272123,0.6254480286738351,0.0,0.021169401512431452,0.043378250513883,117.9342105263158,0.018206140493980227,11.1769890779661,1.0,-0.13636363636363635,0.0,1.398210921936213,0.0,0.6253056234718827,-0.12125984251968504,0.0,1.1218364631988669,2.042311117494519,0.10380655478761795,Insurance—Reinsurance,Financial Services,OXBR
2017Q1,2017,Q1,2017-05-15,2017-03-31,1270000.0,1636000.0,0.0,0.22,1636000.0,1.0,47480000.0,37378000.0,17009000.0,156000.0,10102000.0,0.0,5099000.0,38650445.3674,23312445.367399998,6.343935752078353,109.03205128205128,0.0,0.0,0.0,6.343935752078353,0.033977205843009256,23.62496660599022,7.608355387283464,1.0340426284819948,0.5551181102362205,0.0,0.018240410771427677,0.03445661331086773,109.03205128205128,0.02674810446503791,3220.8704472833333,1.0,1.564102564102564,0.0,0.0,0.0,-0.8617542673652189,1.5476498490728763,0.0,-0.23942446260950792,-0.4057906573659204,-0.7448221539612374,Insurance—Reinsurance,Financial Services,OXBR
2016Q4,2016,Q4,2017-03-13,2016-12-31,-2319000.0,11834000.0,0.0,-0.39,11834000.0,1.0,51000000.0,37163000.0,16328000.0,204000.0,13837000.0,0.0,4534000.0,35676924.0,23434924.0,6.249922218630732,80.03921568627452,0.0,0.0,0.0,6.249922218630732,-0.06240077496434626,3.0147814770998815,-3.8461539456662353,0.9600119473670048,-0.30659767141009053,0.0,0.01992884812603239,0.2320392156862745,80.03921568627452,-0.04547058823529412,-44.933153652392946,1.0,-1.78,0.0,0.0,0.0,4.463527239150507,-1.7768844221105529,0.0,0.0,0.0,0.0,Insurance—Reinsurance,Financial Services,OXBR
2016Q3,2016,Q3,2016-11-14,2016-09-30,2985000.0,2166000.0,0.0,0.5,2166000.0,1.0,57997000.0,40469000.0,18952000.0,212000.0,17528000.0,0.0,7564000.0,30130860.0,20652860.0,6.715540147211198,89.39622641509433,0.0,0.0,0.0,6.715540147211198,0.07376016209938471,13.910831024930747,2.5235226130653263,0.7445417480046456,0.2408710217755444,0.0,0.02386257810099015,0.03734675931513699,89.39622641509433,0.051468179388589066,1772.4035294117648,1.0,2.571428571428571,0.16802689543475638,-0.3686729823094339,0.0,-0.38674971687429216,2.4231651376146788,0.0,0.16802689543475638,-0.3686729823094339,0.0,Insurance—Reinsurance,Financial Services,OXBR
2016Q2,2016,Q2,2016-08-15,2016-06-30,872000.0,3532000.0,0.0,0.14,3532000.0,1.0,59035000.0,38330000.0,14320000.0,193000.0,20705000.0,0.0,5298000.0,30475801.4787,25817801.4787,6.326453239786112,74.19689119170984,0.0,0.0,0.0,6.326453239786112,0.022749804330811373,8.6284828648641,8.737328405590596,0.7950900464049048,0.8348623853211009,0.0,0.023887804903467764,0.05982891505039383,74.19689119170984,0.01477089861946303,-21.119751544490644,1.0,-0.1764705882352941,0.0,2.067026219838135,0.0,1.3069888961463096,-0.16395014381591563,0.0,0.0,2.067026219838135,0.0,Insurance—Reinsurance,Financial Services,OXBR
2016Q1,2016,Q1,2016-05-16,2016-03-31,1043000.0,1531000.0,0.0,0.17,1531000.0,1.0,52435000.0,37661000.0,10300000.0,104000.0,14774000.0,0.0,5154000.0,30966600.000000004,22352600.000000004,6.214686468646865,99.03846153846153,0.0,0.0,0.0,6.214686468646865,0.027694431905684925,20.2263879817113,7.422483221476511,0.8222458245930804,0.6970278044103547,0.0,0.023476907377626217,0.02919805473443311,99.03846153846153,0.019891293983026605,11.796800000000001,1.0,1.8333333333333337,0.0,0.0,0.0,0.7638248847926268,1.803763440860215,0.0,0.0,0.0,0.0,Insurance—Reinsurance,Financial Services,OXBR
2015Q4,2015,Q4,2016-03-17,2015-12-31,372000.0,868000.0,0.0,0.06,868000.0,1.0,52687000.0,37027000.0,12726000.0,176000.0,15660000.0,0.0,4838000.0,35464000.0,26880000.0,5.972096774193548,72.30681818181819,0.0,0.0,0.0,5.972096774193548,0.010046722661841359,40.857142857142854,23.833333333333332,0.9577875604288763,1.9516129032258065,0.0,0.02047146401985112,0.016474652191242622,72.30681818181819,0.007060565224818266,14.745945945945946,1.0,-0.5,0.0,0.0,0.0,-0.26440677966101694,-0.49865229110512127,0.0,0.0,0.0,0.0,Insurance—Reinsurance,Financial Services,OXBR
2015Q3,2015,Q3,2015-11-12,2015-09-30,742000.0,1180000.0,0.0,0.12,1180000.0,1.0,53981000.0,36602000.0,13165000.0,103000.0,17379000.0,0.0,5192000.0,36238800.0,29830800.0,6.03993399339934,127.81553398058253,0.0,0.0,0.0,6.03993399339934,0.020272116277799027,30.710847457627118,12.209838274932615,0.9900770449702202,0.9797843665768194,0.0,0.02006137068556354,0.021859543172597765,127.81553398058253,0.013745577147514867,9.116679245283018,1.0,-0.5555555555555556,-0.711277046309282,-0.6579836802577895,0.0,-0.42857142857142855,-0.552202776101388,0.0,-0.711277046309282,-0.6579836802577895,0.0,Insurance—Reinsurance,Financial Services,OXBR
2015Q2,2015,Q2,2015-08-12,2015-06-30,1657000.0,2065000.0,0.0,0.27,2065000.0,1.0,56282000.0,37064000.0,31205000.0,5886000.0,19218000.0,0.0,5177000.0,36663000.0,16487000.0,6.116171617161716,5.301563030920829,0.0,0.0,0.0,6.116171617161716,0.04470645370170516,17.7544794188862,5.531532890766446,0.9891808763220375,0.43934821967410986,0.0,0.01985653110765622,0.0366902384421307,5.301563030920829,0.029441029103443376,-56.93012422360248,1.0,-0.09999999999999991,0.0,0.7927624307242043,0.0,-0.08910454344949272,-0.09453551912568306,0.0,0.0,0.7927624307242043,0.0,Insurance—Reinsurance,Financial Services,OXBR
2015Q1,2015,Q1,2015-05-14,2015-03-31,1830000.0,2267000.0,0.0,0.3,2267000.0,1.0,49482000.0,37481000.0,5830000.0,9256000.0,12001000.0,0.0,4248000.0,35723981.97,31917981.97,6.200672427447203,0.6298617113223854,0.0,0.0,0.0,6.200672427447203,0.04882473786718604,15.758262889280987,4.880325405737706,0.9531224345668472,0.39726775956284155,0.0,0.020350474944548853,0.0458146396669496,0.6298617113223854,0.036983145386201045,15.175863198810534,1.0,0.07142857142857129,0.0,0.0,0.0,0.04905136510874595,0.08348134991119005,0.0,0.0,0.0,0.0,Insurance—Reinsurance,Financial Services,OXBR
2014Q4,2014,Q4,2015-03-18,2014-12-31,1689000.0,2161000.0,0.0,0.28,2161000.0,1.0,49694000.0,36708000.0,9420000.0,7242000.0,12986000.0,0.0,3145000.0,35220000.0,29903000.0,6.118,1.3007456503728252,0.0,0.0,0.0,6.118,0.04601176855181432,16.298010180472005,5.213143872113677,0.9594638770840144,0.42628774422735344,0.0,0.020442930153321975,0.04348613514710025,1.3007456503728252,0.033988006600394416,18.634920634920636,1.0,0.21739130434782614,0.0,0.0,0.0,0.16747703943814155,0.22747093023255813,0.0,0.0,0.0,0.0,Insurance—Reinsurance,Financial Services,OXBR
2014Q3,2014,Q3,2014-11-10,2014-09-30,1376000.0,1851000.0,0.0,0.23,1851000.0,1.0,50263000.0,35677000.0,14371000.0,5153000.0,14586000.0,0.0,2176000.0,39300000.0,31185000.0,5.946166666666667,2.7888608577527654,0.0,0.0,0.0,5.946166666666667,0.03856826526894078,21.231766612641817,7.140261627906977,1.1015500182190205,0.5232558139534884,0.0,0.0183206106870229,0.036826293695163444,2.7888608577527654,0.02737600222827925,6.3892050073158835,1.0,1.5555555555555558,-0.4592242424242424,-0.45813311023622044,0.0,1.0589543937708565,1.543438077634011,0.0,-0.4592242424242424,-0.45813311023622044,0.0,Insurance—Reinsurance,Financial Services,OXBR
2014Q2,2014,Q2,2014-08-14,2014-06-30,541000.0,899000.0,0.0,0.09,899000.0,1.0,50815000.0,35066000.0,41439000.0,3096000.0,15749000.0,0.0,1520000.0,32220000.0,4264000.0,5.844333333333333,13.38468992248062,0.0,0.0,0.0,5.844333333333333,0.015428049962927052,35.83982202447164,14.88909426987061,0.9188387611931786,0.0,0.0,0.0,0.01769162648824166,13.38468992248062,0.01064646265866378,-55.9375,1.0,-0.6785714285714286,0.0,-0.2117141116352201,0.0,0.3873456790123457,0.37659033078880405,0.0,0.0,-0.2117141116352201,0.0,Insurance—Reinsurance,Financial Services,OXBR
2014Q1,2014,Q1,2014-05-13,2014-03-31,393000.0,648000.0,0.0,0.28,648000.0,1.0,37530000.0,34475000.0,28524000.0,2195000.0,3055000.0,0.0,978000.0,7720521.115960142,-20762478.884039856,24.860840588468175,12.99498861047836,0.0,0.0,0.0,24.860840588468175,0.011399564902102973,11.914384438210096,4.911272974529352,0.22394550010036668,0.6819338422391857,0.0,0.03471268272888739,0.017266187050359712,12.99498861047836,0.01047162270183853,6.684433866632157,1.0,0.0,0.0,0.0,0.0,0.0,0.0,0.0,0.0,0.0,0.0,Insurance—Reinsurance,Financial Services,OXBR
2013Q3,2013,Q3,2013-09-30,2013-09-30,473000.0,635000.0,0.0,0.42,635000.0,1.0,,,,,,,,6375272.9376268545,,,0.0,0.0,0.0,0.0,,0.0,10.039799901774574,3.369594575912714,0.0,0.0,0.0,0.0,0.0,0.0,0.0,1.4349027543612096,1.0,0.0,0.0,0.0,0.0,1.9952830188679245,0.0,0.0,0.0,0.0,0.0,Insurance—Reinsurance,Financial Services,OXBR
2013Q2,2013,Q2,2013-06-30,2013-06-30,0.0,212000.0,0.0,0.0,212000.0,1.0,,,,,,,,6375272.9376268545,,,0.0,0.0,0.0,0.0,,0.0,30.07204215861724,0.0,0.0,0.0,0.0,0.0,0.0,0.0,0.0,-65.0538054859883,1.0,0.0,0.0,0.0,0.0,0.0,0.0,0.0,0.0,0.0,0.0,Insurance—Reinsurance,Financial Services,OXBR
2013Q1,2013,Q1,2013-03-31,2013-03-31,0.0,0.0,0.0,0.0,0.0,0.0,,,,,,,,0.0,,0.0,0.0,0.0,0.0,0.0,0.0,0.0,0.0,0.0,0.0,0.0,0.0,,0.0,0.0,0.0,0.0,0.0,0.0,0.0,0.0,0.0,0.0,0.0,0.0,0.0,0.0,0.0,Insurance—Reinsurance,Financial Services,OXBR
2013Q4,2013,Q4,2013-12-31,2013-12-31,,,,,,,11362798.0,7180882.0,695215.0,1878186.0,4181916.0,0.0,585247.0,0.0,-695215.0,0.0,0.3701523704255063,0.0,0.0,,0.0,,0.0,0.0,0.0,0.0,0.0,,,0.3701523704255063,,0.0,0.0,0.0,0.0,0.0,0.0,0.0,0.0,0.0,0.0,0.0,0.0,Insurance—Reinsurance,Financial Services,OXBR
