Quarters,Year,Quarter,FillingDate,Date,NetIncome,Revenue,OperatingIncome,EPSDiluted,GrossProfit,GrossProfitRatio,TotalAssets,CommonStockEquity,CurrentAssets,CurrentLiability,TotalLiability,Inventory,RetainedEarnings,MarketCap,EnterpriseValue,bookValuePerShare,currentRatio,debtToAssets,debtToEquity,roic,shareholdersEquityPerShare,roe,priceToSalesRatio,peRatio,pbRatio,payoutRatio,inventoryTurnover,dividendYield,assetTurnover,quickRatio,returnOnAssets,priceToFreeCashFlowsRatio,grossProfitMargin,epsdilutedGrowth,fiveYNetIncomeGrowthPerShare,fiveYRevenueGrowthPerShare,fiveYShareholdersEquityGrowthPerShare,grossProfitGrowth,netIncomeGrowth,operatingIncomeGrowth,threeYNetIncomeGrowthPerShare,threeYRevenueGrowthPerShare,threeYShareholdersEquityGrowthPerShare,Industry,Sector,Symbol
2023Q1,2023,Q1,2023-05-15,2023-03-31,22811000.0,65142000.0,11124000.0,1.28,35968000.0,0.552147616,463982000.0,105820000.0,71922000.0,117240000.0,358162000.0,15193000.0,-227134000.0,107702010.0,299357010.0,6.455194290245837,0.6134595701125896,0.4631645193132492,2.030807030807031,0.040583340800206084,6.455194290245837,0.21556416556416558,1.6533420834484664,1.1803736136074703,1.0177850122850123,0.0,1.9202264200618706,0.0,0.1403976878413387,0.4751023541453429,0.04916354513752689,-3.642396090500186,0.5521476159774032,1.707182320441989,83.42144145436193,11.414973377217944,-0.1242027656239367,-0.23553666312433583,1.7726256604796098,-0.5479702547848349,-0.8030587130854673,0.3584876812560457,-0.7576331262343834,Oil & Gas E&P,Energy,BATL
2022Q4,2022,Q4,2023-03-30,2022-12-31,-29524000.0,76802000.0,24609000.0,-1.81,47050000.0,0.6126142548,485358000.0,84628000.0,88165000.0,165025000.0,400730000.0,17390000.0,-249945000.0,158709950.0,344078950.0,5.177607831141022,0.5342523860021209,0.4493487281552998,2.5771021411353217,0.3132882362475685,5.177607831141022,-0.3488679869546722,2.066481992656441,-1.343906228830782,1.8753834428321596,0.0,1.7108683151236344,0.0,0.15823783681323889,0.4284199363732768,-0.060829325982058605,-11.592283251771237,0.6126142548371136,-1.1777996070726917,-1.8803072690667453,26.60579305129087,-0.28274542176779593,-0.33460613774572195,-1.1759056244041945,-0.43988983976693374,-1.798213333785658,0.16098118716385573,-0.7350451372309834,Oil & Gas E&P,Energy,BATL
2022Q3,2022,Q3,2022-11-14,2022-09-30,167840000.0,99149000.0,43936000.0,10.18,70710000.0,0.7131690688,477503000.0,91343000.0,92609000.0,166930000.0,386160000.0,19199000.0,-242293000.0,194446000.0,372340000.0,5.590146878824969,0.5547774516264302,0.4427050720100188,2.314276956088589,0.2248565791432841,5.590146878824969,1.8374697568505522,1.961149381234304,0.28963000476644424,2.1287454977392906,0.0,1.4812750664097087,0.0,0.20764058026860563,0.439501587491763,0.3514951738523109,-18.725539291217256,0.7131690687752776,8.069444444444445,2.5998456422549747,8.196591410788564,-0.29307484848203574,-0.06490518130603824,8.083350917915173,-0.11755608668581413,26.830751266637613,18.005669789127705,4.9935777885808355,Oil & Gas E&P,Energy,BATL
2022Q2,2022,Q2,2022-08-08,2022-06-30,-23695000.0,101511000.0,49789000.0,-1.44,75618000.0,0.7449241954,449215000.0,-15413000.0,103850000.0,204862000.0,464628000.0,7207000.0,-348181000.0,139363140.0,305846140.0,-0.9433835230750398,0.5069266140133358,0.46775597431074206,-13.63284240576137,-0.4488368119693792,-0.9433835230750398,1.5373386102640627,1.3728870762774477,-1.4703855243722304,-9.0419217543632,0.0,3.592757041764951,0.0,0.2259741994367953,0.47174195311966105,-0.05274757076232984,-6.929352625298329,0.7449241954073943,0.8929368029739777,-11.3178520691707,6.423786973148121,-1.1849899222842355,0.2818130964690726,0.8919467371973187,0.4729601798710136,0.6400524911350706,16.52823642787763,-1.7006315429572,Oil & Gas E&P,Energy,BATL
2022Q1,2022,Q1,2022-05-09,2022-03-31,-219290000.0,81602000.0,33802000.0,-13.45,58993000.0,0.7229357124,410790000.0,-29048000.0,91876000.0,189975000.0,439838000.0,4953000.0,-361228000.0,302909740.0,450107740.0,-1.7817579586579158,0.4836215291485722,0.464190949146766,-6.564479482236298,0.47052948082577273,-1.7817579586579158,7.549228862572294,3.7120381853385944,-0.3453300880113092,-10.427903470118423,0.0,4.564708257621644,0.0,0.19864651038243386,0.45722858270825106,-0.5338250687699311,-83.28560351938411,0.7229357123599912,-10.676258992805757,-7.483783215977367,2.369202188300284,-1.2327289190978417,-0.18227686677848162,-10.614187382173704,0.29708365310821183,-5.336560672391061,14.28605993156687,-1.330922088209579,Oil & Gas E&P,Energy,BATL
2021Q4,2021,Q4,2022-03-07,2021-12-31,22809000.0,84505000.0,26060000.0,1.39,72143000.0,0.8537127981,390267000.0,63705000.0,87914000.0,121602000.0,326562000.0,0.0,-268484000.0,159485200.0,295276200.0,3.9145262381713164,0.722965082811138,0.4680257362267371,2.8672003767365197,0.09303025445512692,3.9145262381713164,0.35804097009653874,1.887287142772617,1.7480512078565478,2.5034958009575385,0.0,0.0,0.0,0.21653124655684441,0.6880643410470223,0.05844460331004159,9.913918070491702,0.8537127980592865,0.7594936708860758,1.2668269070880396,2.088861849543204,2.169054377182068,0.26651100733822547,0.7475482684646031,-0.22104319234793005,0.5112637585292736,12.608733324132334,-0.4828306265147168,Oil & Gas E&P,Energy,BATL
2021Q3,2021,Q3,2021-11-08,2021-09-30,13052000.0,80816000.0,33455000.0,0.79,56962000.0,0.7048356761037419,349215000.0,37243000.0,44038000.0,135204000.0,311972000.0,0.0,-294419000.0,158307100.0,317966100.0,2.289059618930547,0.3257152155261679,0.46254313245421874,4.337110329457885,0.1630773880320549,2.289059618930547,0.35045511908278065,1.958858394377351,3.032238354275207,4.25065381413957,0.0,0.0,0.0,0.23142190341193822,0.31687671962367975,0.03737525593115989,18.79908561928512,0.7048356761037419,1.3779904306220097,-0.9199561450497589,3.416829120340636,0.5720612704070881,0.350418434840331,1.3846856671284151,0.6001817573061654,2.5489133867441045,11.742412506542802,-0.6543584505262223,Oil & Gas E&P,Energy,BATL
2021Q2,2021,Q2,2021-08-09,2021-06-30,-33929000.0,64366000.0,20907000.0,-2.09,42181000.0,0.6553304539663798,351737000.0,23648000.0,42311000.0,139027000.0,328089000.0,0.0,-307471000.0,217991200.0,387650200.0,1.453651340054094,0.30433656771706213,0.48649132732695166,7.2360030446549395,0.10418441942862268,1.453651340054094,-1.434751353179973,3.386744554578504,-1.606230658139055,9.21816644113667,0.0,0.0,0.0,0.18299468068471614,0.28653427032159223,-0.09646127646508613,-27.049410596848244,0.6553304539663798,-0.01456310679611641,0.32741118278989806,3.4993594195118654,1.198238843691216,0.2087631820265933,-0.01659925093632959,0.5253903399970816,-19.241512786517127,10.277047310566152,-0.7955316327683616,Oil & Gas E&P,Energy,BATL
2021Q1,2021,Q1,2021-05-14,2021-03-31,-33375000.0,55518000.0,13706000.0,-2.06,34896000.0,0.6285529017615908,350599000.0,57011000.0,44468000.0,118762000.0,293588000.0,0.0,-273542000.0,176604160.0,338339160.0,3.512259733859044,0.3744295313315707,0.46607662885518786,2.8662187998807247,0.060481700159742996,3.512259733859044,-0.5854133412850152,3.181025253071076,-1.322877602996255,3.097720790724597,0.0,0.0,0.0,0.15835184926368873,0.3526127886024149,-0.09519422474108596,-406.9220276497696,0.6285529017615908,0.47582697201017815,0.5430408906092831,4.045806761951216,1.8300770445615124,0.88504753673293,0.47652806750631305,1.4143790059257468,-120.78773687990649,9.685747844959888,-0.5234802822322157,Oil & Gas E&P,Energy,BATL
2020Q4,2020,Q4,2021-03-08,2020-12-31,-63757000.0,42566000.0,-33076000.0,-3.93,18512000.0,0.43490109477047406,346497000.0,89958000.0,47836000.0,83176000.0,256539000.0,0.0,-240167000.0,134493200.0,298432200.0,5.551592199456924,0.5751178224487833,0.48552801322955175,1.8701393983859134,-0.12424450730043536,5.551592199456924,-0.7087418573111897,3.1596391486162667,-0.5273664068259172,1.495066586629316,0.0,0.0,0.0,0.12284666245306597,0.5421756275848802,-0.1840044791152593,-43.908978126020244,0.43490109477047406,0.5841269841269842,-0.1942654906371003,1.7015120301217308,11.648741566359101,0.787390170898909,0.5836277551020408,0.7560587063942769,-5.274139749865368,14.43310210256192,-0.23093732638666206,Oil & Gas E&P,Energy,BATL
2020Q3,2020,Q3,2020-11-09,2020-09-30,-153125000.0,39830000.0,-135590000.0,-9.45,10357000.0,0.2600301280441878,413093000.0,152790000.0,49202000.0,67243000.0,260303000.0,0.0,-176410000.0,128011600.0,314818600.0,9.429153295482596,0.7317044153294767,0.4566380936011988,1.2345965050068721,-0.38756720756669305,9.429153295482596,-1.0021925518685777,3.2139492844589506,-0.2089985306122449,0.8378270829242752,0.0,0.0,0.0,0.09641896618921163,0.6971134541885401,-0.3706792417203874,-223.40593368237347,0.2600301280441878,-0.20229007633587773,-38.654935114012304,10.086269841685526,10.684372108558545,2.259975669099757,-0.20271607653397844,-0.4902128875553651,-4.3118017218303955,2.7254494738564587,0.1924025909487831,Oil & Gas E&P,Energy,BATL
2020Q2,2020,Q2,2020-08-10,2020-06-30,-127316000.0,18494000.0,-90987000.0,-7.86,-8220000.0,-0.44446847626257163,578591000.0,305171000.0,55333000.0,76739000.0,273420000.0,0.0,-23285000.0,153938000.0,341511000.0,18.83306590965194,0.7210544833787252,0.32488234348615863,0.6159628536132201,-0.18197836748081955,18.83306590965194,-0.417195605086984,8.323672542446198,-0.30227544063589806,0.5044319414361128,0.0,0.0,0.0,0.03196385702508335,0.6863785037594965,-0.22004490218479028,-12.570471990854157,-0.44446847626257163,-2.1117397454031117,-2.9358042004871034,2.704103818737183,28.69831718870017,-1.6502135738016137,-2.1120175384964757,-40.756310234052314,-56.89747966977071,0.36370334458959996,2.693012771353304,Oil & Gas E&P,Energy,BATL
2020Q1,2020,Q1,2020-05-12,2020-03-31,114491000.0,47399000.0,-2179000.0,7.07,12642000.0,0.26671448764741873,712395000.0,431577000.0,108892000.0,97717000.0,280818000.0,0.0,104031000.0,75753700.0,256313700.0,26.633979264379164,1.1143608583972082,0.254771580373248,0.4205460439272714,-0.0034775975051948506,26.633979264379164,0.26528522140892585,1.5982130424692504,0.16541409368421972,0.17552765786870014,0.0,0.0,0.0,0.06653471739694973,1.0622614284106142,0.16071280679959854,-2.115197967275367,0.26671448764741873,11.876923076923077,6.046141651519268,8.013871903731266,8.394884397709918,-0.5385626163448552,11.945602294455067,-1.2016658954187875,2.405856149063111,0.968977458778471,2.4788660128349997,Oil & Gas E&P,Energy,BATL
2019Q4,2019,Q4,2020-03-25,2019-12-31,-10460000.0,65582000.0,10805000.0,-0.65,27397000.0,0.4177518221463206,584666000.0,316650000.0,71153000.0,106434000.0,268016000.0,0.0,-10460000.0,217943800.0,357165800.0,19.541471241668724,0.6685175789691264,0.24787314466721172,0.45767566714037583,0.023249408813042906,19.541471241668724,-0.03303331754302858,3.3232258851514134,-5.208981835564053,0.6882798042002211,0.0,0.0,0.0,0.11217002527939028,0.5562132401300336,-0.017890556317624078,-7.368941033270219,0.4177518221463206,-0.625,-2.0409684364377068,6.052772389527212,3.601301941967593,0.9909163578228326,0.8347133556665192,1.1676857657210256,0.8771070021269194,1.4075361264095099,14.820045953739122,Oil & Gas E&P,Energy,BATL
2019Q3,2019,Q3,2019-11-12,2019-09-30,-63284000.0,50809000.0,-64436000.0,-0.4,13761000.0,0.2708378436891102,1166630000.0,148431000.0,84787000.0,378978000.0,1018199000.0,0.0,-939026000.0,1631215750.0,1886244750.0,0.9326894679627756,0.22372538775337883,0.2310929772078551,1.8163321678086115,-0.1492143990181435,0.9326894679627756,-0.42635298556231516,32.104858391229904,-6.444029098982365,10.989724181606269,0.0,0.0,0.0,0.04355194020383498,0.18838824417248495,-0.054245133418478864,-29.419368946922287,0.2708378436891102,0.9007444168734492,-1.8379657072741882,-0.5661959538374455,-0.7440899376345098,7.266393442622951,0.9012489779103807,0.9071112456572821,-1.0396775516181553,1.155342129228007,-0.35945530742187287,Oil & Gas E&P,Energy,BATL
2019Q2,2019,Q2,2019-08-09,2019-06-30,-640844000.0,56378000.0,-693690000.0,-4.03,-2196000.0,-0.038951364007236866,1155473000.0,214157000.0,59212000.0,927235000.0,941316000.0,0.0,-875742000.0,1630262500.0,2442143500.0,1.346475950958818,0.06385867660301865,0.7021981474253401,3.788673730020499,-0.6197956403420193,1.346475950958818,-2.9924027699304716,28.916643016779595,-0.6359825870258596,7.612464220174918,0.0,0.0,0.0,0.04879213966920906,0.05218418200348347,-0.5546161615200009,-19.837945217147933,-0.038951364007236866,-0.9009433962264151,-23.76395222744684,-0.5506403148422563,-0.5767913758627159,-1.9909747292418774,-0.9041059665615836,-1.2769615566409327,-0.29936569110560185,-0.5969078675353823,1.1836230107050107,Oil & Gas E&P,Energy,BATL
2019Q1,2019,Q1,2019-05-09,2019-03-31,-336559000.0,51916000.0,-304656000.0,-2.12,2216000.0,0.042684336235457275,1798838000.0,853663000.0,61457000.0,263970000.0,945175000.0,0.0,-234898000.0,1625127250.0,2356445250.0,5.384221912468701,0.23281812327158388,0.4066586318501166,0.8569107481523739,-0.16760512647753675,5.384221912468701,-0.3942527671926744,31.303013521842978,-1.2071637142373255,1.9037105391706095,0.0,0.0,0.0,0.028860853506541446,0.20482251771034587,-0.18709800437838203,-10.74364852178972,0.042684336235457275,-3.2795698924731185,-11.03058196015209,-0.5078841565069503,0.6124582703019181,-0.8826830430409233,-3.2946995936400576,-4.182650119092391,0.5282349101226185,-0.5169339096942813,2.2724910317081686,Oil & Gas E&P,Energy,BATL
2018Q4,2018,Q4,2019-03-12,2018-12-31,146668000.0,60344000.0,95724000.0,0.93,18889000.0,0.31302200715895534,2083609000.0,1197044000.0,144652000.0,161742000.0,886565000.0,0.0,101661000.0,1621017000.0,2193548000.0,7.569137769684094,0.8943378961556059,0.29727122507149856,0.5174387908882213,0.03176836339584348,7.569137769684094,0.12252515362843805,26.862935834548587,2.7630720402541797,1.3541833048743404,0.0,0.0,0.0,0.028961287842392696,0.872463553065994,0.07039132581976752,-3.6232102065722245,0.31302200715895534,2.7884615384615388,1.9311475375819604,-0.45654893876128955,1.1544495167180204,-0.3901856335754641,2.792196683651649,12.273583794606054,1.281492552929814,-0.6075930502946674,16.245515176397042,Oil & Gas E&P,Energy,BATL
2018Q3,2018,Q3,2018-11-08,2018-09-30,-81837000.0,61595000.0,-8491000.0,-0.52,30975000.0,0.5028817274129393,1986300000.0,1046450000.0,74423000.0,227702000.0,939850000.0,0.0,-45007000.0,1619612750.0,2291868750.0,6.622640195935726,0.32684385732228965,0.33851533001057243,0.6425467055282145,-0.004926574258344889,6.622640195935726,-0.0782044053705385,26.29454907054144,-4.947678769994012,1.547721104687276,0.0,0.0,0.0,0.03100991793787444,0.30611940167411794,-0.04120072496601722,-10.771638212544643,0.5028817274129393,-4.2,0.7618185802976157,-0.4975740492401564,0.4074742163737504,0.07466259584359712,-4.028696079636229,-2.335062893081761,-3.0637658195169966,0.7581483250325899,7.20661091887038,Oil & Gas E&P,Energy,BATL
2018Q2,2018,Q2,2018-08-01,2018-06-30,-16274000.0,55415000.0,6360000.0,-0.1,28823000.0,0.5201299287196608,1951809000.0,1122883000.0,164383000.0,189054000.0,828926000.0,0.0,36830000.0,1618915750.0,2139144750.0,7.1094192208581575,0.8695028933532218,0.3156553740658025,0.5486760419384744,0.003649450746186439,7.1094192208581575,-0.014493050478099677,29.214395921681856,-24.869665570849207,1.4417492739671007,0.0,0.0,0.0,0.028391610039711877,0.8378188242512721,-0.008337906014369234,38.520849691864754,0.5201299287196608,-4.0,-2.0187922585652056,-0.3997353453998676,0.05048073144534227,0.20301348136399683,-5.264049268668206,5.377150722642808,0.9483861015886639,0.13867945956553754,10.211015140146626,Oil & Gas E&P,Energy,BATL
2018Q1,2018,Q1,2018-05-02,2018-03-31,-2598000.0,49255000.0,-1453000.0,-0.02,23959000.0,0.486427773830068,1898072000.0,1134225000.0,447668000.0,140054000.0,763847000.0,0.0,53104000.0,1577311000.0,1809618000.0,7.370649320267214,3.1963956759535606,0.32368740490350206,0.5416755934669047,-0.0008298428153202805,7.370649320267214,-0.0022905508166369106,32.023368185970966,-151.7812740569669,1.3906508849655053,0.0,0.0,0.0,0.025950016648472764,3.1659074357033714,-0.0013687573495631356,-5.1944693267292825,0.486427773830068,0.9682539682539683,-2.0693159588871057,-0.41889496780114277,0.21374050248025717,1.0299076505973057,0.972103511220874,0.9517708367909185,0.9879425351793499,-0.013672154616981916,1.5999268683287304,Oil & Gas E&P,Energy,BATL
2017Q4,2017,Q4,2018-03-01,2017-12-31,-93130000.0,25277000.0,-30127000.0,-0.63,11803000.0,0.4669462357083515,1643620000.0,1071998000.0,471792000.0,150335000.0,571622000.0,0.0,55702000.0,1522166000.0,1509287000.0,7.21864730916339,3.138271194332657,0.2501746145702778,0.38357534249131064,-0.020284618916869893,7.21864730916339,-0.08687516208052627,60.21940894884678,-4.086132288199291,1.4199336192791403,0.0,0.0,0.0,0.015378858860320511,3.1091495659693353,-0.05666151543544128,-6.629123152366104,0.4669462357083515,-1.2234042553191489,-25.995534071086137,-0.5273586736451525,0.19368979894445243,-0.639327731092437,-1.222115162168157,-1.0636666603268392,-2.011298964583664,-0.7033906598380849,0.6997274908967535,Oil & Gas E&P,Energy,BATL
2017Q3,2017,Q3,2017-11-09,2017-09-30,419287000.0,96953000.0,473199000.0,2.82,32725000.0,0.3375346817530143,2162624000.0,1161988000.0,1115437000.0,584178000.0,1000636000.0,0.0,148832000.0,1506176000.0,1343511000.0,7.907692726480836,1.909412884429061,0.3822587745257613,0.7114376396313904,0.2468948278711035,7.907692726480836,0.36083591224694234,15.535114952605902,0.8980578935192363,1.296206157034324,0.0,0.0,0.0,0.044831186558551096,1.899277275077117,0.19387882498298364,-10.83431761126177,0.3375346817530143,19.062293700748373,28.124991187252103,0.7306417912413093,0.36203999842383244,-0.3447136563876652,19.780443078753034,29.22477005620848,5.0128366340210135,-0.10350084218365038,1.1697019300764848,Oil & Gas E&P,Energy,BATL
2017Q2,2017,Q2,2017-08-03,2017-06-30,20177000.0,120137000.0,15656000.0,0.14056219304050996,49940000.0,0.41569208486977366,2081350000.0,732029000.0,157499000.0,228289000.0,1349321000.0,0.0,-270455000.0,1471336250.0,2578598250.0,5.099648193946149,0.6899105957799105,0.5320023061954982,1.5126217677168527,0.008448787321638361,5.099648193946149,0.027563115668914756,12.247153250039538,18.23036440005947,2.00994257058122,0.0,0.0,0.0,0.05772071011603046,0.6599529543692425,0.009694188867802147,-6.8837664919996255,0.41569208486977366,-0.9168271047097575,1.497158291976763,3.8914396554329147,0.019092291338935863,-0.1542903591810469,-0.8934418437618826,-0.9390093301388808,1.8639126490825964,0.06097909747287572,0.6028619703213284,Oil & Gas E&P,Energy,BATL
2017Q1,2017,Q1,2017-05-04,2017-03-31,189352000.0,135598000.0,256695000.0,1.69,59051000.0,0.43548577412646206,1834211000.0,698788000.0,202936000.0,166931000.0,1135423000.0,0.0,-290632000.0,935558500.0,1826510500.0,7.6559370686066135,1.2156879189605285,0.5196288758490708,1.3639458605471186,0.14503231512763812,7.6559370686066135,0.27097202585047253,6.899500730099264,1.2352107450673877,1.3388302317727263,0.0,0.0,0.0,0.07392715450948664,1.1790739886539947,0.10323348840455106,-1.2788068951471254,0.43548577412646206,1.3212927756653992,5.284312868141278,2.804766063068248,-0.216986006816924,-0.035224729197640796,1.3951476753625367,1.61735357708893,12.757412297009651,1.2327280633470512,1.2927879355413772,Oil & Gas E&P,Energy,BATL
2016Q4,2016,Q4,2017-03-01,2016-12-31,-479193000.0,153362000.0,-415799000.0,-5.26,61207000.0,0.3991014723334333,1319670000.0,112688000.0,160649000.0,207553000.0,1206982000.0,0.0,-479984000.0,935087000.0,1899716000.0,1.2352347963344588,0.7740143481424022,0.730980472390825,8.56038797387477,-0.38980838988989486,1.2352347963344588,-4.2523871219650715,6.097253556943702,-0.4878446680147665,8.298017535141275,0.0,0.0,0.0,0.11621238642994082,0.7405771056067607,-0.3631157789447362,22.8476800156376,0.3991014723334333,-1.6666666666666665,-28.61894175135297,15.13466227030667,13.291176486979174,1.3264442974783461,-1.5241080080761062,-1.4869741708653357,-4.273866652912494,1.3943060348289873,-0.6484076402130111,Oil & Gas E&P,Energy,BATL
2016Q3,2016,Q3,2016-11-09,2016-09-30,914302000.0,-187496000.0,853842000.0,7.89,-187496000.0,-1.0,1351048000.0,132836000.0,205968000.0,177345000.0,1218212000.0,0.0,-451483000.0,935087000.0,1949437000.0,1.4560880431446486,1.1613972764949674,0.752276010918931,7.651246650004516,0.7354151558007775,1.4560880431446486,6.88293836008311,-4.987237061057303,0.25568329720376853,7.039409497425397,0.0,0.0,0.0,-0.13877819292874866,1.1169753869576249,0.6767353935611466,-6.550843123655801,1.0,3.4889589905362772,66.3077018926507,-4.457893398784363,5.608697791627945,-6.891098752631414,3.442678792315317,4.265694681363737,5.609003273019239,-3.6489745032828607,-0.6905454143871639,Oil & Gas E&P,Energy,BATL
2016Q2,2016,Q2,2016-07-28,2016-06-30,-374303000.0,106147000.0,-261458000.0,-3.17,31827000.0,0.2998389026538668,2453811000.0,-885131000.0,288396000.0,3068408000.0,3338942000.0,1498000.0,-4173514000.0,1237257000.0,4072326000.0,-7.332827981575372,0.09398880461789957,1.1582970326565494,-3.211097566348936,-0.13248133055930797,-7.332827981575372,0.42287864734146696,11.656071297351787,-0.8263739537219846,-1.3978235989926915,0.0,49.612817089452605,0.0,0.04325801783429938,0.08326239535289962,-0.15253945801041727,22.647940691927513,0.2998389026538668,0.32838983050847453,-28.356374004994855,0.8847370546610355,-122.39381079780806,4.334765297569153,0.3068450126759494,0.5586342642610199,-31.66048081811989,0.504483700375449,-2.0834913883047625,Oil & Gas E&P,Energy,BATL
2016Q1,2016,Q1,2016-05-09,2016-03-31,-539999000.0,81349000.0,-592384000.0,-4.72,-9544000.0,-0.11732166345007314,2848480000.0,-507796000.0,440002000.0,213779000.0,3356276000.0,4761000.0,-3794359000.0,1230112750.0,4120162750.0,-4.2312454691653265,2.0582096464105453,1.0176139555131158,-5.708302152833028,-0.24580320357776972,-4.2312454691653265,1.0634171990326824,15.121424356783734,-0.5694976981438855,-2.422454588062923,0.0,19.09115731989078,0.0,0.02855874009998315,1.9194635581605302,-0.18957443970117396,-14.815102190748034,-0.11732166345007314,-0.3258426966292134,-34.57532121120492,3.5581417076614654,-65.45828383219344,-2.5620294599018005,-0.3724961430245296,0.06750096416456125,-285.99173769851825,0.23063409648154112,-1.6967681921510611,Oil & Gas E&P,Energy,BATL
2015Q4,2015,Q4,2016-02-26,2015-12-31,-393443000.0,116121000.0,-635265000.0,-3.56,6110000.0,0.05261752826792742,3458692000.0,52414000.0,556593000.0,295248000.0,3406278000.0,4635000.0,-3230695000.0,1224055000.0,4109702000.0,0.4389047060793837,1.8851711103885547,0.8366379544637106,55.208016942038384,-0.21574288494188065,0.4389047060793837,-7.5064486587552945,10.541202710965287,-0.7777842025401392,23.353588735833938,-0.0089491997570169,23.734843581445524,0.002876504732222,0.033573674672390606,1.7968318159648837,-0.11375485299066815,197.3645598194131,0.05261752826792742,-20.77777777777778,-59.12251247086426,2.0043090586957693,7.253556758522122,-0.5556040439304677,-3.6751181370049295,-0.20159452225805535,-140.82253000870955,1.7000886045271348,-0.92742184956306,Oil & Gas E&P,Energy,BATL
2015Q3,2015,Q3,2015-11-06,2015-09-30,147075000.0,129939000.0,-528685000.0,0.18,13749000.0,0.10581118832683029,4254762000.0,472938000.0,552483000.0,464362000.0,3781824000.0,4045000.0,-2805981000.0,6007043250.0,9132208250.0,0.8069884464374383,1.1897678965979128,0.735979826838728,6.6212040478878835,-0.14012219095289175,0.8069884464374383,0.31098156629410195,46.229717405859674,10.21085033146354,12.701544917092725,0.03165731769505355,28.72435105067985,0.0007750901410606625,0.030539663558149667,1.1306609929322382,0.034567150877064336,-510.75956551313664,0.10581118832683029,1.0886699507389164,11.617491326861568,-0.35625531412872974,6.822528876668384,-0.44922485278211755,1.1351032323729666,0.446047567705763,3.3856791213841966,-0.41843211082857,-0.8610023706873527,Oil & Gas E&P,Energy,BATL
2015Q2,2015,Q2,2015-07-31,2015-06-30,-1088612000.0,168024000.0,-954387000.0,-2.03,24963000.0,0.14856806170547066,4642050000.0,345808000.0,488732000.0,458567000.0,4296242000.0,3848000.0,-2929049000.0,5589458250.0,9256493250.0,0.6341458941928764,1.0657810091000879,0.7921086588899301,10.633091195114051,-0.23575966563179174,0.6341458941928764,-3.1480243372044603,33.26583255963434,-1.283620392297715,16.163472938740572,0.0,37.178014553014556,0.0,0.03619607716418393,1.0039078259011225,-0.23451104576641785,-246.63364294224067,0.14856806170547066,-0.41958041958041953,-58.38471414786027,-0.16559009941359262,7.650043858520624,1.7779058896852602,-0.8525119928663929,-0.5241683954331817,-36.465396078568936,0.8008330609497302,-0.8732749460789528,Oil & Gas E&P,Energy,BATL
2015Q1,2015,Q1,2015-05-06,2015-03-31,-587641000.0,136194000.0,-626169000.0,-1.43,-32090000.0,-0.23561977767008827,5806463000.0,1189781000.0,621122000.0,552147000.0,4616682000.0,4379000.0,-1824468000.0,4301761000.0,8214164000.0,2.8349448632780856,1.1249214430215142,0.6770066389814247,3.303981152834009,-0.12134465855308865,2.8349448632780856,-0.49390686185104654,31.585539744775833,-1.8300973723753107,3.6155906002869433,0.0,38.42977848823932,0.0,0.023455587334320394,1.0745652878671803,-0.10120464041534408,-24.576435704655044,-0.23561977767008827,-3.9791666666666665,-46.16599993790969,-0.181421598416495,98.06692343307671,-1.9879013637902903,-3.2709710081078365,-1.9423713999746253,-1.8916654216545767,-0.16889227025673598,-0.710054892306837,Oil & Gas E&P,Energy,BATL
2014Q4,2014,Q4,2015-02-26,2014-12-31,258762000.0,239459000.0,-212811000.0,0.48,32483000.0,0.13565161468142772,6434475000.0,1772169000.0,702705000.0,744682000.0,4662306000.0,4693000.0,-1223275000.0,4277130250.0,8009834250.0,4.246943905905133,0.9436309726836422,0.5869036712396893,2.130957600544869,-0.038117759935510614,4.246943905905133,0.1460142909620922,17.86163915325797,4.13230135220782,2.4135002079372794,0.01916819316592081,44.10313232473897,0.0011596560567684372,0.037215002000940245,0.9074920570122549,0.04021493595048547,-16.3015921867556,0.13565161468142772,0.3333333333333333,9.386875320179028,0.7541559870936448,630.7512383770888,-0.7007057826263222,0.30929238242214185,-3.976252744640085,4.496705969403078,4.507732301252356,48.13545592279215,Oil & Gas E&P,Energy,BATL
2014Q3,2014,Q3,2014-11-10,2014-09-30,197635000.0,306509000.0,71503000.0,0.36,108532000.0,0.3540907444805862,5934412000.0,1517866000.0,432949000.0,711873000.0,4416546000.0,6110000.0,-1470620000.0,4268817500.0,7732178500.0,3.644598650563066,0.6081829202680815,0.599562180718157,2.3441127214128255,0.014112359185938467,3.644598650563066,0.1302058284459893,13.927217471591373,5.3998754016242065,2.812381000694396,0.015305993371619399,32.40212765957447,0.0007086271549439628,0.051649430474325006,0.5658312648463981,0.03330321521323427,-25.903961916089177,0.3540907444805862,3.0000000000000004,14.01304790355564,1.1819172203828137,80.79511274636516,-0.15478786368450564,3.928923929635283,-0.21674882243400154,2.1870096746945125,0.23824691807819262,15.541617223453569,Oil & Gas E&P,Energy,BATL
2014Q2,2014,Q2,2014-07-31,2014-06-30,-67477000.0,327144000.0,91290000.0,-0.18,128408000.0,0.3925121658963637,5728639000.0,1319475000.0,514553000.0,739921000.0,4409164000.0,6091000.0,-1657473000.0,4250900500.0,7561718500.0,3.1815891127068254,0.6954161322627685,0.6060933495722107,2.6314177987457135,0.018953093325870297,3.1815891127068254,-0.051139278879857517,12.993973601838945,-15.74944240259644,3.2216605089145305,0.0,32.62781152520112,0.0,0.05710675781804369,0.6431727170873648,-0.01177888849341004,-23.228710615184532,0.3925121658963637,0.05263157894736847,-0.02942194272724767,4.655270149929151,195.0016893446891,0.40100813930652235,0.0752014692176964,11.90811327518222,-2.4353901787836008,0.6906783220477508,51.670706002477694,Oil & Gas E&P,Energy,BATL
2014Q1,2014,Q1,2014-05-08,2014-03-31,-72964000.0,275149000.0,-8369000.0,-0.19,91654000.0,0.33310678941228206,5676134000.0,1380804000.0,327188000.0,691128000.0,4295330000.0,4868000.0,-1584140000.0,4238590250.0,7797786250.0,3.3391387619975768,0.4734115822250003,0.6271102831610388,2.577890851996373,-0.001685481736821563,3.3391387619975768,-0.052841677747167595,15.404708903176097,-14.522882003453757,3.0696538031465725,0.0,37.69412489728841,0.0,0.048474718884367426,0.457640263453369,-0.012854523871353284,-14.65023123265323,0.33310678941228206,0.8118811881188119,0.6419910607167069,0.977081654728786,20.21710071343659,0.24857302437097278,0.8222072770158971,0.9597255039725889,-0.3950442849905687,3.4743198636939523,53.44636200312188,Oil & Gas E&P,Energy,BATL
2013Q4,2013,Q4,2014-02-27,2013-12-31,-410388000.0,289302000.0,-207799000.0,-1.01,73407000.0,0.25373830806562003,5356491000.0,1447610000.0,338626000.0,664382000.0,3908881000.0,5148000.0,-1506217000.0,4223430500.0,7427277500.0,3.5132583571577656,0.5096856928694636,0.598653297466569,2.215155324983939,-0.07786320068150758,3.5132583571577656,-0.28349348236058053,14.598690987272816,-2.572827726444243,2.9175195667341343,0.0,41.937645687645684,0.0,0.054009611889574725,0.49336676791364004,-0.07661508252324142,-9.017083314651961,0.25373830806562003,0.5388127853881278,0.5193970675478069,0.979762310551645,4.461327436207576,-0.2332271374105604,0.5199168954653982,0.8188357657233527,-17.175465048135298,1.1693061947616106,65.06645327906145,Oil & Gas E&P,Energy,BATL
2013Q3,2013,Q3,2013-11-04,2013-09-30,-854827000.0,305007000.0,-1147020000.0,-2.19,95735000.0,0.31387804214329507,5671438000.0,1849756000.0,329489000.0,727525000.0,3821682000.0,6370000.0,-1090870000.0,4029466941.5,7033555941.5,4.705336779098129,0.45289027868458126,0.5297686406868946,1.624295312462833,-0.16622887940399472,4.705336779098129,-0.462129599795865,13.211063816568144,-1.17844515366852,2.178377548984839,0.0,32.85274725274725,0.0,0.053779482381716946,0.4218466719356723,-0.15072491315253733,-5.907278556234322,0.31387804214329507,-28.375,-6.875250491996306,0.10200799295372918,0.7294436122627543,0.40776413499007425,-24.048614106988783,-37.02336610031092,-110.32652664916667,1.2526675612625693,44.61110260182446,Oil & Gas E&P,Energy,BATL
2013Q2,2013,Q2,2013-08-01,2013-06-30,37088000.0,214343000.0,31841000.0,0.08,68005000.0,0.31727184932561364,6166945000.0,2481825000.0,296162000.0,714702000.0,3685120000.0,6581000.0,-231910000.0,3758798000.0,6469684000.0,6.767776893038679,0.4143852962493459,0.4400796504590198,1.0935287540418845,0.003774927487608167,6.767776893038679,0.01494384172937254,17.536369277279874,25.3370227566868,1.5145298318777511,0.0,22.236438231271844,0.0,0.03475675557346466,0.38703263737893556,0.006013998827620483,-7.449522265537518,0.31727184932561364,7.000000000000001,2.1938804335787006,-0.29724001173498077,1.596940246702641,0.05763697724692452,5.786459286367795,-0.005931753613686741,1.9072156580405115,0.5828441794374722,91.3156129930907,Oil & Gas E&P,Energy,BATL
2013Q1,2013,Q1,2013-05-02,2013-03-31,5465000.0,190657000.0,32031000.0,0.01,64299000.0,0.33724961580219975,5580855000.0,2101989000.0,342050000.0,738203000.0,3478866000.0,4150000.0,-268998000.0,3547924750.0,6055084750.0,6.072673116869234,0.4633549308252608,0.4493866979163587,1.1931375473420651,0.004335206889319917,6.072673116869234,0.002599918458184129,18.60894040082452,162.3021386093321,1.6878893038926466,0.0,30.447710843373493,0.0,0.03416268654175749,0.4424663676522583,0.0009792406360674126,-9.569665432221974,0.33724961580219975,1.4770992366412214,2.7859699763515797,-0.09607340887173524,2.641603118347794,23.67344589409056,1.679641835592588,4.933562569077735,-0.49071417964470837,0.3893988631553296,211.2090804994875,Oil & Gas E&P,Energy,BATL
2012Q4,2012,Q4,2013-02-28,2012-12-31,-8041000.0,124654000.0,-8143000.0,-0.02096,2606000.0,0.020905867441076902,5041025000.0,2093220000.0,287857000.0,677968000.0,2947805000.0,3116000.0,-274463000.0,3547924750.0,5654585750.0,6.047339363666041,0.4245878861539188,0.41840042451683934,1.0076184060920497,-0.0006958028006772966,6.047339363666041,-0.003841450014809719,28.462181317887914,-110.30732340504912,1.6949602765117857,0.0,39.16816431322208,0.0,0.024727907518808177,0.402294798574564,-0.0015951121051770226,-8.759313139742153,0.020905867441076902,0.8094545454545455,0.7832947161170432,-0.32156705902113564,2.624868028110251,-0.9499558320851097,0.6015559189336505,-0.7822280586561611,0.6858132791499877,0.1008327474992975,897.7199797152854,Oil & Gas E&P,Energy,BATL
2012Q3,2012,Q3,2012-11-08,2012-09-30,-20181000.0,73140000.0,-4569000.0,-0.11,52074000.0,0.7119770303527482,2751437000.0,1113814000.0,150803000.0,205966000.0,1637623000.0,8621000.0,-262154000.0,1966421500.0,3127619500.0,5.805771295726781,0.7321742423506792,0.4270495744587283,1.0549337681156818,-0.0020962600134011903,5.805771295726781,-0.01811882414837666,26.88571916871753,-24.35981244735147,1.7654846320839925,0.0,2.443568031550864,0.0,0.026582473085882033,0.6680131672217745,-0.007334712733746039,-7.625069312766345,0.7119770303527482,-2.9542055098576836,-1.8885833975554422,-0.16673007880345983,63.980651731003576,3.091937765205092,-3.6349392871132,0.3671745152354571,-1.8846214405976496,0.13026679489530427,128.11198667939928,Oil & Gas E&P,Energy,BATL
2012Q2,2012,Q2,2012-08-02,2012-06-30,7659000.0,23281000.0,-7220000.0,0.05628885981802949,12726000.0,0.5466260040376273,994786000.0,680889000.0,242206000.0,38220000.0,313897000.0,4477000.0,-241973000.0,1394676500.0,1422554500.0,5.0041083003836375,6.337153322867609,0.24385043617421234,0.35626805543928597,-0.026355975137078193,5.0041083003836375,0.011248529495997145,59.9062110734075,45.524105627366495,2.0483169797132867,0.0,2.357605539423721,0.0,0.023403023363818953,6.097723704866562,0.007699143333340035,-3.164943131274622,0.5466260040376273,1.112577719636059,1.5144473938042264,-0.6144876669760292,151.69443917606526,-0.23484848484848486,1.229848148370446,0.2621359223300971,1.3561370700538375,0.22665796622325649,306.132256098358,Oil & Gas E&P,Energy,BATL
2012Q1,2012,Q1,2012-05-08,2012-03-31,-33322000.0,26870000.0,-9785000.0,-0.5,16632000.0,0.6189802754000744,969412000.0,672850000.0,704905000.0,23879000.0,296562000.0,4264000.0,-249632000.0,705364000.0,255056000.0,9.77752266914671,29.51987101637422,0.2429049774502482,0.3499665601545664,-0.01294636181265834,9.77752266914671,-0.049523667979490225,26.25098622999628,-5.292029289958586,1.0483228059745857,0.0,2.401031894934334,0.0,0.027717833078195853,29.173499727794297,-0.03437341398703544,-20.860117111255693,0.6189802754000744,-1.81944287808729,-30.60462373510771,-0.03685487431630247,166.53659406761346,5.656215005599104,-1.7304162569649295,0.2533953914237754,0.017518366487802417,0.16019897698567256,61.12700279490381,Oil & Gas E&P,Energy,BATL
2011Q4,2011,Q4,2012-03-05,2011-12-31,-12204000.0,7170000.0,-13106000.0,-0.17734,-3572000.0,-0.49818688981868897,267802000.0,5948000.0,20237000.0,26336000.0,261854000.0,4310000.0,-216310000.0,705364000.0,907315000.0,0.08643338758428272,0.7684158566221142,0.7542886162164584,33.96099529253531,-0.04611004355632078,0.08643338758428272,-2.0517821116341626,98.37712691771269,-14.449442805637496,118.58843308675186,0.0,2.4923433874709975,0.0,0.026773511773623797,0.39250455650060756,-0.04557098154606762,2951.313807531381,-0.49818688981868897,-2.1822666666666666,-7.345474293301905,-0.7054536106353101,1.1172984171990665,-1.0937139259103787,-2.0363451086956523,-1.4590542907180386,0.9144251742675513,-0.7062128250180791,-0.8656401029953604,Oil & Gas E&P,Energy,BATL
2011Q3,2011,Q3,2011-11-07,2011-09-30,11776000.0,47006000.0,28550000.0,0.15,38116000.0,0.8108752074203294,275328000.0,17425000.0,19363000.0,25370000.0,257903000.0,3883000.0,-204106000.0,810634175.25,1010988175.25,0.22032904046380444,0.7632242806464328,0.7278518712226871,11.500602582496413,0.06200695176311424,0.22032904046380444,0.6758106169296987,17.245334111602773,17.20945514712126,46.52133,0.0,2.2894669070306466,0.0,0.1707272780102278,0.5677177769018525,0.04277080427708043,174.85637947584124,0.8108752074203294,0.3636363636363636,0.17365285823151416,-0.10365691742027743,1.2538346292973612,0.33235458612975394,0.3178155774395703,0.689249156854624,-0.5976827616160875,-0.15578916435810272,-0.9190181979494476,Oil & Gas E&P,Energy,BATL
2011Q2,2011,Q2,2011-08-09,2011-06-30,8936000.0,36782000.0,16901000.0,0.11,28608000.0,0.7777717361753032,273405000.0,4762000.0,23635000.0,28761000.0,268643000.0,3812000.0,-215882000.0,808050129.75,1013031129.75,0.06040528700255431,0.8217725392023921,0.7513944514548014,43.140487190256195,0.05900014497579299,0.06040528700255431,1.876522469550609,21.96862948588984,22.606594946004925,169.6871335048299,0.0,2.1442812172088144,0.0,0.1345330187816609,0.3820103612530858,0.032684113311753624,1139.7039911847673,0.7777717361753032,1.846153846153846,1.8505571857127818,-0.40217783635689375,1.0461947491591725,14.32297803963578,1.9016244576732924,3.0228605625374025,2.3380774852027133,-0.4390246931230871,-0.9768212038591413,Oil & Gas E&P,Energy,BATL
2011Q1,2011,Q1,2011-05-05,2011-03-31,-9911000.0,11653000.0,-8355000.0,-0.13,1867000.0,0.16021625332532394,273902000.0,-4989000.0,22105000.0,34690000.0,278891000.0,3491000.0,-224818000.0,803189959.0,1008523959.0,-0.06366769084572184,0.6372153358316518,0.7498156274872034,-41.16576468230106,-0.0275672061552224,-0.06366769084572184,1.9865704550010022,68.92559503990388,-20.260063540510547,-160.99217458408498,0.0,2.803208249785162,0.0,0.04254441369540931,0.33052752954742,-0.03618447473914028,-491.24768134556575,0.16021625332532394,-1.3722627737226278,-8.985852931098993,0.0,-1.0176503326553081,-0.8765701441227026,-1.308104331625524,-3.6796023091725467,-13.307297016829354,-0.7559525448958705,-1.038179638037444,Oil & Gas E&P,Energy,BATL
2010Q4,2010,Q4,2011-03-16,2010-12-31,-4294000.0,25362000.0,3118000.0,-0.0548,15126000.0,0.5964040690797255,265001000.0,4167000.0,20529000.0,32886000.0,260834000.0,3382000.0,-214907000.0,803189959.0,1000244959.0,0.05317764436843514,0.6242474001094691,0.7437405896581523,47.2982961363091,0.027834597110769296,0.05317764436843514,-1.0304775617950563,31.669030794101413,-46.76234041686074,192.75017014638829,0.0,3.0266114725014783,0.0,0.09570529922528594,0.363680593565651,-0.016203712438820985,339.0417724778388,0.5964040690797255,-3.74,-4.149190540004779,0.0,-0.9852297178590856,-0.10992114864069671,-3.7455242966751916,-0.48162926018287616,0.48881558066239666,-0.39026610875110973,-0.968124503804182,Oil & Gas E&P,Energy,BATL
2010Q3,2010,Q3,2010-11-08,2010-09-30,1564000.0,27083000.0,6015000.0,0.02,16994000.0,0.627478492042979,316057000.0,8112000.0,22964000.0,33306000.0,307945000.0,3372000.0,-210613000.0,805993733.75,1053100733.75,0.10316209235665165,0.6894853780099681,0.7819349041470368,30.465483234714004,,0.10316209235665165,0.19280078895463512,29.76013490935273,128.83531549712276,99.35820189225838,0.0,2.9919928825622777,0.0,0.085690239418839,0.41067675493905004,0.0049484744840329435,-752.5618429038282,0.627478492042979,-0.3333333333333333,0.18648999863351087,0.0,-0.9712708079666863,-0.09860499655227285,-0.4268962990106266,-0.10637349576585946,-0.8319891962482575,-0.24721238121844188,0.15463383826421298,Oil & Gas E&P,Energy,BATL
2010Q2,2010,Q2,2010-08-04,2010-06-30,2729000.0,28968000.0,6731000.0,0.03,18853000.0,0.6508215962441315,311944000.0,5751000.0,20395000.0,33516000.0,306193000.0,3733000.0,-212177000.0,804074626.25,1049313626.25,0.07331129235468771,0.608515335958945,0.7862212448388172,42.645974613110766,0.046054456950657394,0.07331129235468771,0.4745261693618501,27.75734003900856,73.66018928636862,139.81474982611718,0.0,2.709616930083043,0.0,0.09286282153206986,0.3351533595894498,0.00874836509117021,329.53878125,0.6508215962441315,0.0,2.879173617897589,0.0,-0.9795287158135922,-0.11930676881393937,0.12861869313482216,-0.31699644850329783,0.5540004697107554,-0.16798284125640395,3.2077068327668417,Oil & Gas E&P,Energy,BATL
2010Q1,2010,Q1,2010-05-04,2010-03-31,2418000.0,30921000.0,9855000.0,0.03,21407000.0,0.692312667766243,309664000.0,2232000.0,22580000.0,32864000.0,307432000.0,3762000.0,-214906000.0,799469895.75,1046397895.75,0.028616462135247323,0.6870740019474196,0.7977323809031724,110.6760752688172,0.02269170521134292,0.028616462135247323,1.0833333333333333,25.85524063743087,82.65817780707197,358.1854371639785,0.0,2.5289739500265815,0.0,0.0998533894802108,0.4059761441090555,0.007808463366745892,-3039.809489543726,0.692312667766243,1.4057343792263997,11.641475841313426,0.0,-0.9920804755406946,0.4429091399299002,1.4192821224206693,-0.23640167364016737,3.023424650065305,-0.02211277835845751,1.4844858801587493,Oil & Gas E&P,Energy,BATL
2009Q4,2009,Q4,2010-03-11,2009-12-31,-5767000.0,25516000.0,12906000.0,-0.07394,14836000.0,0.5814390970371531,311162000.0,-526000.0,23638000.0,38016000.0,311688000.0,3900000.0,-217324000.0,799469895.75,1045507895.75,-0.006743843675241977,0.6217908249158249,0.7911216665274037,-467.9980988593156,-0.042153407514593066,-0.006743843675241977,10.963878326996198,31.33210125999373,-34.6570962263742,-1519.904744771863,0.0,2.7384615384615385,0.0,0.08200230105218503,0.3737899831649832,-0.018533754121647244,156.57459767920093,0.5814390970371531,-0.8485000000000001,-23.6309912803433,0.0,-1.0018676070483423,0.056770425243963245,-1.1225616488774384,7.987465181058496,-3.6455929047492877,-0.07517764961768418,0.9908479557373306,Oil & Gas E&P,Energy,BATL
2009Q3,2009,Q3,2009-11-05,2009-09-30,-2717000.0,25131000.0,1436000.0,-0.04,14039000.0,0.5586327643149894,309320000.0,-3403000.0,23749000.0,28432000.0,312723000.0,0.0,-219676000.0,763681723.5,1013992723.5,-0.04567445956430565,0.8352912211592571,0.8096049398680978,-73.59006758742287,0.0038759424086162162,-0.04567445956430565,0.7984131648545401,30.388035633281604,-70.26883727456755,-224.41425903614459,0.0,0.0,0.0,0.08124595887753783,0.47063168261114235,-0.008783783783783784,-379.1865558589871,0.5586327643149894,0.75,-6.763595138774123,0.0,-1.0126603616599676,36.638069705093834,0.769862781636456,1.1195073235685753,-1.2874378886205957,-0.49132164631327335,0.9473797939324868,Oil & Gas E&P,Energy,BATL
2009Q2,2009,Q2,2009-08-06,2009-06-30,-11806000.0,10419000.0,-12016000.0,-0.16,373000.0,0.03579998080429984,323101000.0,-1225000.0,31171000.0,33621000.0,324326000.0,0.0,-216959000.0,765634287.0,1019089287.0,-0.01639980107108239,0.9271288777847179,0.7912665079959518,-208.70122448979592,-0.03548140462043046,-0.01639980107108239,9.637551020408162,73.48443103944716,-16.21282159495172,-625.0075812244897,0.0,0.0,0.0,0.03224688255375254,0.4557568186550073,-0.0365396578778772,84.83482404432132,0.03579998080429984,0.673469387755102,-80.1330315051841,0.0,-1.0025807464219652,-0.9752241780139489,0.6900742918646471,0.7932126385351415,-0.18598737815075572,-0.8212773314597985,0.9874583048217792,Oil & Gas E&P,Energy,BATL
2009Q1,2009,Q1,2009-05-07,2009-03-31,-38093000.0,26012000.0,-58108000.0,-0.49,15055000.0,0.5787713363063202,363218000.0,12164000.0,61153000.0,56852000.0,351054000.0,0.0,-205153000.0,792231028.0,1052757028.0,0.15737959710409122,1.07565257158939,0.7176268797251237,21.428395264715554,-0.13059066348759404,0.15737959710409122,-3.131617888852351,30.45636736890666,-5.199321581392907,65.12915389674448,0.0,0.0,0.0,0.07161539351023352,0.2100014071624569,-0.10487641031006173,-77.51771311154599,0.5787713363063202,0.7635557357035664,-201.97263488656026,0.0,-0.9564456443717302,-0.4367330140676444,0.7621788668643671,-4.1957322774019685,-32.1182690426879,0.0,-0.9563703001452231,Oil & Gas E&P,Energy,BATL
2008Q4,2008,Q4,2009-03-12,2008-12-31,-160175000.0,27411000.0,18183000.0,-2.07237,26728000.0,0.9750829958775674,395845000.0,49721000.0,60022000.0,63059000.0,346124000.0,0.0,-167060000.0,792231028.0,1042763028.0,0.6432975129572935,0.9518387541825909,0.6333185969255642,5.042054665030872,0.03805511598911663,0.6432975129572935,-3.2214758351601938,28.901938199992703,-1.2365085500234119,15.933529655477566,0.0,0.0,0.0,0.06924680114691356,0.21771674146434292,-0.40464070532657986,-66.1791853646312,0.9750829958775674,-6.601,-635.305717082379,0.0,-0.8218483364626583,-0.3543181543664694,-6.622542825049144,-0.6610242165507727,-120.09624083591878,0.0,-0.8213218001704555,Oil & Gas E&P,Energy,BATL
2008Q3,2008,Q3,2008-11-05,2008-09-30,28488000.0,54192000.0,53641000.0,0.37,41395000.0,0.763858134041925,636878000.0,209420000.0,54765000.0,59734000.0,427458000.0,0.0,-6885000.0,788964957.75,1029573957.75,2.7207228647031756,0.9168145444805303,0.3874651032065796,1.1783401776334639,0.07951220891245148,2.7207228647031756,0.1360328526406265,14.558697921279894,6.923660468881635,3.7673811371884254,0.0,0.0,0.0,0.08509008004672794,0.44708206381625204,0.04473070195547656,-244.5644630347179,0.763858134041925,5.625,57.4952325064586,0.0,-0.2458512750394009,-0.07507541056865155,5.859774820880245,4.739612381483547,21.07817873149123,0.0,-0.24231694158300113,Oil & Gas E&P,Energy,BATL
2008Q2,2008,Q2,2008-08-08,2008-06-30,-5862000.0,57554000.0,-14344000.0,-0.08,44755000.0,0.7776175417868436,624673000.0,180336000.0,61825000.0,73085000.0,444337000.0,0.0,-35373000.0,709287361.75,947340361.75,2.6060579952241056,0.8459328179517001,0.40829682089669317,1.4143154999556384,-0.009342823590770948,2.6060579952241056,-0.032505988820867714,12.32385866751225,-30.24937571434664,3.933143475235117,0.0,0.0,0.0,0.09213460482524456,0.5891496203051242,-0.00938410976622969,58.78396832007293,0.7776175417868436,-7.000000000000001,-42.48504173020941,0.0,-0.5898989983197099,0.8418453434297708,-10.208413001912046,-3.0277070964093866,-10.44616727523084,0.0,-0.27229009184038444,Oil & Gas E&P,Energy,BATL
2008Q1,2008,Q1,2008-05-09,2008-03-31,-523000.0,36050000.0,7074000.0,-0.01,24299000.0,0.6740360610263523,601705000.0,98656000.0,50867000.0,43260000.0,503049000.0,0.0,-29511000.0,606401234.0,943491234.0,1.6675823585147915,1.1758437355524733,0.5844408804979184,3.5645171099578334,0.0070582237497804805,1.6675823585147915,-0.005301248783652287,16.821116061026352,-289.8667466539197,6.14662295248135,0.0,0.0,0.0,0.059913080330062075,0.8030513176144244,-0.000869196699379264,-72.07907215024368,0.6740360610263523,0.9067164179104478,-4.604833496415688,0.0,-0.5385013278808671,-0.12144768240653699,0.9175339009776096,-0.3518416712479384,-4.604833496415688,0.0,-0.5385013278808671,Oil & Gas E&P,Energy,BATL
2007Q4,2007,Q4,2008-03-17,2007-12-31,-6342000.0,31404000.0,10914000.0,-0.1072,27658000.0,0.880715832378041,580242000.0,98698000.0,31490000.0,65925000.0,481544000.0,0.0,-28988000.0,606401234.0,935275234.0,1.6682922845107535,0.47766401213500187,0.5786327084216586,3.4017609272730955,0.01579164097817584,1.6682922845107535,-0.06425662120812985,19.309681378168385,-23.904179832860297,6.144007315244483,0.0,0.0,0.0,0.05412224554582398,0.3782176715965112,-0.010929922342746647,-246.40440227549777,0.880715832378041,-1.8933333333333335,-33.81118398477357,0.0,-0.537991302988554,1.3706179823433615,-2.329559748427673,1.2383100902378998,-33.81118398477357,0.0,-0.537991302988554,Oil & Gas E&P,Energy,BATL
2007Q3,2007,Q3,2007-11-13,2007-09-30,4770000.0,18435000.0,4876000.0,0.12,11667000.0,0.6328722538649308,206172000.0,3600000.0,35950000.0,45647000.0,202572000.0,0.0,-23011000.0,413000431.25,533750431.25,0.08934615367910709,0.7875654478936184,0.7165667500921561,41.03777777777778,0.3208516756475905,0.08934615367910709,1.325,22.403061093029564,21.645724908280922,114.72234201388889,0.0,0.0,0.0,0.0894156335486875,0.7707625911889062,0.02313602235027065,-478.0097583912037,0.6328722538649308,4.999999999999999,17.71044423964141,0.0,-0.9752344170178525,-0.04164613109906358,4.288248337028825,-0.023628354024829795,17.71044423964141,0.0,-0.9752344170178525,Oil & Gas E&P,Energy,BATL
2007Q2,2007,Q2,2007-08-10,2007-06-30,902000.0,17883000.0,4994000.0,0.02,12174000.0,0.6807582620365711,203273000.0,-1338000.0,36566000.0,44860000.0,204611000.0,0.0,-27641000.0,413000431.25,532249431.25,-0.033206987117401464,0.815113687026304,0.7269435685014733,-110.43946188340807,0.02335819276819175,-0.033206987117401464,-0.6741405082212257,23.09458319353576,114.46796875000001,-308.66997851270554,0.0,0.0,0.0,0.08797528446965411,0.7916852429781542,0.004437382239648158,-24.90354747045345,0.6807582620365711,2.3053861034482757,12.491383830912495,0.0,-1.0052256007750358,0.21788715486194477,2.5551724137931036,0.7696669029057406,12.491383830912495,0.0,-1.0052256007750358,Oil & Gas E&P,Energy,BATL
2007Q1,2007,Q1,2007-05-14,2007-03-31,-580000.0,15347000.0,2822000.0,-0.015321137514156534,9996000.0,0.651332507982016,183697000.0,-2236000.0,36882000.0,42713000.0,185933000.0,0.0,-28318000.0,388026019.25,490684019.25,-0.05906562669250691,0.8634841851426966,0.7182752031878583,-59.00939177101968,0.015597908567434027,-0.05906562669250691,0.259391771019678,25.283509431810778,-167.25259450431034,-173.53578678443648,0.0,0.0,0.0,0.0835451858223052,0.8426474375482874,-0.0031573732831782775,-85.39305001100352,0.651332507982016,-1.5471834826484476,-7.247564415559249,0.0,-1.0163462440984048,-0.08074305683281222,-1.54820415879017,0.6888090963494913,-7.247564415559249,0.0,-1.0163462440984048,Oil & Gas E&P,Energy,BATL
