Quarters,Year,Quarter,FillingDate,Date,NetIncome,Revenue,OperatingIncome,EPSDiluted,GrossProfit,GrossProfitRatio,TotalAssets,CommonStockEquity,CurrentAssets,CurrentLiability,TotalLiability,Inventory,RetainedEarnings,MarketCap,EnterpriseValue,bookValuePerShare,currentRatio,debtToAssets,debtToEquity,roic,shareholdersEquityPerShare,roe,priceToSalesRatio,peRatio,pbRatio,payoutRatio,inventoryTurnover,dividendYield,assetTurnover,quickRatio,returnOnAssets,priceToFreeCashFlowsRatio,grossProfitMargin,epsdilutedGrowth,fiveYNetIncomeGrowthPerShare,fiveYRevenueGrowthPerShare,fiveYShareholdersEquityGrowthPerShare,grossProfitGrowth,netIncomeGrowth,operatingIncomeGrowth,threeYNetIncomeGrowthPerShare,threeYRevenueGrowthPerShare,threeYShareholdersEquityGrowthPerShare,Industry,Sector,Symbol
2023Q1,2023,Q1,2023-05-12,2023-03-31,11244000.0,23953000.0,21118000.0,0.77,23953000.0,1.0,1502740000.0,262503000.0,87064000.0,0.0,16776000.0,0.0,142940000.0,192194880.0,131825880.0,17.91951669055908,0.0,0.01116360780973422,0.06390784105324511,0.053414116653394024,17.91951669055908,0.04283379618518646,8.023833340291404,4.273276414087513,0.7321626038559559,0.08617929562433298,0.0,0.0050417576160197404,0.01593955042123055,0.0,0.007482332273047899,17.708917350041464,1.0,0.4259259259259259,1.8387495905415217,0.9055665863901841,0.0,0.10250391236306729,0.36076485537940217,0.33211379549612063,1.8387495905415217,0.9055665863901841,0.0,Banks—Regional,Financial Services,NECB
2022Q4,2022,Q4,2023-03-30,2022-12-31,8263000.0,21726000.0,15853000.0,0.54,21726000.0,1.0,1425037000.0,262063000.0,21808000.0,17650000.0,1162974000.0,0.0,132670000.0,226590040.0,155078040.0,17.255745045104366,1.2355807365439093,0.01880091534465421,0.1022349587694562,0.03549890869071371,17.255745045104366,0.03153058615676383,10.429441222498388,6.855562144499577,0.8646395714007701,0.11763282100931866,0.0,0.004289685460137613,0.01524591993050005,5.892691218130311,0.005798445935088001,17.397883906633908,1.0,0.10204081632653071,1.537381650845392,1.1281903728409848,0.8116709408641996,0.22627984421741829,0.09559798461946434,0.3355518112889638,1.537381650845392,1.1281903728409848,0.8116709408641996,Banks—Regional,Financial Services,NECB
2022Q3,2022,Q3,2022-11-10,2022-09-30,7542000.0,17717000.0,11870000.0,0.49,17717000.0,1.0,1284905000.0,260037000.0,61668000.0,0.0,1024868000.0,0.0,125334000.0,192646400.0,161348400.0,16.73770597322348,0.0,0.018471404500721843,0.09127162673004226,0.031416412207709035,16.73770597322348,0.02900356487730592,10.873533894000113,6.38578626359056,0.7408422647546311,0.13033678069477592,0.0,0.005102612870004319,0.01378856802642997,0.0,0.005869694646685942,28.359546592080083,1.0,0.4000000000000001,0.89013799947027,0.34570686077169804,0.0,0.2626140250855188,0.3984795104765437,0.41866857894107806,0.89013799947027,0.34570686077169804,0.0,Banks—Regional,Financial Services,NECB
2022Q2,2022,Q2,2022-08-12,2022-06-30,5393000.0,14032000.0,8367000.0,0.35,14032000.0,1.0,1221590000.0,256312000.0,91560000.0,0.0,965278000.0,0.0,118708000.0,182952880.0,120483880.0,16.489449305198146,0.0,0.019530284301606922,0.09308186897219015,0.02254706150707955,16.489449305198146,0.021040762820312742,13.038261117445838,8.481034674578156,0.7137897562345891,0.7287224179491933,0.0,0.021480940884887955,0.01148666901333508,0.0,0.004414738169107475,33.42826237895122,1.0,0.5217391304347825,0.68700874956436,0.08239292930415536,0.0,0.17099223900525745,0.4795610425240055,0.36917034855179187,0.68700874956436,0.08239292930415536,0.0,Banks—Regional,Financial Services,NECB
2022Q1,2022,Q1,2022-05-13,2022-03-31,3645000.0,11983000.0,6111000.0,0.23,11983000.0,1.0,1281359000.0,254373000.0,179528000.0,0.0,1026986000.0,0.0,117037000.0,190156750.0,39351750.0,16.38684532629002,0.0,0.018713725037245613,0.09426708023257185,0.016623085740473234,16.38684532629002,0.014329350992440235,15.868876742051238,13.04230109739369,0.7475508406945706,0.26968449931412897,0.0,0.005169419439488738,0.009351789779445105,0.0,0.002844636046572428,-180.24336492890995,1.0,-0.14814814814814817,-0.13156743239523638,-0.10037379934142926,0.0,-0.022673517657613572,-0.13399857448325017,-0.0827078955268688,-0.13156743239523638,-0.10037379934142926,0.0,Banks—Regional,Financial Services,NECB
2021Q4,2021,Q4,2022-03-30,2021-12-31,4209000.0,12261000.0,6662000.0,0.27,12261000.0,1.0,1225070000.0,251382000.0,156653000.0,0.0,973688000.0,0.0,114323000.0,172526130.0,51257130.0,16.21714728082059,0.0,0.025386304456071897,0.12371609741349818,0.01783267588963432,16.21714728082059,0.016743442251235172,14.07113041350624,10.24745367070563,0.6863105950306706,0.2335471608458066,0.0,0.0056976876488216595,0.010008407682826287,0.0,0.003435722040373203,21.158465783664457,1.0,4.4,0.2663076910093996,0.17670843923493282,0.7026291473118969,0.0,4.765753424657534,0.0,0.2663076910093996,0.17670843923493282,0.7026291473118969,Banks—Regional,Financial Services,NECB
2021Q3,2021,Q3,2021-11-12,2021-09-30,730000.0,11442000.0,0.0,0.05,0.0,0.0,1108030000.0,248699000.0,0.0,0.0,859331000.0,0.0,111932000.0,169579080.0,92689080.0,15.970909324428462,0.0,0.028178839923106776,0.12554533793863265,0.0,15.970909324428462,0.0029352751719950625,14.820755112742528,58.07502739726028,0.6818647441284444,1.3465753424657534,0.0,0.005796705584202957,0.010326435204822975,0.0,0.0006588269270687617,35.00084210526316,0.0,-0.8387096774193549,-0.8174740309423306,-0.1329242457953667,0.0,0.0,-0.8038161784466541,0.0,-0.8174740309423306,-0.1329242457953667,0.0,Banks—Regional,Financial Services,NECB
2021Q2,2021,Q2,2021-08-13,2021-06-30,3721000.0,11149000.0,0.0,0.31,0.0,0.0,1076533000.0,160847000.0,0.0,0.0,915686000.0,0.0,112127000.0,140553000.0,7960000.0,13.320662525879918,0.0,0.029113831159843683,0.1948559811497883,0.0,13.320662525879918,0.02313378552288821,12.606780877208719,9.443227626981995,0.8738304102656562,0.04084923407686106,0.0,0.0010814425874936856,0.010356394091031116,0.0,0.0034564662671743456,-72.26375321336761,0.0,0.14814814814814806,0.49838091561851944,0.1070747210305115,0.0,0.0,0.14668721109399074,0.0,0.49838091561851944,0.1070747210305115,0.0,Banks—Regional,Financial Services,NECB
2021Q1,2021,Q1,2021-03-31,2021-03-31,3245000.0,10798000.0,0.0,0.27,0.0,0.0,965149000.0,157026000.0,0.0,0.0,808123000.0,0.0,108408000.0,148557080.0,124049080.0,13.011766655618164,0.0,0.032593931092504885,0.2003362500477628,0.0,13.011766655618164,0.020665367518754856,13.75783293202445,11.445075500770416,0.9460667660132717,0.04406779661016949,0.0,0.0009625929642666643,0.011187909846044496,0.0,0.0033621751667359135,36.67170575166625,0.0,0.28571428571428586,-0.0055255578747458265,0.042750039848067654,0.0,0.0,-0.062951198382905,0.0,-0.0055255578747458265,0.042750039848067654,0.0,Banks—Regional,Financial Services,NECB
2020Q4,2020,Q4,2020-12-31,2020-12-31,3463000.0,10856000.0,0.0,0.21,0.0,0.0,968221000.0,153825000.0,0.0,0.0,814396000.0,0.0,105305000.0,166345000.0,128629000.0,9.524767801857585,0.0,0.032611356291590454,0.2052657240370551,0.0,9.524767801857585,0.02251259548187876,15.322862932940309,12.00873520069304,1.0813911912888023,0.03725093849263644,0.0,0.00077549670864769,0.011212316196405572,0.0,0.0035766627660420505,266.57852564102564,0.0,0.1052631578947368,2.023196840573685,0.5144385026737968,0.08533771157896268,0.0,0.10568326947637292,0.0,0.0,0.0,0.0,Banks—Regional,Financial Services,NECB
2020Q3,2020,Q3,2020-09-30,2020-09-30,3132000.0,10334000.0,0.0,0.19,0.0,0.0,,,,,,,,88288983.64,,,0.0,0.0,0.0,0.0,,0.0,8.543543994580995,7.047332666028097,0.0,0.04693486590038314,0.0,0.0016649868866924018,0.0,0.0,0.0,12.830836163348351,0.0,-0.09523809523809519,2.3607699561479376,0.9272076676148174,0.0,0.0,0.2639225181598063,0.0,0.0,0.0,0.0,Banks—Regional,Financial Services,NECB
2020Q2,2020,Q2,2020-06-30,2020-06-30,2478000.0,10049000.0,0.0,0.21,0.0,0.0,,,,,,,,71450570.0,,,0.0,0.0,0.0,0.0,,0.0,7.110216937008658,7.208491727199354,0.0,0.15012106537530268,0.0,0.00520639653399546,0.0,0.0,0.0,21.045823269513992,0.0,-0.2222222222222223,2.3451264479565586,1.08415613599541,0.0,0.0,-0.23894348894348894,0.0,0.0,0.0,0.0,Banks—Regional,Financial Services,NECB
2020Q1,2020,Q1,2020-03-31,2020-03-31,3256000.0,10333000.0,0.0,0.27,0.0,0.0,,,,,,,,70927380.0,,,0.0,0.0,0.0,0.0,,0.0,6.864161424562083,5.445898341523341,0.0,0.11056511056511056,0.0,0.00507561395895351,0.0,0.0,0.0,20.25917737789203,0.0,0.0,21.80593137693287,1.1859917143421908,0.0,0.0,0.0,0.0,0.0,0.0,0.0,Banks—Regional,Financial Services,NECB
2015Q4,2015,Q4,2015-12-31,2015-12-31,849000.0,5313000.0,1347000.0,0.0709,0.0,0.0,593605000.0,105047000.0,0.0,0.0,488558000.0,0.0,57329000.0,63560699.99999999,91266700.0,8.775856307435255,0.0,0.09462858298026465,0.5347320723104896,0.0052661286821032265,8.775856307435255,0.008082096585337992,11.963241106719366,18.716342756183742,0.6050691595190724,0.16607773851590105,0.0,0.002218351906130675,0.008950396307308732,0.0,0.0014302440174863756,-371.69999999999993,0.0,-0.11374999999999996,0.3159347273292722,-0.23136499786050493,0.03137959303484083,0.0,-0.0711159737417943,-0.06458333333333334,1.429370447290062,0.13906374159150736,0.03900040732136526,Banks—Regional,Financial Services,NECB
2015Q3,2015,Q3,2015-09-30,2015-09-30,914000.0,5259000.0,1440000.0,0.08,0.0,0.0,556949000.0,104320000.0,0.0,0.0,452629000.0,0.0,56621000.0,66497599.99999999,68232600.0,8.722408026755852,0.0,0.07089697620428441,0.3785084355828221,0.006355784876847976,8.722408026755852,0.008761503067484662,12.644533181213157,18.18862144420131,0.6374386503067485,0.15317286652078774,0.0,0.0021053391400591903,0.009442516280664837,0.0,0.0016410838335287432,54.01917140536149,0.0,0.3333333333333334,0.8236665915097767,0.3395403796382395,0.03172358709529035,0.0,0.24353741496598638,0.45896656534954405,1.9398304347826087,0.11062310803932612,0.011496326349550435,Banks—Regional,Financial Services,NECB
2015Q2,2015,Q2,2015-06-30,2015-06-30,735000.0,4784000.0,987000.0,0.06,0.0,0.0,537313000.0,103491000.0,0.0,0.0,433822000.0,0.0,55847000.0,66589350.0,66362350.0,8.656712672521957,0.0,0.05894143636949041,0.30601694833367155,0.0054379591746139795,8.656712672521957,0.00710206684639244,13.919178511705686,22.649438775510205,0.6434313128677857,0.18775510204081633,0.0,0.0020724034699242445,0.008903562727869975,0.0,0.0013679177686004248,126.11619318181818,0.0,6.999999999999999,5.2554022027045875,0.2130869494742591,0.029127547448315926,0.0,5.711538461538462,5.147058823529412,1.8517696077270902,0.025188907479050445,-0.006244924954566288,Banks—Regional,Financial Services,NECB
2015Q1,2015,Q1,2015-03-31,2015-03-31,-156000.0,4712000.0,-238000.0,-0.01,0.0,0.0,537517000.0,102918000.0,0.0,0.0,434599000.0,0.0,55252000.0,61940640.0,46543640.0,8.573642119293568,0.0,0.06023995520141689,0.3146194057404924,-0.0011530103918757115,8.573642119293568,-0.00151576983618026,13.145297113752122,-99.26384615384616,0.6018445752929518,-0.9102564102564102,0.0,0.002292517481253019,0.008766234370261777,0.0,-0.000290223378981502,584.3456603773585,0.0,-1.1869158878504673,-1.3184062928673235,0.2274167924178193,0.018718242244610692,0.0,-1.2407407407407407,-1.2375249500998005,-1.6335388203932022,0.09697510596255599,-0.017195171824937114,Banks—Regional,Financial Services,NECB
2014Q4,2014,Q4,2014-12-31,2014-12-31,648000.0,5030000.0,1002000.0,0.0535,0.0,0.0,515425000.0,103810000.0,0.0,0.0,411615000.0,0.0,55548000.0,65283679.99999999,61123679.99999999,8.570838837516513,0.0,0.0582043944317796,0.2889895000481649,0.004842687392571557,8.570838837516513,0.0062421732010403625,12.978862823061629,25.186604938271604,0.6288766014834793,0.22376543209876543,0.0,0.002221075772689285,0.00975893679972838,0.0,0.0012572149197264393,78.1840479041916,0.0,0.7833333333333333,1.3205280676235287,0.2955811982684608,0.02078237476452626,0.0,0.7142857142857143,0.0,1.0258699955431174,0.14614323323475067,-0.0027038692590415896,Banks—Regional,Financial Services,NECB
2014Q3,2014,Q3,2014-09-30,2014-09-30,378000.0,4437000.0,0.0,0.03,0.0,0.0,502062000.0,103567000.0,0.0,0.0,398495000.0,0.0,55044000.0,62458770.0,55175770.0,8.572717490273984,0.0,0.0540232082890161,0.2618884393677523,0.0,8.572717490273984,0.003649811233307907,14.076801893171062,41.30871031746032,0.6030759798005156,0.3915343915343915,0.0,0.0023695631534210487,0.008837553927602567,0.0,0.0007528950607693871,-3469.931666666667,0.0,-0.25000000000000006,1.4712071309495218,0.21532252185432302,0.0015766202229032912,0.0,-0.17105263157894737,-1.0,-0.17744624214815513,-0.061019345986850416,-0.014907781466738046,Banks—Regional,Financial Services,NECB
2014Q2,2014,Q2,2014-06-30,2014-06-30,456000.0,4510000.0,666000.0,0.04,0.0,0.0,475404000.0,103276000.0,0.0,0.0,372128000.0,0.0,54810000.0,63856320.0,45001320.0,8.539441045146354,0.0,0.04403412676376303,0.20269956233781325,0.00367120199661863,8.539441045146354,0.004415353034586932,14.158829268292683,35.008947368421055,0.6183074480034083,0.30701754385964913,0.0,0.002192421987361627,0.009486668181168017,0.0,0.0009591841886059015,47.441545319465085,0.0,1.0,4.573283354464104,0.22964910605753225,-0.012682354197181852,0.0,1.1209302325581396,1.4485294117647058,-0.34579312877852775,-0.00308088871689747,-0.0021073832395790137,Banks—Regional,Financial Services,NECB
2014Q1,2014,Q1,2014-03-31,2014-03-31,215000.0,4416000.0,272000.0,0.02,0.0,0.0,464087000.0,103463000.0,0.0,0.0,360624000.0,0.0,54497000.0,63912280.0,57454280.0,8.482659670410756,0.0,0.04525013628910097,0.20297111044527996,0.0017274210006186577,8.482659670410756,0.0020780375593207234,14.472889492753623,74.31660465116279,0.6177307829852219,0.6930232558139535,0.0,0.0023313203659766166,0.009515457231079518,0.0,0.0004632752048646051,30.318918406072108,0.0,0.47058823529411775,-0.5545452601089945,0.17861842758903515,-0.021922928019708604,0.0,0.27976190476190477,0.022556390977443608,-0.731453056828051,-0.05075897124703467,-0.006711215632839331,Banks—Regional,Financial Services,NECB
2013Q4,2013,Q4,2013-12-31,2013-12-31,168000.0,4363000.0,266000.0,0.0136,0.0,0.0,458225000.0,104168000.0,0.0,0.0,354057000.0,0.0,54428000.0,66383239.99999999,53710239.99999999,8.457940889899318,0.0,0.04582901413061269,0.20159741955302973,0.0013421960884571137,8.457940889899318,0.0016127793564242377,15.215044694017877,98.78458333333333,0.6372709469318792,0.0,0.0,0.0,0.009521523269136342,0.0,0.00036663211304490155,-266.59935742971885,0.0,-0.5466666666666666,-0.7032256208320031,0.09438458050250033,-0.02249404440730312,0.0,-0.5590551181102362,-0.49333333333333335,-0.7469184942499579,-0.3865346683671449,-0.00598331064897565,Banks—Regional,Financial Services,NECB
2013Q3,2013,Q3,2013-09-30,2013-09-30,381000.0,4056000.0,525000.0,0.03,0.0,0.0,433119000.0,104632000.0,0.0,0.0,328487000.0,0.0,54409000.0,62112960.0,35365960.0,8.490100616682895,0.0,0.01154417146326991,0.04778652802202003,0.003475262697022767,8.490100616682895,0.0036413334352779266,15.313846153846153,40.756535433070866,0.5936325407141219,0.3963254593175853,0.0,0.0024310546462445195,0.009364631891004551,0.0,0.0008796658655011671,-101.82452459016393,0.0,0.0,-0.271323257292943,0.1111073942248508,-0.014474390952405419,0.0,0.0,0.009615384615384616,-0.2622593532670335,0.0026054827103071457,0.00424527678303683,Banks—Regional,Financial Services,NECB
2013Q2,2013,Q2,2013-06-30,2013-06-30,381000.0,4454000.0,520000.0,0.03,0.0,0.0,428864000.0,104309000.0,0.0,0.0,324555000.0,0.0,54179000.0,57771420.00000001,23495420.000000007,8.468014288033771,0.0,0.011658707655573796,0.04793450229606266,0.003485531840928012,8.468014288033771,0.0036526090749599747,12.970682532555008,37.90775590551181,0.5538488529273601,0.3963254593175853,0.0,0.0026137491513970055,0.010385576779585137,0.0,0.0008883935233547232,27.615401529636713,0.0,0.4999999999999999,-0.11254234690806006,0.2767458801925954,-0.013669229235935717,0.0,0.8405797101449275,1.3008849557522124,2.147039949280573,0.0961256811926986,0.006694701057075905,Banks—Regional,Financial Services,NECB
2013Q1,2013,Q1,2013-03-31,2013-03-31,207000.0,4477000.0,226000.0,0.02,0.0,0.0,428558000.0,103990000.0,0.0,0.0,324568000.0,0.0,53949000.0,50228880.0,30097880.0,8.446917390951182,0.0,0.011667032233676655,0.04808154630252909,0.0018992568125516102,8.446917390951182,0.0019905760169247042,11.219316506589234,60.66289855072464,0.48301644388883547,0.7294685990338164,0.0,0.0030062386419924154,0.010446660662034077,0.0,0.0004830151344742135,138.37157024793387,0.0,1.1176470588235294,-0.5936242347937174,0.2689763009428843,-0.013480077372894828,0.0,1.10192023633678,1.062465450525152,-0.5880352614125967,0.13712060369378462,0.0036608383187609174,Banks—Regional,Financial Services,NECB
2012Q4,2012,Q4,2012-12-31,2012-12-31,-2031000.0,4791000.0,-3618000.0,-0.17,0.0,0.0,444224000.0,103849000.0,0.0,0.0,340375000.0,0.0,53893000.0,48319350.0,13678350.0,8.446441642944286,0.0,0.03376674830716035,0.1444404857052066,-0.017088911139344885,8.446441642944286,-0.019557241764484975,10.085441452723858,-5.94772895125554,0.465284692197325,-0.07434761201378631,0.0,0.0031250420380241044,0.010785099409307016,0.0,-0.004572017720789512,146.42227272727274,0.0,-1.125,-4.693570343100533,0.46241218168780746,-0.01083443990733238,0.0,-1.031,-0.9588521927449919,0.01033477114566528,0.21565447101355464,0.0059667346507895035,Banks—Regional,Financial Services,NECB
2012Q3,2012,Q3,2012-09-30,2012-09-30,-1000000.0,4869000.0,-1847000.0,-0.08,0.0,0.0,447674000.0,106049000.0,0.0,0.0,341625000.0,0.0,56075000.0,51405640.0,16456640.0,8.623272076760449,0.0,0.03350652483726998,0.14144404944883968,-0.008261117398739354,8.623272076760449,-0.009429603296589312,10.557740809201068,-12.85141,0.4847347924072834,-0.001,0.0,1.9453118373781556e-05,0.010876217962177834,0.0,-0.002233768322484665,-14.546021505376345,0.0,-5.0,-2.8712502341080968,0.5516627832736755,0.014516640120140001,0.0,-4.773584905660377,-6.563253012048193,-0.2245836310548142,0.31011762002701065,0.007483066099292659,Banks—Regional,Financial Services,NECB
2012Q2,2012,Q2,2012-06-30,2012-06-30,265000.0,4798000.0,332000.0,0.02,0.0,0.0,453447000.0,107077000.0,0.0,0.0,346370000.0,0.0,57074000.0,48553400.0,9835400.0,8.711112918971688,0.0,0.03307994098538528,0.14008610625998114,0.0021707610770251564,8.711112918971688,0.0024748545439263335,10.119508128386828,45.80509433962265,0.4534437834455579,1.3924528301886792,0.0,0.007599879720060799,0.010581170456525239,0.0,0.0005844122907418067,25.35425587467363,0.0,0.0,-0.9741408799938268,-0.7732550339727373,0.028569053260348403,0.0,0.051587301587301584,0.0440251572327044,3.0431295271841967,0.28710006676037725,0.007166096002275211,Banks—Regional,Financial Services,NECB
2012Q1,2012,Q1,2012-03-31,2012-03-31,252000.0,4396000.0,318000.0,0.02,0.0,0.0,506519000.0,107170000.0,0.0,0.0,399349000.0,0.0,57178000.0,51597000.0,-32403000.0,8.723646723646723,0.0,0.02961389404938413,0.13996454231594663,0.002062699517066383,8.723646723646723,0.0023514043109079032,11.737261146496815,51.1875,0.48145003265839326,0.5952380952380952,0.0,0.0029071457642886214,0.008678845216072843,0.0,0.0004975134200296534,-23.733670653173874,0.0,-0.2424242424242424,-0.3301249178172255,0.5896000961923529,0.14293143372456193,0.0,-0.23404255319148937,0.0,-0.4816256207560555,0.16487603066014458,0.005863629566277862,Banks—Regional,Financial Services,NECB
2011Q4,2011,Q4,2011-12-31,2011-12-31,329000.0,4514000.0,0.0,0.0264,0.0,0.0,489289000.0,107065000.0,0.0,0.0,382224000.0,0.0,57076000.0,52199020.00000001,-13023979.999999993,8.59407609568149,0.0,0.040875637915424215,0.18680240975108578,0.0,8.59407609568149,0.003072899640405361,11.563805937084627,39.66490881458967,0.4875451361322561,0.45896656534954405,0.0,0.0028927746153088697,0.009225631477511246,0.0,0.0006724042437087284,-85.57216393442624,0.0,-0.34,0.0806351785729955,0.5775252951181795,0.13040911611913725,0.0,-0.2955032119914347,-1.0,-0.42544133980122106,0.11935452904050785,-0.006760548967907172,Banks—Regional,Financial Services,NECB
2011Q3,2011,Q3,2011-09-30,2011-09-30,467000.0,4802000.0,678000.0,0.04,0.0,0.0,463610000.0,106840000.0,0.0,0.0,356770000.0,0.0,56898000.0,55246500.0,20368500.0,8.702451739024191,0.0,0.04351502340329156,0.18882441033320854,0.0036767600422000723,8.702451739024191,0.004371022089105204,11.504893794252395,29.575214132762312,0.517095657057282,0.3147751605995717,0.0,0.0026608020417583015,0.01035784387739695,0.0,0.001007312180496538,159.67196531791907,0.0,-0.3333333333333333,-0.049034780483831614,0.3973768373625613,-0.012703883811155586,0.0,-0.35497237569060774,-0.3756906077348066,-0.1034257801240553,0.32050387797805463,0.010175195504334529,Banks—Regional,Financial Services,NECB
2011Q2,2011,Q2,2011-06-30,2011-06-30,724000.0,4699000.0,1086000.0,0.06,0.0,0.0,444193000.0,107499000.0,0.0,0.0,336694000.0,0.0,56578000.0,63563719.99999999,65162719.99999999,8.5574749243751,0.0,0.056666809247331675,0.2341510153582824,0.005457149317856336,8.5574749243751,0.006734946371594154,13.527073845499041,21.948798342541433,0.5912959190318049,0.21132596685082872,0.0,0.0024070334461230402,0.010578734919280583,0.0,0.0016299221284441672,55.66,0.0,-0.14285714285714296,1.0365418016239454,0.8149713551724495,1.5814214264194755,0.0,-0.13293413173652693,-0.19196428571428573,0.6536463634753643,0.32081231076163125,-0.0032491029354550782,Banks—Regional,Financial Services,NECB
2011Q1,2011,Q1,2011-03-31,2011-03-31,835000.0,4852000.0,1344000.0,0.07,0.0,0.0,454684000.0,108637000.0,0.0,0.0,346047000.0,0.0,56007000.0,55081930.0,41525930.0,8.539973272541467,0.0,0.055357127147645395,0.23168901939486547,0.006240331223329123,8.539973272541467,0.007686147445161409,11.352417559769167,16.491595808383234,0.5070273479569576,0.19520958083832335,0.0,0.0029592281897166638,0.010671147434262037,0.0,0.0018364402530108824,28.348908903757078,0.0,0.29870129870129875,0.9249118814384719,0.7620299913072273,1.495364034537242,0.0,0.21897810218978103,0.20863309352517986,0.5864120828598858,0.3309424835143807,-0.0026120320425607265,Banks—Regional,Financial Services,NECB
2010Q4,2010,Q4,2010-12-31,2010-12-31,685000.0,7339000.0,1112000.0,0.0539,0.0,0.0,466008000.0,108139000.0,0.0,0.0,357869000.0,0.0,55335000.0,53123620.0,34234620.0,8.508851994649461,0.0,0.061269334432026916,0.2640305532694033,0.005011302865587348,8.508851994649461,0.00633443993378892,7.238536585365853,19.388182481751823,0.49125310942398204,0.23941605839416058,0.0,0.0030871390165052763,0.01574865667542188,0.0,0.0014699318466635765,17.637324037184595,0.0,0.34750000000000003,0.3789913412333313,0.0,1.5091750095089145,0.0,0.28277153558052437,0.3728395061728395,0.20515852145116112,1.1671933840972812,-0.003525543083117732,Banks—Regional,Financial Services,NECB
2010Q3,2010,Q3,2010-09-30,2010-09-30,534000.0,4183000.0,810000.0,0.04,0.0,0.0,499950000.0,107732000.0,0.0,0.0,392218000.0,0.0,54814000.0,56196630.0,8937630.0,8.45421015459468,0.0,0.050683068306830684,0.23520402480228716,0.004012895371643709,8.45421015459468,0.004956744514164779,13.434527850824766,26.30928370786517,0.5216335907622619,0.2958801498127341,0.0,0.0028115564936901016,0.008366836683668367,0.0,0.0010681068106810682,53.571620591039085,0.0,3.0,0.04069108482899652,0.0,0.0,0.0,3.238095238095238,9.0,-0.03564723437033889,0.2864954048296506,-0.005373273096224934,Banks—Regional,Financial Services,NECB
2010Q2,2010,Q2,2010-06-30,2010-06-30,126000.0,4229000.0,81000.0,0.01,0.0,0.0,516975000.0,107838000.0,0.0,0.0,409137000.0,0.0,54438000.0,54869600.0,17717600.0,8.41170046801872,0.0,0.06835146767251801,0.3276767002355385,0.0008800480534175199,8.41170046801872,0.0011684192956100817,12.974603925277844,108.86825396825398,0.5088150744635472,1.3174603174603174,0.0,0.003025354659046175,0.008180279510614633,0.0,0.00024372551864210068,40.70445103857567,0.0,-0.75,-0.7559185468864538,0.0,0.0,0.0,-0.7590822179732314,-0.8946684005201561,-0.9882111093537217,-0.8083761233284983,-0.006784222960000331,Banks—Regional,Financial Services,NECB
2010Q1,2010,Q1,2010-03-31,2010-03-31,523000.0,4098000.0,769000.0,0.04,0.0,0.0,517188000.0,107844000.0,0.0,0.0,409344000.0,0.0,54478000.0,68811180.0,49991180.0,8.416107382550335,0.0,0.07712282574228327,0.36985831386076184,0.0035402183698749756,8.416107382550335,0.0048495975668558285,16.791405563689604,32.89253346080306,0.6380622009569379,0.3173996175908222,0.0,0.002412398682888449,0.00792361771734843,0.0,0.0010112376930632575,70.35907975460123,0.0,1.2352941176470589,0.013606132505674282,0.0,0.0,0.0,1.2448501872659177,1.1768222579903427,0.3328626942486783,0.4206679790682813,0.10263906618826314,Banks—Regional,Financial Services,NECB
2009Q4,2009,Q4,2009-12-31,2009-12-31,-2136000.0,4102000.0,-4349000.0,-0.17,0.0,0.0,527276000.0,107448000.0,0.0,0.0,419828000.0,0.0,54121000.0,62705300.00000001,3753300.0000000075,8.396342892865515,0.0,0.07298075391256192,0.35813602859057403,-0.014637255103509241,8.396342892865515,-0.019879383515747154,15.28651877133106,-7.339103464419477,0.5835874097237734,-0.07771535580524344,0.0,0.002647304135376116,0.007779606885198643,0.0,-0.004051009338562726,-288.9645161290323,0.0,-1.4285714285714286,-6.4298491026609295,0.0,1.5955773994036246,0.0,-1.509988249118684,-1.7012422360248447,-7.830061406574641,0.3955666728359696,0.10440057110114159,Banks—Regional,Financial Services,NECB
2009Q3,2009,Q3,2009-09-30,2009-09-30,-851000.0,3873000.0,-1610000.0,-0.07,0.0,0.0,509813000.0,109695000.0,0.0,0.0,400118000.0,0.0,56423000.0,70616160.0,34340160.0,8.559222846441948,0.0,0.08924448768470007,0.41476822097634347,-0.005483494745252685,8.559222846441948,-0.00775787410547427,18.232935708752905,-20.74505287896592,0.6437500341856967,-0.19388954171562867,0.0,0.002336575650672594,0.007596903178224173,0.0,-0.0016692395054657297,349.5849504950495,0.0,-6.0,-3.1003027786957476,0.0,0.0,0.0,-5.303703703703704,-4.094936708860759,-2.6600343320848934,0.0796391847059039,-0.028953250496909173,Banks—Regional,Financial Services,NECB
2009Q2,2009,Q2,2009-06-30,2009-06-30,-135000.0,3880000.0,-316000.0,-0.01,0.0,0.0,517374000.0,110657000.0,0.0,0.0,406717000.0,0.0,57439000.0,77403700.0,38114700.0,8.649132405815227,0.0,0.10371220818982013,0.4849038018381124,-0.0008215926726105344,8.649132405815227,-0.0012199860831217184,19.949407216494844,-143.34018518518516,0.6994921243120633,-1.2296296296296296,0.0,0.002144600322723591,0.0074994104844851115,0.0,-0.0002609330967539923,-36.40813734713076,0.0,-1.25,-1.333758448353548,0.0,0.0,0.0,-1.266798418972332,-1.3730814639905549,-1.3728558605596375,0.47146012751880956,1.6090705388705373,Banks—Regional,Financial Services,NECB
2009Q1,2009,Q1,2009-03-31,2009-03-31,506000.0,3928000.0,847000.0,0.04,0.0,0.0,458109000.0,110899000.0,0.0,0.0,347210000.0,0.0,57740000.0,71095720.0,81557720.0,8.672792680065692,0.0,0.1203425385661491,0.49711900017132704,0.0030476603484933355,8.672792680065692,0.004562710213798141,18.099725050916497,35.12634387351779,0.6410853118603413,0.32608695652173914,0.0,0.002320814811355733,0.008574378586755554,0.0,0.0011045406224282866,-13.291404000747804,0.0,-0.13043478260869562,0.25166093320881955,0.0,0.0,0.0,-0.13798977853492334,0.053482587064676616,0.16045280326829617,0.41911166709269876,1.5341736141515194,Banks—Regional,Financial Services,NECB
2008Q4,2008,Q4,2008-12-31,2008-12-31,587000.0,4134000.0,804000.0,0.046,0.0,0.0,424228000.0,110502000.0,0.0,0.0,313726000.0,0.0,57399000.0,66153780.0,76226780.0,8.652572233967582,0.0,0.11103698954335876,0.42628187725109046,0.0037244538630898374,8.652572233967582,0.0053121210475828495,16.002365747460086,28.174522998296418,0.5986659064994299,0.0,0.0,0.0,0.009744759893264942,0.0,0.0013836899025995455,87.73710875331565,0.0,0.14999999999999997,0.4952295746377113,0.0,1.6747860614740744,0.0,0.08302583025830258,-0.08114285714285714,0.1759681076042034,0.0,1.5515566648819819,Banks—Regional,Financial Services,NECB
2008Q3,2008,Q3,2008-09-30,2008-09-30,542000.0,3784000.0,875000.0,0.04,0.0,0.0,406955000.0,110054000.0,0.0,0.0,296901000.0,0.0,56978000.0,76266750.0,63542750.0,8.614794520547946,0.0,0.07531299529432,0.2784905591800389,0.0038520855987434527,8.614794520547946,0.004924855071146892,20.155060782241016,35.17839022140221,0.6929938939066276,0.0,0.0,0.0,0.009298325367669644,0.0,0.0013318425870182207,41.314599133261105,0.0,0.3333333333333334,0.34197128582940034,0.0,0.0,0.0,0.21797752808988763,0.22206703910614525,0.05363608987810342,0.0,0.0,Banks—Regional,Financial Services,NECB
2008Q2,2008,Q2,2008-06-30,2008-06-30,445000.0,3616000.0,716000.0,0.03,0.0,0.0,380914000.0,109618000.0,0.0,0.0,271296000.0,0.0,56600000.0,107123520.0,89220520.0,8.585369674185463,0.0,0.03937896743096867,0.1368388403364411,0.0035709127092394357,8.585369674185463,0.004059552263314419,29.624867256637167,60.18175280898876,0.977243883303837,0.33707865168539325,0.0,0.0014002527176104741,0.009492956415358847,0.0,0.0011682427004520706,-311.40558139534886,0.0,-0.25000000000000006,0.10240705163644417,0.0,0.0,0.0,-0.1571969696969697,-0.19096045197740114,-0.13445550765090433,0.0,0.0,Banks—Regional,Financial Services,NECB
2008Q1,2008,Q1,2008-03-31,2008-03-31,528000.0,3657000.0,885000.0,0.04,0.0,0.0,383607000.0,109264000.0,0.0,0.0,274343000.0,0.0,56319000.0,112679630.0,78259630.0,8.562338374735523,0.0,0.039102518984272965,0.1372821789427442,0.0042490182192750905,8.562338374735523,0.004832332698784595,30.812039923434508,53.35209753787879,1.0312603419241468,0.3125,0.0,0.0014643285569894045,0.009533194128365749,0.0,0.0013764086682464085,196.64856893542756,0.0,-0.105145413870246,0.30874205875438493,0.0,0.0,0.0,-0.07368421052631578,-0.04838709677419355,0.02754647584932626,0.0,0.0,Banks—Regional,Financial Services,NECB
2007Q4,2007,Q4,2007-12-31,2007-12-31,570000.0,3396000.0,930000.0,0.0447,0.0,0.0,343895000.0,108829000.0,0.0,0.0,235066000.0,0.0,55956000.0,112538350.0,73392350.0,8.538956453511181,0.0,0.0,0.0,0.005237574543549973,8.538956453511181,0.005237574543549973,33.1385011778563,49.35892543859649,1.0340842054966966,0.0,0.0,0.0,0.009875107227496766,0.0,0.0016574826618589976,987.1785087719298,0.0,0.1174999999999999,0.45488845633260727,0.0,1.6396637998262302,0.0,0.02888086642599278,0.04377104377104377,0.45488845633260727,0.0,1.6396637998262302,Banks—Regional,Financial Services,NECB
2007Q3,2007,Q3,2007-09-30,2007-09-30,554000.0,3253000.0,891000.0,0.04,0.0,0.0,317673000.0,108365000.0,0.0,0.0,209308000.0,0.0,55550000.0,102756940.0,67513940.0,8.499882343713232,0.0,0.0,0.0,0.0051123517740968025,8.499882343713232,0.0051123517740968025,31.588361512450046,46.370460288808665,0.9482484196927053,0.0,0.0,0.0,0.010240089651937683,0.0,0.00174393165298908,-32.313503144654085,0.0,-0.9518072289156626,0.37448020375300495,0.0,0.0,0.0,-0.9478490068718818,-0.9527521476296532,0.37448020375300495,0.0,0.0,Banks—Regional,Financial Services,NECB
2007Q2,2007,Q2,2007-06-30,2007-06-30,10623000.0,21935000.0,18858000.0,0.83,0.0,0.0,306344000.0,107914000.0,0.0,0.0,198430000.0,0.0,55160000.0,109963460.00000001,72590460.00000001,8.469157118191807,0.0,0.01305721672368318,0.037066552995904146,0.09492110013045733,8.469157118191807,0.09843949811887244,5.013150672441305,2.587862656500047,1.0189916044257463,0.0,0.0,0.0,0.07160251220849764,0.0,0.03467670331392161,175.38031897926638,0.0,26.666666666666664,25.37026088341474,0.0,0.0,0.0,26.23846153846154,0.0,25.37026088341474,0.0,0.0,Banks—Regional,Financial Services,NECB
2007Q1,2007,Q1,2007-03-31,2007-03-31,390000.0,2867000.0,0.0,0.03,0.0,0.0,289843000.0,97210000.0,0.0,0.0,192633000.0,0.0,44537000.0,114496640.0,87244640.0,7.632694723618091,0.0,0.0,0.0,0.0,7.632694723618091,0.004011932928711038,39.9360446459714,73.39528205128205,1.1778277954942906,0.0,0.0,0.0,0.009891561983556615,0.0,0.0013455560424091664,-1100.9292307692308,0.0,0.22950819672131134,-0.03141798145137448,0.0,0.0,0.0,0.2540192926045016,-1.0,-0.03141798145137448,0.0,0.0,Banks—Regional,Financial Services,NECB
