Quarters,Year,Quarter,FillingDate,Date,NetIncome,Revenue,OperatingIncome,EPSDiluted,GrossProfit,GrossProfitRatio,TotalAssets,CommonStockEquity,CurrentAssets,CurrentLiability,TotalLiability,Inventory,RetainedEarnings,MarketCap,EnterpriseValue,bookValuePerShare,currentRatio,debtToAssets,debtToEquity,roic,shareholdersEquityPerShare,roe,priceToSalesRatio,peRatio,pbRatio,payoutRatio,inventoryTurnover,dividendYield,assetTurnover,quickRatio,returnOnAssets,priceToFreeCashFlowsRatio,grossProfitMargin,epsdilutedGrowth,fiveYNetIncomeGrowthPerShare,fiveYRevenueGrowthPerShare,fiveYShareholdersEquityGrowthPerShare,grossProfitGrowth,netIncomeGrowth,operatingIncomeGrowth,threeYNetIncomeGrowthPerShare,threeYRevenueGrowthPerShare,threeYShareholdersEquityGrowthPerShare,Industry,Sector,Symbol
2023Q1,2023,Q1,2023-05-09,2023-03-31,41092000.0,76067000.0,43357000.0,1.43,70444000.0,0.9260783257,2413236000.0,1958147000.0,57511000.0,152205000.0,455089000.0,0.0,-127363000.0,2123901274.53,2386094274.5299997,70.05956082536275,0.37785223875693963,0.12425100570354496,0.15312793166192323,0.01921183698663373,70.05956082536275,0.02098514565045423,27.921454435300458,12.921622667003309,1.084648534829101,1.2289983451766768,0.0,0.023777941378737406,0.031520746416844436,0.3683256134818173,0.0170277585781084,32.869587633558254,0.9260783256865658,-0.02054794520547947,5.236584554149571,4.793276357432393,1.7169749177248805,0.048695160257841694,-0.009974461523635137,-0.019959312839059676,0.9547027639137592,1.033031590275123,0.2873898496907723,REIT—Industrial,Real Estate,IIPR
2022Q4,2022,Q4,2023-02-28,2022-12-31,41506000.0,70461000.0,44240000.0,1.46,67173000.0,0.9533358879,2414836000.0,1961893000.0,106593000.0,149547000.0,452943000.0,0.0,-117392000.0,2831597785.3999996,3045970785.3999996,70.22108032970918,0.7127725731709763,0.12485112860666314,0.15367555722967563,0.02124169512735471,70.22108032970918,0.02115609770767315,40.18673855608066,17.055352150291522,1.443298786121363,1.1923336385100949,0.0,0.017477411606680232,0.02917837898722729,0.7030766247400483,0.017187916694963966,51.15342399783217,0.9533358879380083,0.10606060606060598,13.399859581125229,5.502333327994801,4.617390453149332,-0.013032618277990009,0.10341344108889834,0.06973595125253892,0.7861186884803755,0.6989689994056745,0.5254893815220064,REIT—Industrial,Real Estate,IIPR
2022Q3,2022,Q3,2022-11-09,2022-09-30,37616000.0,70883000.0,41356000.0,1.32,68060000.0,0.9601738075,2430734000.0,1966915000.0,96221000.0,160664000.0,463819000.0,0.0,-108058000.0,2472563268.0,2696783268.0,70.40142501219103,0.5988958322959718,0.12389796662242764,0.15311439487725703,0.016421017088815878,70.40142501219103,0.019124364804783123,34.88231688839355,16.432922612717995,1.257076827417555,1.314307741386644,0.0,0.019995039415104665,0.029161150500219276,0.5890616441766668,0.015475161000751213,43.535642286156985,0.9601738075420059,-0.07042253521126751,12.675489581027,4.520936001579768,2.983278811962277,-0.0003525057282180835,-0.06460436663848411,-0.06315694092062342,1.2546697451579494,1.397342371595747,0.7089937586854828,REIT—Industrial,Real Estate,IIPR
2022Q2,2022,Q2,2022-08-04,2022-06-30,40214000.0,70511000.0,44144000.0,1.42,68084000.0,0.9655798386,2425682000.0,1975772000.0,63660000.0,146976000.0,449910000.0,0.0,-94833000.0,3059941137.07,3315361137.07,70.94191029042467,0.4331319399085565,0.12402779919214472,0.1522706061225688,0.019386739272660804,70.94191029042467,0.02035356306294451,43.39664927557403,19.02285980672154,1.548731906854637,1.1480578902869647,0.0,0.015087871933447537,0.029068525882617754,0.42952590899194426,0.016578430313619014,49.27679496706765,0.9655798386067422,0.06766917293233071,12.513549493415626,5.609191964868418,2.980056673245922,0.08896068583858482,0.15120806137638843,0.10700403741505128,3.0910008628363768,1.84028618238664,1.5763785414385632,REIT—Industrial,Real Estate,IIPR
2022Q1,2022,Q1,2022-05-05,2022-03-31,34932000.0,64504000.0,39877000.0,1.33,62522000.0,0.9692732234,2108108000.0,1646661000.0,60549000.0,155761000.0,461447000.0,0.0,-85608000.0,5262399966.2,5522841966.2,64.27184774482906,0.3887301699398437,0.14398503302487348,0.1843342375874573,0.02037883830686297,64.27184774482906,0.021213838185273108,81.58253699305469,37.661742572712704,3.195800450851754,1.1023989465246764,0.0,0.007317763804982597,0.030598052851182198,0.3763393917604535,0.016570308542067105,87.87656078752254,0.9692732233659928,0.8472222222222224,8.728538301280036,5.365494708645555,2.551926654544481,0.0946303202198995,0.8582827960421321,0.036789558525297694,2.619187692622207,2.56631425370481,1.3145622085731594,REIT—Industrial,Real Estate,IIPR
2021Q4,2021,Q4,2022-02-24,2021-12-31,18798000.0,58943000.0,38462000.0,0.72,57117000.0,0.9690209185,2084602000.0,1611699000.0,99335000.0,145644000.0,472903000.0,0.0,-75218000.0,6294572816.3,6539568816.3,67.31700410117313,0.682039768201917,0.1564289010564127,0.20232810220767028,0.013032124679840745,67.31700410117313,0.011663468178611514,106.79084566954516,83.71333142222578,3.9055511086747594,1.860251090541547,0.0,0.005555420680724614,0.02827542139938463,0.6454917469995332,0.00901754867355975,131.71869122583075,0.969020918514497,-0.20879120879120885,1.336435355968944,29.88919747678313,2.731232544200433,0.0881293936103332,-0.213308223477715,0.059763590775080595,0.67760350636533,3.8214767928571565,1.3858775155218306,REIT—Industrial,Real Estate,IIPR
2021Q3,2021,Q3,2021-11-04,2021-09-30,23895000.0,53856000.0,36293000.0,0.91,52491000.0,0.9746546346,2102085000.0,1511131000.0,136223000.0,157666000.0,590954000.0,0.0,-65001000.0,5522775438.29,5827357438.29,63.25228269251545,0.86399731077087,0.20545315722247198,0.2857991795549161,0.014831146596492383,63.25228269251545,0.015812659524554788,102.54707810253268,57.781705778300896,3.654729760881088,1.4196275371416613,0.0,0.006142201575826369,0.02562027701068225,0.86399731077087,0.011367285338128572,107.09902531250606,0.9746546345811051,-0.22222222222222215,17.75312907365791,0.0,417115.43114158814,0.08486101064379456,-0.18555506322642218,0.10179113539769277,2.6232957384195683,2.810711027072723,1.7783605990064886,REIT—Industrial,Real Estate,IIPR
2021Q2,2021,Q2,2021-08-05,2021-06-30,29339000.0,48867000.0,32940000.0,1.17,48385000.0,0.9901364929,2090848000.0,1515167000.0,162314000.0,141303000.0,575681000.0,0.0,-58774000.0,4563422146.22,4838295146.22,63.42327995663079,1.1486946490874221,0.20622589494788718,0.28458051158717157,0.014846745099665725,63.42327995663079,0.01936354210459969,93.38453652198825,38.885290451446885,3.01182783562472,1.0906302191622073,0.0,0.00701184308063736,0.02337185677772846,1.1486946490874221,0.014032105633695037,97.54236803650821,0.990136492929789,0.11428571428571417,10.792631416625113,4.339853140246064,2.558238671571324,0.14887807194586253,0.1316002622748486,0.19020089608324903,2.7833048710382085,3.095763820072923,1.7763614544149955,REIT—Industrial,Real Estate,IIPR
2021Q1,2021,Q1,2021-05-06,2021-03-31,25927000.0,42885000.0,27676000.0,1.05,42115000.0,0.9820450041,1797930000.0,1517618000.0,122133000.0,142096000.0,280312000.0,0.0,-54191000.0,4303913943.68,4319996943.68,63.526841488429305,0.859510471793717,0.07687507300061738,0.0910743019653167,0.015577327604358687,63.526841488429305,0.01708400928296844,100.35942505957794,41.500308015582206,2.835966589537024,1.1465653565780847,0.0,0.006906968956396548,0.023852430294839064,0.859510471793717,0.014420472432185904,101.01187438227564,0.9820450040806809,0.15384615384615385,1.1449411616363194,7.369325718635194,0.0,0.16746132948938294,0.21534711479866872,0.21062070775556624,3.603779112142513,2.8212552397897723,1.4636299870133114,REIT—Industrial,Real Estate,IIPR
2020Q4,2020,Q4,2021-02-26,2020-12-31,21333000.0,37093000.0,22861000.0,0.91,36074000.0,0.9725285094,1768081000.0,1524972000.0,126006000.0,105359000.0,243109000.0,0.0,-48120000.0,4176130399.0499997,4187874399.0499997,66.87246222568358,1.1959680710712897,0.07790932655234686,0.09032952736181385,0.012756234626068971,66.87246222568358,0.01398910930823648,112.58540422856063,48.93979279812966,2.7384964439019206,1.1706745417897155,0.0,0.005980177248699219,0.020979242466832686,1.1959680710712897,0.012065623690317355,121.98067528478794,0.972528509422263,0.058139534883720985,1.4008542741984022,19.408493601959993,2.706592571949238,0.14856087620988284,0.1102263856362217,0.1193752142192626,8.067604391738323,3.19377997175314,4.349515118841237,REIT—Industrial,Real Estate,IIPR
2020Q3,2020,Q3,2020-11-05,2020-09-30,19215000.0,34327000.0,20423000.0,0.86,31408000.0,0.9149648964,1499850000.0,1269996000.0,612252000.0,92567000.0,229854000.0,0.0,-39387000.0,2680110398.07,2656323398.07,58.81071304880003,6.6141497509911735,0.09153382004867153,0.1081003404735133,0.013589257565285824,58.81071304880003,0.015129968913287916,78.07587024994902,34.870028598360655,2.1103297947946293,1.0464741087691907,0.0,0.007502676014570208,0.022886955362202886,6.6141497509911735,0.012811281128112811,80.07978959214773,0.9149648964372069,0.17808219178082194,15.904221358293729,0.0,387825.5525855908,0.3123850910914257,0.4436513899323817,0.44067437923250563,8.037928356740073,2.4591126633250098,2.327481896326859,REIT—Industrial,Real Estate,IIPR
2020Q2,2020,Q2,2020-08-06,2020-06-30,13310000.0,24346000.0,14176000.0,0.73,23932000.0,0.9829951532,1179148000.0,969971000.0,384897000.0,72367000.0,209177000.0,0.0,-32277000.0,1543054062.4199998,1629690062.4199998,55.32978364095806,5.318681166830185,0.11602445155315533,0.1410454539362517,0.011962537972360625,55.32978364095806,0.0137220597316827,63.38018822065226,28.982983892186326,1.5908249446839131,1.3077385424492862,0.0,0.011280226936898018,0.02064711130409414,5.160211145964321,0.011287811199272696,65.55030001784196,0.9829951532079192,0.013888888888888902,7.054024633513429,2.6253778713026645,2.1041689419966416,0.16570871894788114,0.12112533692722371,0.1546794819581331,7.054024633513429,2.6253778713026645,2.1041689419966416,REIT—Industrial,Real Estate,IIPR
2020Q1,2020,Q1,2020-05-07,2020-03-31,11872000.0,21130000.0,12277000.0,0.72,20530000.0,0.971604354,1080470000.0,858979000.0,404200000.0,85133000.0,221491000.0,0.0,-25480000.0,1198501595.2800002,1226598595.2800002,54.4198486901158,4.747865105188352,0.12620248595518616,0.15874427663540086,0.011899343707918031,54.4198486901158,0.013821059653379186,56.72037838523428,25.237988445080866,1.395262975323029,1.064521563342318,0.0,0.010544833690477855,0.019556304200949587,4.477323717007506,0.010987810860088666,61.24177799080226,0.9716043539990534,-0.07692307692307698,1.1004484748935022,5.241148872512315,0.0,0.18684240952711295,0.19894970712987275,0.1579890586681758,5.263399181891311,2.384567729084942,2.007464665806987,REIT—Industrial,Real Estate,IIPR
2019Q4,2019,Q4,2020-03-02,2019-12-31,9902000.0,17672000.0,10602000.0,0.78,17298000.0,0.9788365776,745857000.0,548010000.0,117316000.0,61991000.0,197847000.0,0.0,-19944000.0,903233943.2700001,956845943.2700001,46.03183816307422,1.8924682615218338,0.18214751621289335,0.24790788489261145,0.014381805963006823,46.03183816307422,0.018069013339172643,51.111019877206886,22.80433102580287,1.6482070459845624,0.7929711169460715,0.0,0.008693207400480558,0.023693549835960514,1.326708715781323,0.01327600330894528,45.50755457829505,0.9788365776369398,0.4181818181818181,1.3564034481470966,17.624691281432437,1.5514429068366224,0.5447401321664583,0.5187116564417178,0.5543175487465181,1.3564034481470966,17.624691281432437,1.5514429068366224,REIT—Industrial,Real Estate,IIPR
2019Q3,2019,Q3,2019-11-07,2019-09-30,6520000.0,11555000.0,6821000.0,0.55,11198000.0,0.9691042839,623150000.0,449783000.0,318099000.0,39147000.0,173367000.0,0.0,-16871000.0,1008539720.49,1042780720.49,41.194664787039436,8.125756762970342,0.21529005857337719,0.29827272262402094,0.011141714901170314,41.194664787039436,0.014495879123933096,87.2816720458676,38.67100155253068,2.2422806564276554,0.9544478527607362,0.0,0.006170307300317878,0.018542886945358262,7.886811249904207,0.01046297039236139,96.33582199732544,0.969104283859801,0.8333333333333336,11.002310761839768,0.0,271656.73038697266,0.35241545893719806,0.9109026963657679,0.675098231827112,11.002310761839768,0.0,271656.73038697266,REIT—Industrial,Real Estate,IIPR
2019Q2,2019,Q2,2019-08-08,2019-06-30,3412000.0,8617000.0,4072000.0,0.3,8280000.0,0.9608912615,430721000.0,266188000.0,196185000.0,30865000.0,164533000.0,0.0,-14187000.0,1208578216.58,1294814216.58,27.535515123027338,6.356228738052811,0.31033546077391166,0.5021563706853802,0.008213789320544609,27.535515123027338,0.012818008324943272,140.2551023070674,88.5535035594959,4.5403181833140485,0.0,0.0,0.0,0.020005989956375474,6.03152438036611,0.007921601222136835,142.87483350041376,0.9608912614599049,-0.09090909090909098,3.81436007457428,1.3269457866090228,0.5448260452532695,0.2591240875912409,-0.06289480911837407,0.18372093023255814,3.81436007457428,1.3269457866090228,0.5448260452532695,REIT—Industrial,Real Estate,IIPR
2019Q1,2019,Q1,2019-05-09,2019-03-31,3641000.0,6823000.0,3440000.0,0.33,6576000.0,0.9637989154,420408000.0,268376000.0,256953000.0,18836000.0,152032000.0,0.0,-11376000.0,772602113.5,846574113.5,27.768468484781074,13.64159057124655,0.3168255599322563,0.4963036933257817,0.009039235485946437,27.768468484781074,0.013566786895996661,113.23495727685768,53.04875813650096,2.87880478694071,0.9395770392749244,0.0,0.004427893659910367,0.016229472322125172,13.64159057124655,0.008660634431314342,125.46315581357584,0.9637989154330939,-0.2826086956521739,1.0503122346118874,2.2913486178422393,0.0,0.39825643206463957,-0.16947992700729927,0.9037078029883785,1.0503122346118874,2.2913486178422393,0.0,REIT—Industrial,Real Estate,IIPR
2018Q4,2018,Q4,2019-03-14,2018-12-31,4384000.0,4783000.0,1807000.0,0.46,4703000.0,0.9832740958,281466000.0,264292000.0,133493000.0,17174000.0,17174000.0,0.0,0.0,425174847.72,412124847.72,28.214777859813893,7.772970769768254,0.0,0.0,0.011243060186141386,28.214777859813893,0.01658771358951463,88.89292237507841,24.24582845118613,1.6087314323551225,0.31386861313868614,0.0,0.003236315617865919,0.016993171466535922,7.772970769768254,0.015575593499747749,69.2241692803647,0.9832740957558018,1.1904761904761905,1.2005452150597014,5.406584290220865,0.5638826888329809,0.26560818083961246,1.3930131004366813,0.15022278803309994,1.2005452150597014,5.406584290220865,0.5638826888329809,REIT—Industrial,Real Estate,IIPR
2018Q3,2018,Q3,2018-11-08,2018-09-30,1832000.0,3926000.0,1571000.0,0.21,3716000.0,0.9465104432,166212000.0,151090000.0,57002000.0,15101000.0,15122000.0,0.0,-145000.0,311590154.1,258571154.10000002,22.766045096930103,3.7747169061651547,0.0,0.0,0.013360461288436489,22.766045096930103,0.012125223376795287,79.36580593479368,42.52049046124454,2.0622817797339335,0.0,0.0,0.0,0.023620436550910884,3.7747169061651547,0.011022068202055207,53.19961654430596,0.9465104431991849,-0.34375000000000006,5.623726651958417,0.0,150129.41550140915,0.1447935921133703,-0.14948932219127206,0.27103559870550165,5.623726651958417,0.0,150129.41550140915,REIT—Industrial,Real Estate,IIPR
2018Q2,2018,Q2,2018-08-13,2018-06-30,2154000.0,3314000.0,1236000.0,0.32,3246000.0,0.9794809897,161699000.0,151585000.0,78604000.0,10083000.0,10114000.0,0.0,-1977000.0,242997539.61999997,221812539.61999997,22.844028415599315,7.795695725478528,0.0,0.0,0.011389995904495031,22.844028415599315,0.014209849259491375,73.32454424260712,28.203057058960074,1.6030447578586269,0.0,0.0,0.0,0.02049487009814532,7.795695725478528,0.01332104713078003,103.88949962377083,0.9794809897404949,0.3913043478260869,3.588380199436012,0.30375025876150036,0.28161938925963,0.21255136346656706,0.5529920692141312,0.7071823204419889,3.588380199436012,0.30375025876150036,0.28161938925963,REIT—Industrial,Real Estate,IIPR
2018Q1,2018,Q1,2018-05-10,2018-03-31,1387000.0,2764000.0,724000.0,0.23,2677000.0,0.9685238784,158898000.0,151714000.0,91586000.0,7184000.0,7184000.0,0.0,-3519000.0,157386567.5,115310567.5,25.7858695596751,12.748608017817372,0.0,0.0,0.007004184216570682,25.7858695596751,0.009142201774391288,56.94159460926194,28.368162851478008,1.0373898750280133,0.6308579668348955,0.0,0.005559559585667944,0.017394806731362258,12.657572383073497,0.00872887009276391,116.1524483394834,0.9685238784370478,1.3,1.0314830833768796,1.1902032692000013,0.0,0.20152603231597846,1.28500823723229,0.26352530541012215,1.0314830833768796,1.1902032692000013,0.0,REIT—Industrial,Real Estate,IIPR
2017Q4,2017,Q4,2018-03-29,2017-12-31,607000.0,2282000.0,573000.0,0.1,2228000.0,0.9763365469,80028000.0,73549000.0,12240000.0,6438000.0,6479000.0,0.0,-4464000.0,190099439.10000002,178341439.10000002,12.500658609255202,1.9012115563839702,0.0,0.0,0.00822710780424701,12.500658609255202,0.008253001400426927,83.30387340052586,78.29466190280066,2.584663817319066,1.729818780889621,0.0,0.005523425029400836,0.02851501974308992,1.8263435849642746,0.0075848453041435495,-79.84016761864764,0.9763365468886941,0.11111111111111122,1.0442072963134152,3.866372041313498,-0.3071161610714121,0.4903010033444816,0.8173652694610778,0.9423728813559322,1.0442072963134152,3.866372041313498,-0.3071161610714121,REIT—Industrial,Real Estate,IIPR
2017Q3,2017,Q3,2017-11-09,2017-09-30,334000.0,1559000.0,295000.0,0.09,1495000.0,0.9589480436,70143000.0,59960000.0,23551000.0,9993000.0,10183000.0,0.0,-5071000.0,63439899.599999994,41235899.599999994,17.67423982493188,2.356749724807365,0.0,0.0,0.005494431417352087,17.67423982493188,0.005570380253502335,40.692687363694674,47.48495479041916,1.0580370180120078,0.0,0.0,0.0,0.022226023979584564,2.2219553687581306,0.0047617010963317795,-7929.98745,0.9589480436177037,1.5000000000000002,2.6490749616507903,0.0,116551.5657746492,0.15981380915438323,1.7914691943127963,1.6344086021505377,2.6490749616507903,0.0,116551.5657746492,REIT—Industrial,Real Estate,IIPR
2017Q2,2017,Q2,2017-08-10,2017-06-30,-422000.0,1289000.0,-465000.0,-0.18,1289000.0,1.0,63912000.0,59978000.0,26009000.0,3934000.0,3934000.0,0.0,-5405000.0,56362879.0,30606879.0,17.82434676553694,6.611337061514997,0.0,0.0,-0.011114857438248684,17.82434676553694,-0.0070359131681616595,43.72605042668735,-33.39033116113744,0.9397258828237021,0.0,0.0,0.0,0.02016835649017399,6.547025927808846,-0.0066028288897233695,64.41471885714286,1.0,0.0,0.0,0.0,0.0,-0.027169811320754716,0.2859560067681895,0.2131979695431472,0.0,0.0,0.0,REIT—Industrial,Real Estate,IIPR
2017Q1,2017,Q1,2017-05-11,2017-03-31,-591000.0,1325000.0,-591000.0,-0.18,1325000.0,1.0,63507000.0,60618000.0,33619000.0,2889000.0,2889000.0,0.0,-4983000.0,57150999.99999999,23799999.999999993,18.094925373134327,11.636898580823814,0.0,0.0,-0.009749579332871424,18.094925373134327,-0.009749579332871424,43.13283018867924,-24.175549915397628,0.942805767263849,0.0,0.0,0.0,0.020863841781220967,11.544132917964694,-0.009306060749208749,91.58814102564101,1.0,0.9227467811158797,0.9764393455531551,0.8440017668666016,0.0,6.361111111111111,0.9244052187260169,0.13722627737226278,0.9764393455531551,0.8440017668666016,0.0,REIT—Industrial,Real Estate,IIPR
2016Q4,2016,Q4,2017-03-23,2016-12-31,-7818000.0,267000.0,-685000.0,-2.33,180000.0,0.6741573034,63327000.0,60439000.0,33279000.0,2888000.0,2888000.0,0.0,-4392000.0,60936500.00000001,27933500.000000007,18.041492537313434,11.52319944598338,0.0,0.0,-0.021137211527009314,18.041492537313434,-0.12935356309667598,228.22659176029964,-1.9485961882834484,1.0082314399642616,0.0,0.0,0.0,0.0042162110947936895,11.427631578947368,-0.12345445070822872,35.99320732427644,0.6741573033707865,-38.028475711892796,0.0,0.0,0.0,0.0,-38.09,-2.425,0.0,0.0,0.0,REIT—Industrial,Real Estate,IIPR
2016Q3,2016,Q3,2016-09-30,2016-09-30,-200000.0,0.0,-200000.0,-0.0597,0.0,0.0,375508.0,508.0,375508.0,375000.0,375000.0,0.0,-200000.0,64152499.99999999,64151991.99999999,0.00015164179104477612,1.0013546666666666,0.0,0.0,-393.7007874015748,0.00015164179104477612,-393.7007874015748,0.0,-80.190625,126284.44881889762,0.0,0.0,0.0,0.0,0.0013546666666666666,-0.5326118218519978,0.0,0.0,0.0,0.0,0.0,0.0,0.0,0.0,0.0,0.0,0.0,0.0,REIT—Industrial,Real Estate,IIPR
2016Q1,2016,Q1,2016-03-31,2016-03-31,-11206000.0,321000.0,2822000.0,-7.49,234000.0,0.7289719626,,,,,,,,28659200.599999998,,,0.0,0.0,0.0,0.0,,0.0,89.28099875389407,-0.6393717785115116,0.0,,0.0,,0.0,0.0,0.0,0.0,0.7289719626168224,0.0,0.0,0.0,0.0,0.0,0.0,0.0,0.0,0.0,0.0,REIT—Industrial,Real Estate,IIPR
