Year,Date,FillingDate,NetIncome,Revenue,OperatingIncome,EPSDiluted,GrossProfit,GrossProfitRatio,TotalAssets,CommonStockEquity,CurrentAssets,CurrentLiability,TotalLiability,Inventory,RetainedEarnings,EnterpriseValue,bookValuePerShare,currentRatio,debtToAssets,debtToEquity,roic,shareholdersEquityPerShare,roe,priceToSalesRatio,peRatio,pbRatio,payoutRatio,inventoryTurnover,dividendYield,assetTurnover,quickRatio,returnOnAssets,priceToFreeCashFlowsRatio,grossProfitMargin,epsdilutedGrowth,fiveYNetIncomeGrowthPerShare,fiveYRevenueGrowthPerShare,fiveYShareholdersEquityGrowthPerShare,grossProfitGrowth,netIncomeGrowth,operatingIncomeGrowth,threeYNetIncomeGrowthPerShare,threeYRevenueGrowthPerShare,threeYShareholdersEquityGrowthPerShare,Industry,Sector,Price,MarketCap,AvgVolume,Symbol
2022,2022-12-31,2023-02-28,154386000.0,276359000.0,169617000.0,5.52,265839000.0,0.9619335719,2414836000.0,1961893000.0,106593000.0,149547000.0,452943000.0,0.0,-117392000.0,2985793513.45,71.74582658424394,0.7127725731709763,0.12485112860666314,0.15367555722967563,0.07662668790638738,71.74582658424394,0.07869236497607159,10.02833457007009,17.95124242774604,1.4126257208981323,1.1914487064889303,0.0,0.06637137854299086,0.11444214017018133,0.7030766247400483,0.0639322918823473,11.83710124055012,0.9619335719118972,0.21318681318681315,4763.085755859187,4.313372100118554,2.292533420394203,0.3284776220840746,0.3543819633301167,0.25297885071396387,1.536366835925928,1.386143618192664,0.38069129229514415,REIT—Industrial,Real Estate,74.81,2097298350,310939,IIPR
2021,2021-12-31,2022-02-24,113990000.0,204551000.0,135371000.0,4.55,200108000.0,0.9782792555,2084602000.0,1611699000.0,99335000.0,145644000.0,472903000.0,0.0,-75218000.0,6529338199.47,67.42659305308614,0.682039768201917,0.1564289010564127,0.20232810220767028,0.06759578042118705,67.42659305308614,0.07072660589849593,30.72261782865887,55.1306447887534,3.899203386904131,1.1606807614703045,0.0,0.02105327746333709,0.09812472596687521,0.6454917469995332,0.05468190090962208,33.295057402077916,0.9782792555401831,0.3914373088685015,1.3888983128105479,24.66661870051136,0.07408524506833343,0.7875723576073751,0.7342157310208428,0.9411646615139739,2.3120556794328113,3.1314573680151474,0.8213007254457775,REIT—Industrial,Real Estate,74.81,2097298350,310939,IIPR
2020,2020-12-31,2021-02-26,65730000.0,116896000.0,69737000.0,3.27,111944000.0,0.9576375582,1768081000.0,1524972000.0,126006000.0,105359000.0,243109000.0,0.0,-48120000.0,3572450834.2599998,78.43052948728327,1.1959680710712897,0.07790932655234686,0.09032952736181385,0.03935963083595735,78.43052948728327,0.043102430733154444,30.460467717116067,54.171715111212535,2.334932598277214,1.1686596683401795,0.0,0.02157324474480759,0.06611461805200101,1.1959680710712897,0.037175898615504605,-8.497863627437876,0.957637558171366,0.6108374384236455,0.0,0.0,0.0,1.5822107399889278,1.8,1.7967515540405052,2851.5760982970132,2.1608087610983637,2.5993053785905373,REIT—Industrial,Real Estate,74.81,2097298350,310939,IIPR
2019,2019-12-31,2020-03-02,23475000.0,44667000.0,24935000.0,2.03,43352000.0,0.9705599212,745857000.0,548010000.0,117316000.0,61991000.0,197847000.0,0.0,-19944000.0,853738233.9200001,51.96369889823797,1.8924682615218338,0.18214751621289335,0.24790788489261145,0.03413412539792308,51.96369889823797,0.04283680954727104,17.913140213580498,34.08418461853035,1.4600577250780096,1.0196379126730564,0.0,0.029915279596235834,0.059886814764760536,1.326708715781323,0.031473861611542156,-2.6761685784428497,0.970559921194618,0.43971631205673756,0.0,0.0,0.0,2.0227304420582906,1.2837824691117814,3.671225177969277,1.1815261516669762,11.703346112421997,-0.1722339845670666,REIT—Industrial,Real Estate,74.81,2097298350,310939,IIPR
2018,2018-12-31,2019-03-14,10279000.0,14787000.0,5338000.0,1.41,14342000.0,0.9699059985,281466000.0,264292000.0,133493000.0,17174000.0,17174000.0,0.0,0.0,310987031.28000003,37.02112018682854,7.772970769768254,0.0,0.0,0.029722066917135456,37.02112018682854,0.038892588500597826,21.91364247514709,31.524178546551223,1.2260569040303908,0.6461718065959724,0.0,0.02049765723924515,0.05253565261878877,7.772970769768254,0.03651950857297152,20.64850769642516,0.9699059985122067,1174.0,0.0,0.0,0.0,1.2757854649317677,2568.75,1778.3333333333333,0.0,0.0,0.0,REIT—Industrial,Real Estate,74.81,2097298350,310939,IIPR
2017,2017-12-31,2018-03-29,4000.0,6420000.0,3000.0,0.0012,6302000.0,0.9816199377,80028000.0,73549000.0,12240000.0,6438000.0,6479000.0,0.0,-4464000.0,97297426.04,21.79046266921539,1.9012115563839702,0.0,0.0,-2.266062987486801e-06,21.79046266921539,5.4385511699683204e-05,16.98682648598131,27263.85651,1.4827587872030892,262.5,0.0,0.009628131658619853,0.08022192232718549,1.8263435849642746,4.9982506122857e-05,-121.71364513392858,0.981619937694704,1.0000978792822186,0.0,0.0,0.0,25.931623931623932,1.0003388107741826,-0.999007279947055,0.0,0.0,0.0,REIT—Industrial,Real Estate,74.81,2097298350,310939,IIPR
2016,2016-12-31,2017-03-23,-11806000.0,321000.0,3022000.0,-12.26,234000.0,0.7289719626,63327000.0,60439000.0,33279000.0,2612000.0,2888000.0,0.0,-4392000.0,-15490122.75,62.77583028225702,12.740811638591119,0.0,0.0,0.1344056846248597,62.77583028225702,-0.1953374476745148,54.55725,-1.483387874809419,0.2897612013765946,0.0,0.0,0.0,0.005068927945426122,12.635145482388975,-0.18642916923271274,-0.6179779544091182,0.7289719626168224,-5.242214532871972,0.0,0.0,0.0,0.0,0.0,0.0,0.0,0.0,0.0,REIT—Industrial,Real Estate,74.81,2097298350,310939,IIPR
2015,2015-12-31,2015-12-31,0.0,0.0,0.0,2.89,0.0,0.0,,,,,,,,,,0.0,0.0,0.0,0.0,,0.0,0.0,0.0,0.0,0.0,0.0,,0.0,0.0,0.0,0.0,0.0,0.0,0.0,0.0,0.0,0.0,0.0,0.0,0.0,0.0,0.0,REIT—Industrial,Real Estate,74.81,2097298350,310939,IIPR
TTM,,,,,,,,,,,,,,,,2359491350.0,70.05956082536275,0.37785223875693963,0.12425100570354496,0.15312793166192323,0.07660038411056483,70.05956082536275,0.08161443224469067,7.284258757580178,13.03338926540255,1.067805722997303,1.219226070262049,0.0,0.0962438176714343,0.11930950806303238,0.3683256134818173,0.06647837177963531,8.780376744731267,0.9508165405908545,,,,,,,,,,,REIT—Industrial,Real Estate,74.81,2097298350,310939,IIPR
