Quarters,Year,Quarter,FillingDate,Date,NetIncome,Revenue,OperatingIncome,EPSDiluted,GrossProfit,GrossProfitRatio,TotalAssets,CommonStockEquity,CurrentAssets,CurrentLiability,TotalLiability,Inventory,RetainedEarnings,MarketCap,EnterpriseValue,bookValuePerShare,currentRatio,debtToAssets,debtToEquity,roic,shareholdersEquityPerShare,roe,priceToSalesRatio,peRatio,pbRatio,payoutRatio,inventoryTurnover,dividendYield,assetTurnover,quickRatio,returnOnAssets,priceToFreeCashFlowsRatio,grossProfitMargin,epsdilutedGrowth,fiveYNetIncomeGrowthPerShare,fiveYRevenueGrowthPerShare,fiveYShareholdersEquityGrowthPerShare,grossProfitGrowth,netIncomeGrowth,operatingIncomeGrowth,threeYNetIncomeGrowthPerShare,threeYRevenueGrowthPerShare,threeYShareholdersEquityGrowthPerShare,Industry,Sector,Symbol
2023Q1,2023,Q1,2023-05-12,2023-03-31,-2788206.0,0.0,-2904815.0,-1.38,0.0,0.0,12129476.0,10244431.0,11703053.0,1780582.0,1885045.0,0.0,-188407354.0,6660062.8038,-2083737.1962000001,5.059562932210438,6.572599857799304,0.03417624965827048,0.040464912106880316,-0.25962871073371824,5.059562932210438,-0.27216797106642626,0.0,-0.5971638038760407,0.6501154435810051,0.0,0.0,0.0,0.0,5.1434530956732125,-0.22987027634169852,-3.1583812755282294,0.0,-10.499999999999998,-193.80085010446822,0.0,350.1467074392469,-1.0,-10.384940159981706,-7.059639582148357,-739.8926127862401,0.0,1083.6911799113927,Biotechnology,Healthcare,OGEN
2022Q4,2022,Q4,2023-04-17,2022-12-31,-244903.0,131521.0,-360415.0,-0.12,131521.0,1.0,14758025.0,13009302.0,14289523.0,1596284.0,1748723.0,0.0,-185562517.0,12670229.604,1867970.6040000003,6.4747570467153155,8.951742296483584,0.04231772205291697,0.048006111319423596,-0.020845076390655304,6.4747570467153155,-0.01882522213720613,96.33617144030231,-12.933926497429594,0.9739361576816342,0.0,0.0,0.0,0.00891182932675612,7.158365929872128,-0.016594564652113,-5.2006587124436745,1.0,0.9396984924623116,-23.189707137583632,0.0,306.0013319147622,0.0,0.9369087359592099,0.9088378575258754,-94.38398291984774,0.0,1038.8778709758267,Biotechnology,Healthcare,OGEN
2022Q3,2022,Q3,2022-11-14,2022-09-30,-3881726.0,0.0,-3953560.0,-1.99,0.0,0.0,15040823.0,13338249.0,14513006.0,1497981.0,1702574.0,-6987.0,-185259858.0,26501060.52,13381496.52,6.855082318041512,9.688377889973237,0.05528221427776924,0.06233876725498227,-0.26874531731429796,6.855082318041512,-0.2910221574061183,0.0,-1.7067833046433467,1.9868470381682033,0.0,0.0,0.0,0.0,9.31790256351716,-0.2580793617476916,-6.950324874033681,0.0,0.03864734299516901,-265.5262640339214,0.0,1999.6580377736152,0.0,0.033978629063667096,0.023118880686907373,-1470.2518527469201,0.0,910.2729348901494,Biotechnology,Healthcare,OGEN
2022Q2,2022,Q2,2022-08-09,2022-06-30,-4018261.0,0.0,-4047125.0,-2.07,0.0,0.0,18465122.0,16787347.0,17969981.0,1460422.0,1677775.0,-6987.0,-181342215.0,40342430.747999996,22873124.747999996,8.653659725977402,12.304649614974302,0.021563735132646294,0.023718875889084796,-0.22933973635472216,8.653659725977402,-0.23936247937211283,0.0,-2.5099434026311385,2.403145103749866,0.0,0.0,0.0,0.0,12.239250024992776,-0.2176135635605332,-11.925733451381323,0.0,0.3322580645161291,-584.9647014959556,0.0,5060.224348582707,0.0,0.3320998427594552,0.3315540038794106,-1216.4721279318244,0.0,979.5015034413483,Biotechnology,Healthcare,OGEN
2022Q1,2022,Q1,2022-05-13,2022-03-31,-6016260.0,0.0,-6054528.0,-3.1,0.0,0.0,22203742.0,20541052.0,21649936.0,1408762.0,1662690.0,0.0,-177309522.0,40098001.71,19294176.71,10.58864598567049,15.368057911840324,0.025610007538368982,0.027683002798493474,-0.2799819308904622,10.58864598567049,-0.2928895754706234,0.0,-1.666234575550259,1.9520909498695591,0.0,0.0,0.0,0.0,15.171095614447294,-0.27095703057619747,-7.005242612725824,0.0,-10332.333333333334,-461.845979553944,0.0,2634.925961404521,-1.0,-1.6340466463546781,-1.631127953187911,-1744.3876781623387,0.0,665.4813631283378,Biotechnology,Healthcare,OGEN
2021Q4,2021,Q4,2022-03-24,2021-12-31,-2284037.0,86987.0,-2301115.0,-0.0003,86987.0,1.0,28230979.0,26486199.0,27707389.0,1445260.0,1744780.0,0.0,-171274128.0,186671773252.80002,186645304755.80002,0.003796881943582055,19.171214175996013,0.02823869480403071,0.03009892057369198,-0.08253332258259152,0.003796881943582055,-0.08623498600157765,2145973.228790509,-20432.21861694885,7047.888345655034,0.0,0.0,0.0,0.0030812604833859994,18.870438537010642,-0.08090534161071779,-98032.73289198805,1.0,0.5,0.9635478651511846,0.0,-0.6221404451861134,0.0,0.47770005147452443,0.47635941203175364,0.7765977338354381,0.0,-0.6666883107835135,Biotechnology,Healthcare,OGEN
2021Q3,2021,Q3,2021-11-15,2021-09-30,-4373037.0,0.0,-4394455.0,-0.0006,0.0,0.0,31091258.0,28546423.0,30535411.0,2195636.0,2544835.0,0.0,-168981552.0,265651512294.96,265622585040.96,0.0040922216903435445,13.907319337085017,0.032859332999648966,0.035788652049330315,-0.1456025385589438,0.0040922216903435445,-0.15319036644275888,0.0,-15186.900562181385,9305.947449001227,0.0,0.0,0.0,0.0,13.640189903973154,-0.14065165841793859,-51283.956928084335,0.0,-0.19999999999999987,0.9048694685304656,0.0,-0.7312013242035398,0.0,-0.15300630733672826,-0.14499521621858233,0.8368010995595778,0.0,-0.7903174491260481,Biotechnology,Healthcare,OGEN
2021Q2,2021,Q2,2021-08-16,2021-06-30,-3792726.0,0.0,-3837968.0,-0.0005,0.0,0.0,35247537.0,32733400.0,34661686.0,2115960.0,2514137.0,0.0,-164597806.0,294271798647.6,294237807744.6,0.004708588551019483,16.381068640238947,0.01656473188467041,0.017837010515253535,-0.11253939488603243,0.004708588551019483,-0.11586715709336641,0.0,-19397.116918517182,8989.955172624903,0.0,0.0,0.0,0.0,16.33999177678217,-0.10760258227404655,-141589.41708820377,0.0,0.375,0.580842316929177,0.0,-0.7839532892882484,0.0,0.2709674939114756,0.2672109487768927,0.9134083056611079,0.0,-0.5334439047035862,Biotechnology,Healthcare,OGEN
2021Q1,2021,Q1,2021-05-03,2021-03-31,-5202410.0,0.0,-5237480.0,-0.0008,0.0,0.0,37365811.0,36050467.0,36723651.0,868880.0,1315344.0,0.0,-160782459.0,336154503633.12,336118745382.12,0.005834917537433069,42.26550386704724,0.019873916292088508,0.02059903967402142,-0.1394915836608068,0.005834917537433069,-0.14430908759101513,0.0,-16153.78755389906,9324.553372169075,0.0,0.0,0.0,0.0,42.00908756099807,-0.13922914720089977,-77679.95815370281,0.0,0.33333333333333326,0.9021127241043234,-1.0,-0.5132571916358031,0.0,-0.21860700444702627,-0.15134223385647153,0.8808842379766393,0.0,-0.5950416846472537,Biotechnology,Healthcare,OGEN
2020Q4,2020,Q4,2021-03-01,2020-12-31,-4269145.0,0.0,-4549021.0,-0.0012,0.0,0.0,18680532.0,16844595.0,17982681.0,1342147.0,1835937.0,0.0,-154444983.0,96450649423.20001,96433908765.20001,0.004704928292487429,13.39844368761395,0.03865077290090025,0.0428634229555534,-0.24151826666334222,0.004704928292487429,-0.2534430183688002,0.0,-5648.124473588974,5725.9108588363215,-0.309878441702027,0.0,1.3715988517561906e-05,0.0,13.142804029662921,-0.22853444430811715,-26558.859467322913,0.0,0.07692307692307696,0.8725379869138128,-1.0,-0.7615845529680375,0.0,0.0480757803161066,-0.00901745576613439,0.7633533478780906,0.0,-0.7769152970627906,Biotechnology,Healthcare,OGEN
2020Q3,2020,Q3,2020-11-10,2020-09-30,-4484753.0,0.0,-4508367.0,-0.0013,0.0,0.0,11282204.0,9640345.0,10529268.0,1102478.0,1641859.0,0.0,-150035900.0,123516978660.0,123508120112.0,0.0026926816548477257,9.550547040394457,0.08965703864244964,0.10492663903625855,-0.3956543501201191,0.0026926816548477257,-0.46520669125430675,0.0,-6885.383579653105,12812.50605242862,0.0,0.0,0.0,0.0,9.110034848767958,-0.3975068169304508,-26474.04328457635,0.0,0.6666666666666666,0.8556811312127928,-1.0,-0.6083449194141103,0.0,0.6360453733990592,0.6350181901257952,0.8326474840836109,0.0,-0.21413997002507776,Biotechnology,Healthcare,OGEN
2020Q2,2020,Q2,2020-08-14,2020-06-30,-12322286.0,0.0,-12352306.0,-0.0039,0.0,0.0,10731940.0,8788050.0,9924513.0,1360024.0,1943890.0,0.0,-145539340.0,130435026362.64,130426283973.64,0.0028046833400631947,7.297307253401411,0.06671244900735561,0.0814690403445588,-1.20263368003195,0.0028046833400631947,-1.4021638474974538,0.0,-2646.3236278284726,14842.317278877566,0.0,0.0,0.0,0.0,7.080039028723022,-1.1481881188303327,-26989.40688757689,0.0,-1.0526315789473684,0.8646213074495965,-1.0,-0.8021484071117545,0.0,-1.39558042971695,-1.3610221565889273,-0.11249525210430013,0.0,0.6403616574129645,Biotechnology,Healthcare,OGEN
2020Q1,2020,Q1,2020-05-15,2020-03-31,-5143758.0,0.0,-5231762.0,-0.0019,0.0,0.0,15562107.0,12909002.0,14700779.0,2025382.0,2653105.0,0.0,-133202044.0,96308588663.99998,96295082992.99998,0.004664519289834871,7.2582747353338775,0.04488916571515669,0.054114950171980765,-0.36015618378983455,0.004664519289834871,-0.3984628711034362,0.0,-4680.847576032931,7460.575857374566,0.0,0.0,0.0,0.0,7.09599719954063,-0.3305309493116838,-25192.731711655528,0.0,-0.4615384615384616,0.6867741910777377,-1.0,-0.8893041588107696,0.0,-0.4544762027562829,-0.4302043820044111,0.7226124876120757,0.0,0.16118033506711452,Biotechnology,Healthcare,OGEN
2019Q4,2019,Q4,2020-03-04,2019-12-31,-3536502.0,0.0,-3658052.0,-0.0013,0.0,0.0,19752717.0,17231652.0,18838065.0,1850375.0,2521065.0,0.0,-127352826.0,86843779088.4,86826490744.4,0.006226459113548951,10.180674187664662,0.04123756746983213,0.04727080142983389,-0.19045925997552662,0.006226459113548951,-0.20523290512134298,0.0,-6139.1015110694125,5039.782551806408,0.0,0.0,0.0,0.0,9.87259015064514,-0.17903876211054914,-21983.679799613958,0.0,0.07142857142857147,0.7718531129435401,-1.0,-0.8691151373429665,0.0,0.05759750789110081,0.06693129594972826,0.8577341999506023,0.0,-0.38035285171577826,Biotechnology,Healthcare,OGEN
2019Q3,2019,Q3,2019-11-14,2019-09-30,-3752645.0,0.0,-3920453.0,-0.0014,0.0,0.0,23651965.0,20818526.0,22847389.0,2247269.0,2833439.0,0.0,-123755548.0,89683221961.08,89661868746.08,0.007522534748459161,10.16673526845251,0.03397557031730768,0.03859970681882089,-0.17162621581325405,0.007522534748459161,-0.18025507665624357,0.0,-5974.667332047129,4307.856471734838,0.0,0.0,0.0,0.0,9.919561921603512,-0.158661024570263,-26551.51808981599,0.0,0.17647058823529407,0.7126193731416851,-1.0,-0.8587848438620052,0.0,0.20293279660905347,0.200699348033601,0.7942304904268482,0.0,-0.5058802938779868,Biotechnology,Healthcare,OGEN
2019Q2,2019,Q2,2019-08-14,2019-06-30,-4708066.0,0.0,-4904854.0,-0.0017,0.0,0.0,26932961.0,24422900.0,26075039.0,1893904.0,2510061.0,0.0,-119918999.0,81389848172.4,81364897556.4,0.008825748553780823,13.767877886101935,0.02334251328697205,0.025741537655233408,-0.18616062012037177,0.008825748553780823,-0.19277260276216174,0.0,-4321.830246878442,3332.521861547973,0.0,0.0,0.0,0.0,13.580216315082497,-0.17480684726792572,-23334.606720516887,0.0,0.05555555555555558,0.8046173718652847,-1.0,-0.8475914787868838,0.0,-0.4454228508693292,-0.44506497830128366,-0.3071432929576076,0.0,-0.5950434139758295,Biotechnology,Healthcare,OGEN
2019Q1,2019,Q1,2019-05-13,2019-03-31,-3257224.0,0.0,-3394210.0,-0.0018,0.0,0.0,31308874.0,29123771.0,31073003.0,2185103.0,2185103.0,0.0,-115112539.0,65663007458.4,65633868523.4,0.01588738496147797,14.22038366154822,0.0024761350408194177,0.0026619149010614043,-0.1133269746617747,0.01588738496147797,-0.11184073655846284,0.0,-5039.798265209884,2254.6190003485467,0.0,0.0,0.0,0.0,13.431369139120672,-0.1040351690705964,-29702.68255429561,0.0,-0.19999999999999996,0.7642298663861538,-1.0,-0.7576543188186499,0.0,-0.2123539189799806,-0.20168338557771762,0.7934380729052223,-1.0,0.32530928228248335,Biotechnology,Healthcare,OGEN
2018Q4,2018,Q4,2019-03-29,2018-12-31,-2686694.0,0.0,-2824546.0,-0.0015,0.0,0.0,22049552.0,20881983.0,21933276.0,1167569.0,1167569.0,0.0,-111373608.0,94457941047.36,94437856959.36,0.011391385500182604,18.785421675292852,0.005633357085894534,0.005948333546675141,-0.13109922244097227,0.011391385500182604,-0.12866086520614445,0.0,-8789.421222454064,4523.418156568751,0.0,0.0,0.0,0.0,17.308014344334254,-0.1218480085218965,-31046.91487890256,0.0,0.6052631578947368,0.8970804109175257,-1.0,-0.8441772723839975,0.0,0.02349228318387223,-0.021779150980287886,0.843335553316012,-1.0,-0.42275798960081434,Biotechnology,Healthcare,OGEN
2018Q3,2018,Q3,2018-11-13,2018-09-30,-2751329.0,0.0,-2764341.0,-0.0038,0.0,0.0,15535636.0,13978675.0,15472128.0,1556961.0,1556961.0,0.0,-108617988.0,68760714240.0,68747093229.0,0.019516271970592025,9.937389568524837,0.012256144518319044,0.013621248079664203,-0.19463643810626313,0.019516271970592025,-0.19682330406851867,0.0,-6247.954555780134,4918.972237354399,0.0,0.0,0.0,0.0,8.870753988057505,-0.1770979314911858,-28015.09044306652,0.0,0.3968253968253968,0.9319961799348313,-1.0,-0.2614177257955987,0.0,-0.2072373804808978,-0.2105459528129241,0.5574467530157725,-1.0,1.8386746192656103,Biotechnology,Healthcare,OGEN
2018Q2,2018,Q2,2018-08-13,2018-06-30,-2279029.0,0.0,-2283549.0,-0.0063,0.0,0.0,5208613.0,3650580.0,5197970.0,1558033.0,1558033.0,0.0,-105860153.0,29950586568.0,29946666950.0,0.010092223847226791,3.33623870611213,0.004014888416551585,0.005728404801428814,-0.6213514181946551,0.010092223847226791,-0.6242923042365871,0.0,-3285.4547449813053,8204.33645283763,0.0,0.0,0.0,0.0,2.5291697929376333,-0.4375500733112635,-13131.562777944142,0.0,0.11267605633802821,0.49842408873404515,-1.0,-0.7069830743723443,0.0,-0.07649131591004633,-0.0762806687454989,0.7831084804871129,-1.0,-0.2880613167853856,Biotechnology,Healthcare,OGEN
2018Q1,2018,Q1,2018-05-15,2018-03-31,-2117090.0,0.0,-2121704.0,-0.0071,0.0,0.0,5494440.0,4315236.0,5480490.0,1179204.0,1179204.0,0.0,-103578864.0,31266599400.0,31261909300.0,0.014408686811012776,4.647618223818779,0.012333013009515073,0.015703196766063316,-0.48354893277203925,0.014408686811012776,-0.49060816140762636,0.0,-3692.1670075433735,7245.629068723009,0.0,0.0,0.0,0.0,4.034809074596083,-0.38531497295447764,-22878.278564372737,0.0,-0.42000000000000004,0.19353380043192597,-1.0,-0.6897330724685102,0.0,-0.40289831639479073,-0.5022157587566546,-0.1913022342563974,-1.0,-0.6580608616083797,Biotechnology,Healthcare,OGEN
2017Q4,2017,Q4,2018-02-16,2017-12-31,-1509083.0,0.0,-1412383.0,-0.005,0.0,0.0,7214831.0,6316309.0,7193172.0,898522.0,898522.0,0.0,-101400797.0,42209909190.0,42203823525.0,0.021090322332910947,8.005560242264519,0.011154523231382689,0.012741301921739421,-0.2281039877804409,0.021090322332910947,-0.23891848862998943,0.0,-6992.642086286838,6682.68591514443,0.0,0.0,0.0,0.0,6.862539815385711,-0.2091640122963379,-31064.038856258045,0.0,0.3333333333333333,0.5828211300055688,-1.0,-0.6236976686252108,0.0,0.31806420418086345,0.2649657562762813,0.10037940292386628,-1.0,-0.5566655314689373,Biotechnology,Healthcare,OGEN
2017Q3,2017,Q3,2017-10-31,2017-09-30,-2212940.0,0.0,-1921520.0,-0.0075,0.0,0.0,5135318.0,1013003.0,5101198.0,1722315.0,4122315.0,0.0,-99940064.0,74502605520.0,74502210136.0,0.0034264138041651673,2.961826379030549,0.4922908376852222,2.4956194601595456,-0.5808859460057354,0.0034264138041651673,-2.184534497923501,0.0,-8416.69967554475,73546.28319955617,0.0,0.0,0.0,0.0,1.697397978883073,-0.43092560188093515,-55617.96906703933,0.0,-1.1428571428571428,0.6456170448314196,-1.0,-0.9548377821426091,0.0,-1.1174554633363123,-0.3756990289663428,-0.5863700383953729,-1.0,-0.9356783881327135,Biotechnology,Healthcare,OGEN
2017Q2,2017,Q2,2017-08-14,2017-06-30,-1045094.0,0.0,-1396759.0,-0.0035,0.0,0.0,4577438.0,505493.0,4525683.0,1083508.0,4071945.0,0.0,-97872834.0,65633247720.0,65633581355.0,0.0017097957193698962,4.176880096870535,0.529239500349322,4.792471903666322,-0.40830689233930517,0.0017097957193698962,-2.0674747226964567,0.0,-15700.321626571389,129840.07240456347,0.0,0.0,0.0,0.0,1.9279285432133404,-0.22831417924175051,-37185.7021563014,0.0,0.47761194029850745,0.9593897934554771,-1.0,1.0947659003716623,0.0,0.4715381912050627,0.2972833327296071,0.5940490895973775,-1.0,-0.970474182945757,Biotechnology,Healthcare,OGEN
2017Q1,2017,Q1,2017-05-15,2017-03-31,-1977615.0,0.0,-1987656.0,-0.0067,0.0,0.0,2350906.0,1185608.0,2281479.0,1165298.0,1165298.0,0.0,-96651968.0,77758627701.59999,77756515377.59999,0.004017049849165133,1.9578502666270774,0.026733523160857985,0.053009089007496575,-1.5881082620211868,0.004017049849165133,-1.66801759097442,0.0,-9829.84904817166,65585.44451589395,0.0,0.0,0.0,0.0,1.86662295824759,-0.8412139830346258,-40914.93411011341,0.0,0.2555555555555555,0.8522554046148592,-1.0,1.4946457842734613,0.0,0.2540319538662096,0.26598097128853715,0.11091312387572631,-1.0,-0.9387240452474817,Biotechnology,Healthcare,OGEN
2016Q4,2016,Q4,2017-02-27,2016-12-31,-2651072.0,0.0,-2707908.0,-0.009,0.0,0.0,4309166.0,2965723.0,4221704.0,1343443.0,1343443.0,0.0,-94669272.0,95626643040.0,95622628799.0,0.010048394688476769,3.1424511497696592,0.015403676720739001,0.022381388956419734,-0.8820633679493005,0.010048394688476769,-0.8939041171410816,0.0,-9017.733490452165,32243.956377584826,0.0,0.0,0.0,0.0,3.0374329242104054,-0.615216958455534,-48688.224571436425,0.0,-0.36363636363636354,0.8207726754007079,-1.0,1.0475385701841016,0.0,-0.36518788203366787,-0.33613661819635166,0.36924217116195707,-1.0,-0.8625480396133113,Biotechnology,Healthcare,OGEN
2016Q3,2016,Q3,2016-11-14,2016-09-30,-1941910.0,0.0,-2026670.0,-0.0066,0.0,0.0,5395602.0,4486322.0,5288498.0,909280.0,909280.0,0.0,-91994475.0,81333131760.0,81328126836.0,0.015224114025927188,5.816138043286997,0.02070334320433568,0.024899461073012594,-0.4267779339617937,0.015224114025927188,-0.43285123091922517,0.0,-10470.764834621585,18129.13378932676,0.0,0.0,0.0,0.0,5.627123658279078,-0.3599060864756148,-47839.782461774645,0.0,-4.0769230769230775,0.8756550814856138,-1.0,1.0788869346009033,0.0,-5.206267278160405,-0.16926732060911034,0.8833376783568372,-1.0,-0.42385201554068463,Biotechnology,Healthcare,OGEN
2016Q2,2016,Q2,2016-08-15,2016-06-30,-312895.0,0.0,-1733282.0,-0.0013,0.0,0.0,6137036.0,5239237.0,6032850.0,897799.0,897799.0,0.0,-90031468.0,73560790440.0,73555367774.0,0.021794307978618834,6.719599821340857,0.0056669050010461075,0.006637989462969513,-0.059318083488612276,0.021794307978618834,-0.059721482345616354,0.0,-58774.341584237525,14040.363213193066,0.0,0.0,0.0,0.0,6.579918222230143,-0.050984709882751215,-41883.311274039515,0.0,0.8488372093023255,0.9818263424362194,-1.0,1.1490661628731003,-1.0,0.8482740595411393,0.16004113335775746,0.8963819351278495,-1.0,-0.3672255771623622,Biotechnology,Healthcare,OGEN
2016Q1,2016,Q1,2016-05-16,2016-03-31,-2062238.0,262258.0,-2063532.0,-0.0086,172304.0,0.6570018836,3957132.0,2873901.0,3834768.0,1083231.0,1083231.0,241482.0,-89718853.0,129458444400.0,129455155553.0,0.011987681044620987,3.5401202513591286,0.01991341203679837,0.027419176930590164,-0.6986433089825009,0.011987681044620987,-0.7175744745556649,493630.10623126844,-15693.92625875384,45046.243555362555,0.0,0.372508095841512,0.0,0.06627476667445008,3.1391226802039456,-0.5211446067505456,-76977.90851375433,0.6570018836412997,0.08510638297872344,0.8123750422376096,-0.8936967437133696,1.1220705912571307,0.1653106633933221,0.08050453162641404,0.060333101854487085,0.01863817305515961,0.021431249477602554,-0.7418653750528289,Biotechnology,Healthcare,OGEN
2015Q4,2015,Q4,2016-03-30,2015-12-31,-2242793.0,240234.0,-2196025.0,-0.0094,147861.0,0.6154873998,5778379.0,4731025.0,5637728.0,1047354.0,1047354.0,321509.0,-87655968.0,215764074000.0,215759053997.0,0.019734158801617732,5.382829492225169,0.010963628380900595,0.013390755703045322,-0.4628677767609359,0.019734158801617732,-0.4740606950925011,898141.2872449362,-24050.823459855634,45606.200347704784,0.0,0.28731077512604625,0.0,0.04157463537784559,4.8736816778281264,-0.38813532307243953,-134079.82744445914,0.6154873997852094,-0.08045977011494265,0.8535686400881277,-0.8857129165162408,1.3533179513825329,-0.24253089076043524,-0.18176333466116146,-0.20033112582781457,0.22546348884802025,-0.6166682323902449,-0.6478949042338269,Biotechnology,Healthcare,OGEN
2015Q3,2015,Q3,2015-11-06,2015-09-30,-1897836.0,329795.0,-1829516.0,-0.0087,195204.0,0.5918949651,7389932.0,1503253.0,7230669.0,5886679.0,5886679.0,299316.0,-85436559.0,214889888304.0,214888259080.0,0.006875135261413319,1.2283103936871707,0.6914150224927644,3.3989687697280497,-0.281735466528658,0.006875135261413319,-1.2624860885027338,651586.2529874619,-28307.225743425668,142949.91482072545,0.0,0.44966189578906574,0.0,0.04462760956393103,1.1480328721848092,-0.2568137298151052,-168975.12300536674,0.5918949650540487,0.7000000000000001,0.8452754288124581,-0.8613628453401703,0.31235855930283835,0.25730406554336066,0.700687327334261,0.7109904040806945,0.5890566518173544,-0.1851316373463614,-0.9093815358502414,Biotechnology,Healthcare,OGEN
2015Q2,2015,Q2,2015-08-07,2015-06-30,-6340647.0,242038.0,-6330295.0,-0.029,155256.0,0.641452995,8695488.0,3094180.0,8524764.0,5601308.0,5601308.0,364074.0,-83572883.0,179420932080.0,179412923344.0,0.014175692493147592,1.5219238077963217,0.003998280487535605,0.011236256455668383,-2.024791973553148,0.014175692493147592,-2.0492172401088493,741292.4089605764,-7074.23596046271,57986.58516311268,0.0,0.23836362937205074,0.0,0.02783489552282747,1.4407886515078263,-0.7291881720726887,-185862.5565654452,0.6414529949842587,-3.9152542372881363,0.531383718147735,-0.881922457460552,6.6279700408443345,-0.2069752831027138,-3.91800947977578,-3.8834205185133186,0.6662793744227075,-0.6527770391423885,1.785691674909569,Biotechnology,Healthcare,OGEN
2015Q1,2015,Q1,2015-05-08,2015-03-31,-1289271.0,363774.0,-1296283.0,-0.0059,195777.0,0.5381830477,9761495.0,9155511.0,9593838.0,605984.0,605984.0,377016.0,-77237412.0,132971455440.0,132962481362.0,0.04213816200972764,15.831833843797856,0.00813297553294859,0.008671280062904189,-0.13998715219128383,0.04213816200972764,-0.14081911976294934,365533.14816342015,-25784.232996786555,14523.651977481104,0.0,0.4455964733592208,0.0,0.03726621793075753,14.988892446005176,-0.13207720743595117,-97729.43819233755,0.5381830477164393,-0.053571428571428555,0.8900846955071253,-0.8414316410899669,-0.1410670784431167,0.5061738842771747,-0.05940892641737033,-0.053741265449059154,0.8691598692851782,-0.8297427158838245,6.188749200977879,Biotechnology,Healthcare,OGEN
2014Q4,2014,Q4,2015-02-27,2014-12-31,-1216972.0,220504.0,-1230172.0,-0.0056,129983.0,0.58948137,11132420.0,10336148.0,11023128.0,796272.0,796272.0,439189.0,-75944635.0,115985003828.40001,115974619747.40001,0.047572033825367295,13.843420338778708,0.00582442990832182,0.006273129990011753,-0.11763655523072429,0.047572033825367295,-0.11773941317403737,525999.5457152706,-23826.555546964108,11221.298672232635,0.0,0.2061094426317599,0.0,0.01980737341925655,13.14190251572327,-0.10931783026511756,-91234.964994596,0.5894813699524725,-0.1914893617021276,0.8439090210137373,-0.8808377495979645,-0.4171321227259966,0.021084219043354623,-0.18817190128475875,-0.18874541116626678,0.8882390241926844,-0.9009774203737942,1.2250614689131498,Biotechnology,Healthcare,OGEN
2014Q3,2014,Q3,2014-11-03,2014-09-30,-1024239.0,201010.0,-1034849.0,-0.0047,127299.0,0.6332968509,12303025.0,11563518.0,12276729.0,739507.0,739507.0,263860.0,-74721063.0,162805230000.0,162793574641.0,0.053270023942105546,16.601234335848073,0.008905452114419015,0.009474971198211479,-0.08819578793097312,0.053270023942105546,-0.08857503399916876,809935.9733346599,-39738.09579600074,14079.212744771963,0.0,0.27935647691957854,0.0,0.0163382582738798,15.944719928276541,-0.08325098908601747,-148121.366457593,0.6332968509029402,0.4597701149425287,0.9095200109814672,-0.8741758839504197,2.6182883913144046,-0.2854272033769864,0.45765048011090154,0.4560629187875424,0.9109668832574666,-0.9098757903535706,1.2760297832604752,Biotechnology,Healthcare,OGEN
2014Q2,2014,Q2,2014-08-07,2014-06-30,-1888522.0,303752.0,-1902516.0,-0.0087,178147.0,0.5864883194,13336818.0,12558953.0,13304942.0,777865.0,777865.0,238975.0,-73691519.0,253744709400.0,253731846602.0,0.05790849805201889,17.104435859692877,0.002682423948501059,0.002848565481533373,-0.1504989366751601,0.05790849805201889,-0.15037256688515357,835368.028523269,-33590.38303498715,20204.28847850613,0.0,0.5255989120200858,0.0,0.02277544763676013,16.61136315427484,-0.14160214228011508,-149591.22242305693,0.586488319418473,-0.15999999999999998,0.32736864814756383,-0.6099155713124123,1.5247472646429867,0.32058561897702004,-0.15660854600351543,-0.15376862236636712,0.8784151138727406,-0.8625954122782196,1.3960757832195183,Biotechnology,Healthcare,OGEN
2014Q1,2014,Q1,2014-05-09,2014-03-31,-1632810.0,214660.0,-1648958.0,-0.0075,134900.0,0.6284356657,15141398.0,14203296.0,15102083.0,938102.0,938102.0,265883.0,-71796000.0,373082734080.0,373068175452.0,0.06555670760886904,16.09855111704271,0.005305058357226988,0.005655447862242679,-0.11487592374917346,0.06555670760886904,-0.11495993605991173,1738017.0226404546,-57122.80272658791,26267.334996045985,0.0,0.2999815708413099,0.0,0.014177026454228334,15.650577442538232,-0.10783746652719914,-232720.43130437387,0.6284356657039039,0.471830985915493,0.9599627937938552,-0.9161210573726235,1.3224955449282982,-0.6204490461988633,0.4707770435066705,0.46346961465464814,0.8356188196849731,-0.903720557062373,1.6675641459676902,Biotechnology,Healthcare,OGEN
2013Q4,2013,Q4,2014-02-28,2013-12-31,-3085297.0,434784.0,-3073373.0,-0.0142,355420.0,0.8174633841,16831482.0,15838635.0,16804569.0,992847.0,992847.0,288383.0,-70155116.0,365283095040.0,365266882581.0,0.07310477537175875,16.925638089252423,0.0038054284227615844,0.004043972223616492,-0.19363543094412744,0.07310477537175875,-0.19479563737657948,840148.4301170236,-29598.69787576366,23062.788872904766,0.0,0.27520346206260426,0.0,0.025831593439009114,16.458672887161867,-0.18330513023155062,-299292.65592123807,0.8174633841171708,0.7486725663716814,0.9501193768002338,1.4725304574814742,5.339218476598803,1.5388956354025287,0.669150639710991,0.6704321982871632,0.7771018308342255,-0.7711236853594358,2.308858904515995,Biotechnology,Healthcare,OGEN
2013Q3,2013,Q3,2013-10-25,2013-09-30,-9325383.0,253374.0,-9325465.0,-0.0565,139990.0,0.5525034139,8815290.0,4362391.0,8777092.0,4452899.0,4452899.0,223318.0,-67075781.0,297165996000.0,297157836332.0,0.02642396473922272,1.9710961331034007,0.012276397032882639,0.024807496622838255,-2.0859394833994145,0.02642396473922272,-2.1376770216149814,1172835.3974756685,-7966.5895759991845,68119.98190900357,0.0,0.5077244109297057,0.0,0.02874255980234343,1.8699651620214157,-1.0578645739391443,-150437.82111544284,0.5525034139256593,-3.484126984126984,0.4294805602747443,-0.8235780055365419,-0.89125035428315,0.7280369332559776,-3.498926091348812,-3.4936196192491766,-0.006911983792525141,-0.858934165649724,4.043932224994021,Biotechnology,Healthcare,OGEN
2013Q2,2013,Q2,2013-08-12,2013-06-30,-2072802.0,167668.0,-2075268.0,-0.0126,81011.0,0.4831631558,7071389.0,5683473.0,7022529.0,1387916.0,1387916.0,303004.0,-57750357.0,292074001200.0,292067775991.0,0.03444246036507545,5.059765144288271,0.020124193422254102,0.02503856356843782,-0.3560097743133937,0.03444246036507545,-0.3647069318355168,1741978.2021614143,-35226.9538045602,51390.05695989055,0.0,0.28599292418581934,0.0,0.02371075894707532,4.623570878929272,-0.2931251554680417,-146019.6242647125,0.48316315576019275,-0.43181818181818177,0.883339117304084,0.0,-0.9106992746717008,-0.27963328531540665,-0.43566127070583377,-0.19534549375505436,0.7973608876413439,-0.8918029072816877,14.674191589674665,Biotechnology,Healthcare,OGEN
2013Q1,2013,Q1,2013-05-15,2013-03-31,-1443796.0,176407.0,-1736124.0,-0.0088,112458.0,0.6374917095,8822910.0,7649301.0,8759291.0,1173609.0,1173609.0,117266.0,-55676322.0,331076908800.0,331068625756.0,0.04643964771124503,7.463551319050893,0.00762571532521583,0.008795705646829691,-0.20430330909531527,0.04643964771124503,-0.18874874972236025,1876778.7491426077,-57327.50831834968,43281.982079146845,0.0,0.5453328330462368,0.0,0.019994196925957535,7.162313002030489,-0.16364170098074218,-209422.92325705403,0.6374917095126611,0.27272727272727265,0.9002890186047497,-0.9233178887677908,-0.8071523406072016,3.2202874620032276,0.27429130363538945,0.12676583403498923,0.837634425483097,-0.898568030940163,-0.05338675484982455,Biotechnology,Healthcare,OGEN
2012Q4,2012,Q4,2013-03-26,2012-12-31,-1989498.0,430582.0,-1988154.0,-0.0121,26647.0,0.0618860055,10488132.0,9231646.0,10403541.0,1256486.0,1256486.0,124178.0,-54086362.0,260908369920.0,260898491930.0,0.056046217560914956,8.279870209457169,0.00457440848379864,0.005197014703553407,-0.21432182890828783,0.056046217560914956,-0.21550848028618083,605943.5134771077,-32785.703971554634,28262.388952089368,0.0,3.252870878899644,0.0,0.041054212513725034,7.9553309786181465,-0.1896904043541786,-149871.3697539523,0.06188600545308443,0.4265402843601896,0.8426085102979345,-0.1251491734642128,-0.3881914793678044,-0.7340326782381299,0.3402009545290383,0.051712485088761515,0.6633993957659114,-0.6930608677807932,-0.3133036947949901,Biotechnology,Healthcare,OGEN
2012Q3,2012,Q3,2012-11-14,2012-09-30,-3015309.0,264248.0,-2096573.0,-0.0211,100189.0,0.3791476189,12583984.0,10831048.0,12491091.0,1752936.0,1752936.0,279949.0,-52097536.0,184160142000.0,184148472717.0,0.07586903315919467,7.125811210449212,0.00703211320039822,0.00817021584614896,-0.22650961633302807,0.07586903315919467,-0.2783949438687743,696921.6115164543,-15268.76200747585,17002.98456806765,0.0,0.5860317414957724,0.0,0.02099875524317259,6.748765499710201,-0.23961481514916103,-156335.0113414104,0.37914761890345433,0.757471264367816,0.6622494575137687,-0.6903537141099239,-0.60239359125148,-0.3049622265849919,0.5685539079930684,0.6947641758650365,0.5949727785720871,-0.7484877795519526,3.304822985535145,Biotechnology,Healthcare,OGEN
2012Q2,2012,Q2,2012-08-10,2012-06-30,-6988843.0,256407.0,-6868699.0,-0.087,144149.0,0.5621882398,1982935.0,-1448599.0,1871444.0,1375504.0,3431534.0,353822.0,-49541595.0,118024830000.0,118025790839.0,-0.018042309656366377,1.3605514778582977,1.0546613983816917,-1.4436880047549392,-10.779477070500327,-0.018042309656366377,4.824553240751927,460302.6828440721,-4221.901608034405,-81475.15634071264,0.0,0.31727252686379026,0.0,0.1293068103593915,0.850530423757401,-3.524494247163926,-102640.01544494217,0.5621882397906454,-0.9162995594713654,-0.02380228101213578,-0.1667242577135997,-1.1807982203202696,-0.20935398589278076,-2.9823783350105018,-3.6445464589951544,-5.723809920801078,-0.11054407756490965,0.8365066793561928,Biotechnology,Healthcare,OGEN
2012Q1,2012,Q1,2012-05-15,2012-03-31,-1754942.0,380527.0,-1478874.0,-0.0454,182318.0,0.4791197471,1941320.0,-314253.0,1812199.0,1481669.0,2255573.0,362985.0,-42612824.0,29022030000.0,29021907538.0,-0.008121063550688907,1.2230795137105521,0.4355191313127151,-2.690450051391713,-3.0215296228305117,-0.008121063550688907,5.5844876580334954,76267.99149600422,-4134.328940785507,-92352.43577626944,0.0,0.5460528671983691,0.0,0.19601456740774317,0.6960110524010423,-0.9039941895205325,-25388.881112763538,0.4791197470875917,0.09381237524950092,0.41853230856132256,1.062055067546114,-1.045799949939748,-0.24402076560737743,0.09507446416840525,0.1854146504558266,0.759066959425679,-0.16748363428270327,0.9600497506555311,Biotechnology,Healthcare,OGEN
2011Q4,2011,Q4,2012-04-16,2011-12-31,-1939322.0,396590.0,-1815493.0,-0.0501,241168.0,0.6081040873,1266952.0,-8179318.0,1118266.0,9446270.0,9446270.0,475592.0,-40995916.0,23449800240.0,23457181593.0,-0.2113735152227463,0.11838175279766511,5.96162443407485,-0.9234378709814193,,-0.2113735152227463,0.23710069714858867,59128.57167351673,-3022.9379442918707,-2866.9627761140964,0.0,0.32679691836700364,0.0,0.3130268550031888,0.02798808418560977,-1.5306988741483498,-16855.12963825493,0.6081040873446129,0.054716981132075466,0.5193571347738758,0.0,-2.1473038121714723,0.11682874872649811,-0.07318112444509867,-0.061003711627955905,0.8244542585182506,11.627440650737435,-11.546319416946089,Biotechnology,Healthcare,OGEN
2011Q3,2011,Q3,2011-11-14,2011-09-30,-1807078.0,350351.0,-1711109.0,-0.053,215940.0,0.6163533142,1229049.0,-6580535.0,1060991.0,7809584.0,7809584.0,465474.0,-39056594.0,31711530600.0,31717634910.0,-0.1929865078792507,0.13585755656127138,4.966693760785779,-0.9276312640233659,3.7950588859099366,-0.1929865078792507,0.2746095872144134,90513.60093163713,-4387.128087442822,-4818.98973259773,0.0,0.2887615634815264,0.0,0.28505861035646257,0.005676358689528149,-1.4703059031820538,-20879.75893634911,0.6163533142477116,0.25977653631284914,0.4061356792177006,-0.027142391025643284,-2.05611970980949,10.515571672354948,0.2600347568006709,0.2574516983788222,0.46472985646611437,0.18109924806486635,-1.794249256957566,Biotechnology,Healthcare,OGEN
2011Q2,2011,Q2,2011-08-05,2011-06-30,-2442112.0,347569.0,-2304374.0,-0.0716,18752.0,0.0539518772,1307124.0,-4985380.0,1119050.0,1792504.0,6292504.0,500564.0,-37249304.0,67514871600.0,67519437226.0,-0.14620560131525157,0.6242942833042493,3.492879022954211,-0.9158030079953785,5.649129000584911,-0.14620560131525157,0.4898547352458589,194248.83001648594,-6911.524901396823,-13542.572802875608,0.0,0.6568930246681743,0.0,0.2659036174073768,0.0307307542967826,-1.8683093570311615,-46207.86880129655,0.05395187718122157,-0.5633187772925763,0.46897614152847206,0.0,-1.5503714994873397,-0.9264512080326326,-0.5664253849336288,-0.5206505004992125,0.3348518387779533,0.0,-1.3790747265474423,Biotechnology,Healthcare,OGEN
2011Q1,2011,Q1,2011-05-10,2011-03-31,-1559035.0,349937.0,-1515387.0,-0.0458,254960.0,0.7285882887,1178117.0,-3339400.0,970005.0,1517517.0,4517517.0,275017.0,-34876061.0,67330137600.0,67333190136.0,-0.09820285886360643,0.6392053598081603,2.638930598573826,-0.9309962867581003,6.765636423302898,-0.09820285886360643,0.46686081331975804,192406.45487616342,-10796.764921890786,-20162.34581062466,0.0,0.34534956020900526,0.0,0.2970307702885197,0.10034879345667956,-1.323327818883863,-59922.462823318536,0.7285882887491177,0.28325508607198746,0.7011672677197772,0.0,-1.355645318792726,2.820388696111611,0.28238240012151816,0.3337341631903653,0.4784672996839424,-0.2631880957879284,-1.4078022209660748,Biotechnology,Healthcare,OGEN
2010Q4,2010,Q4,2011-03-30,2010-12-31,-2172515.0,298157.0,-2274448.0,-0.0639,-140058.0,-0.4697458051,1727663.0,-1899316.0,1499461.0,1626979.0,3626979.0,266628.0,-33317048.0,61209216000.0,61209182803.0,-0.05585382436527205,0.9216228359431806,0.057248433288204933,-0.05207453630675464,0.9444499391024452,-0.05585382436527205,1.1438407300312323,205291.89655114588,-7043.589572454045,-32226.97855438484,0.0,1.6435445639617745,0.0,0.17257821693235312,0.37941055170349464,-1.2574877160649964,-36421.894831547324,-0.4697458050624336,-0.13903743315508024,0.5327293400436421,0.0,-1.175571758411375,-1.6444870856858875,-0.15569205660697538,-0.21588117717309316,0.1674907930089728,1.9343483402345705,-1.6097083290130545,Biotechnology,Healthcare,OGEN
2010Q3,2010,Q3,2010-11-12,2010-09-30,-1879839.0,364574.0,-1870617.0,-0.0561,217317.0,0.5960847455,2640577.0,175550.0,2413413.0,2465027.0,2465027.0,373421.0,-31144532.0,132698887200.0,132698540753.0,0.0052387628462343275,0.9790614869532869,0.06012625270916167,0.9044033039020222,-5.609080761453168,0.0052387628462343275,-10.708282540586728,363983.408580974,-17647.63993086642,755903.6582170322,0.0,0.39434579201491077,0.0,0.13806603632463663,0.2908921484429988,-0.7119046329646892,-84606.24433748674,0.5960847454837701,0.09516129032258068,0.6594195423694349,0.0,-0.9828271433228213,0.22586813781899412,0.06533936804569092,0.06897004814375537,0.10294572016256269,0.8200096691549964,-0.9725452454731331,Biotechnology,Healthcare,OGEN
2010Q2,2010,Q2,2010-08-13,2010-06-30,-2011253.0,304696.0,-2009191.0,-0.062,177276.0,0.581812692,1677877.0,-81723.0,1619377.0,1759600.0,1759600.0,416474.0,-29269304.0,136270260000.0,136271073630.0,-0.0025187931688102744,0.9203097294839736,0.6140986496626392,-12.608225346597653,-2.1190137564942555,-0.0025187931688102744,24.610611455771323,447233.50487042824,-16938.47815267398,-1667465.2178701223,0.0,0.30594947103540676,0.0,0.18159614798939375,0.22180722891566265,-1.1986891768586136,-99696.86416757996,0.5818126919946438,-0.14814814814814814,0.6853769299698066,0.0,-1.0048857904626558,0.24332664712235766,-0.15193160529054406,-0.14914994437819395,0.2709089484975658,1.4503598586568318,-1.0252403007679818,Biotechnology,Healthcare,OGEN
2010Q1,2010,Q1,2010-05-14,2010-03-31,-1745983.0,341483.0,-1748415.0,-0.054,142582.0,0.4175376227,2228146.0,1586636.0,2165164.0,641510.0,641510.0,278421.0,-27259082.0,221216270400.0,221215870853.0,0.04905873433439822,3.375105610200932,0.02673882232133801,0.037549885417953455,-1.0613432723200928,0.04905873433439822,-1.1004307226106051,647810.4924696105,-31675.032116578455,139424.7139230422,0.0,0.7143893599979887,0.0,0.15325880799552632,1.061634269146233,-0.7836034981549683,-115175.89606191967,0.4175376226635001,-0.5041782729805013,0.7270551669991511,0.0,-0.927424376378227,-0.08064401730619193,-0.5044690749320785,-0.33978058254361493,0.30783698316357627,1.214060219274832,-0.7233259458445895,Biotechnology,Healthcare,OGEN
2009Q4,2009,Q4,2010-03-31,2009-12-31,-1160531.0,275443.0,-1305001.0,-0.0359,155089.0,0.5630529728,3202836.0,2639627.0,3127356.0,563209.0,563209.0,132112.0,-25511883.0,116429616000.0,116429349420.0,0.08161718234989283,5.552745073320916,0.010931561903263233,0.013263995253874885,-0.4593267828340062,0.08161718234989283,-0.43965719398990843,422699.4913648196,-25081.10856151193,44108.359249242414,0.0,0.9109997577812765,0.0,0.08599972024793028,0.8245695647619268,-0.362344809412658,-84011.08317867873,0.5630529728473768,0.3109404990403071,0.8751917067161911,0.11885880885130416,-0.9114555023685514,0.15553519006959035,0.17976544957618223,0.10563626906004157,0.6558602170262298,0.0,-0.556994146830324,Biotechnology,Healthcare,OGEN
2009Q3,2009,Q3,2009-11-13,2009-09-30,-1414877.0,199675.0,-1459139.0,-0.0521,134214.0,0.6721622637,1079939.0,-893108.0,962774.0,973047.0,1973047.0,114118.0,-24279117.0,84650904000.0,84650250978.0,-0.03291750977638703,0.9894424421430825,0.0666195035089945,-0.08055576705168915,1.7495517528389286,-0.03291750977638703,1.5842171383528083,423943.42807061475,-14957.290280356527,-94782.38242183477,0.0,0.5736255454880036,0.0,0.18489470238596808,0.7551978475859851,-1.3101452952435277,-35100.067918839064,0.6721622636784775,-3.0387596899224807,0.6349121884227905,-0.7334556147980822,-1.0315623507033083,6.337707069050353,-8.36638664362931,0.0805891734093156,0.41563220801667206,-0.30316996566238696,-1.180141250570951,Biotechnology,Healthcare,OGEN
2009Q2,2009,Q2,2009-08-14,2009-06-30,-151059.0,41895.0,-1587037.0,-0.0129,18291.0,0.4365914787,2127074.0,-1287671.0,1952470.0,2414745.0,3414745.0,42805.0,-22841933.0,35005320000.0,35003632166.0,-0.11035502603604253,0.8085615665422229,0.06198750019980499,-0.10239572064603458,0.2386712257516976,-0.11035502603604253,0.11731179781170811,835548.8721804512,-57933.191666832165,-27184.987469625394,0.0,0.5514309076042518,0.0,0.01969607075259253,0.7619578878929245,-0.07101727537452858,-39962.920046349944,0.43659147869674186,0.9321052631578948,0.9167099938028381,-0.6513424201637322,-1.0919055913457847,-0.8374017707925897,0.9237219453103026,0.198598514285772,0.9040120934218911,0.0,-1.4154167871069476,Biotechnology,Healthcare,OGEN
2009Q1,2009,Q1,2009-05-20,2009-03-31,-1980373.0,124272.0,-1980327.0,-0.19,112492.0,0.905207931,499354.0,-2138654.0,232235.0,2638008.0,2638008.0,64843.0,-21972885.0,35349753600.0,35349750377.0,-0.20327942087833958,0.0880342288575319,0.10954152765372861,-0.025576834775517684,0.9502848909970543,-0.20327942087833958,0.92599036590304,284454.69293163385,-4462.512062121631,-16528.972709002952,0.0,0.181669571117931,0.0,0.2488655342702772,0.02475542151502194,-3.965869903915859,-31144.526234270143,0.9052079309900862,0.3448275862068965,-0.40938623999357293,0.0,-1.138857891962315,12.17390795175079,0.3406640127287806,0.3361760197317588,-0.22692070460820948,0.0,-1.7361840101079806,Biotechnology,Healthcare,OGEN
2008Q4,2008,Q4,2009-04-01,2008-12-31,-3003587.0,8539.0,-2983211.0,-0.29,8539.0,1.0,1594123.0,-177248.0,1270699.0,1771371.0,1771371.0,11814.0,-19992535.0,31562280000.0,31561141754.0,-0.016847452085210574,0.7173533946304868,0.01736817046112502,-0.15620486549918758,20.03761896934778,-0.016847452085210574,16.94567498645965,3696250.146387165,-2627.0489251684735,-178068.46903773246,0.0,0.0,0.0,0.005356550278742606,0.6617580393943449,-1.8841626398966704,-20936.127533993877,1.0,-1.929292929292929,-0.8308787085139095,0.0,-1.019708288980725,-0.91461,-1.639084558090249,-1.5868981963232744,-1.0880608125530389,0.0,-1.0529585363395626,Biotechnology,Healthcare,OGEN
2008Q3,2008,Q3,2008-11-04,2008-09-30,-1138117.0,100000.0,-1153200.0,-0.099,100000.0,1.0,3266648.0,2793106.0,2883846.0,473542.0,473542.0,0.0,-16995658.0,117251244000.0,117248597203.0,0.2429797776815059,6.089947670956325,0.016213255912482766,0.018962044405045852,,0.2429797776815059,-0.4074736153944748,1172512.44,-25755.533921380666,41978.80209344006,0.0,0.0,0.0,0.030612419826072476,5.7012049617562965,-0.34840515415190126,-125518.79015086716,1.0,0.09999999999999996,0.10466629768818676,0.0,-0.4497437230842445,0.0,-0.04567705682275483,-0.03746739921533206,0.3989082223054398,0.0,-0.2035033804638408,Biotechnology,Healthcare,OGEN
2008Q2,2008,Q2,2008-08-14,2008-06-30,-1088402.0,0.0,-1111553.0,-0.11,0.0,0.0,4264022.0,3898662.0,3850144.0,365360.0,365360.0,0.0,-15857541.0,66714516000.0,66710951070.0,0.38569071234811925,10.53794613531859,0.016232327131520428,0.017753526722757706,-0.275969277655143,0.38569071234811925,-0.2791732137846266,0.0,-15323.960264681615,17112.156939996337,0.0,0.0,0.0,0.0,9.946751149551128,-0.2552524353767405,-74172.81507415112,0.0,-0.25142207053469845,0.2916097800668382,0.0,-0.30826805441018323,-1.0,-0.38336959947939436,-0.3875420518165761,0.4535019951404366,0.0,-0.2518623492950839,Biotechnology,Healthcare,OGEN
2008Q1,2008,Q1,2008-05-07,2008-03-31,-786776.0,125000.0,-801095.0,-0.0879,125000.0,1.0,2553333.0,2155240.0,2094025.0,398093.0,398093.0,0.0,-14762429.0,44033803200.0,44031836323.0,0.2408100147933622,5.260140218491659,0.0,0.0,-0.36728079696877963,0.2408100147933622,-0.3650526159499638,352270.4256,-13991.848760002847,20431.043967261186,0.0,0.0,0.0,0.0489556199680966,4.940747513771908,-0.3081368548481534,-82788.82531994939,1.0,-0.14602346805736638,-0.17562553717708923,0.0,0.0,3.67412033055379,-0.14551447806741677,-0.15847036417352725,0.5555470019301799,0.0,-0.6437548331583752,Biotechnology,Healthcare,OGEN
2007Q4,2007,Q4,2008-03-18,2007-12-31,-686832.0,26743.0,-691511.0,-0.0767,26743.0,1.0,1151377.0,819883.0,592028.0,331494.0,331494.0,0.0,-13970793.0,44033803200.0,44033327692.0,0.09160744852490961,1.7859388103555418,0.0,0.0,,0.09160744852490961,-0.8377195282741562,1646554.3581497963,-16027.865329512893,53707.42313232498,0.0,0.0,0.0,0.023226970835790537,1.434439235702607,-0.5965309364352424,-96549.90144121664,1.0,-0.22720000000000007,0.507851802790457,0.0,-0.8928368480180636,-0.4259187703932681,-0.40936606105874,-0.3949150456794631,0.7330824747114381,-0.6074513031844448,-0.9006173053835207,Biotechnology,Healthcare,OGEN
2007Q3,2007,Q3,2007-11-14,2007-09-30,-487334.0,46584.0,-495737.0,-0.0625,46584.0,1.0,1734590.0,1486990.0,1106559.0,247600.0,247600.0,0.0,-13283961.0,42081444000.0,42080508325.0,0.19081441216703496,4.469139741518578,0.0,0.0,,0.19081441216703496,-0.3277318610078077,903345.4404945904,-21587.57853956424,28299.7491576944,0.0,0.0,0.0,0.0268559140776783,3.7789781906300486,-0.28095054162655153,-91476.03075471657,1.0,0.26470588235294124,0.4344836736790057,0.0,-0.5678783270658462,0.7464852097626814,0.17641809962398072,0.16863382369711483,0.5621901868408022,-0.7834975802232202,-0.817041099494659,Biotechnology,Healthcare,OGEN
2007Q2,2007,Q2,2007-08-13,2007-06-30,-591725.0,26673.0,-596292.0,-0.085,26673.0,1.0,1069213.0,694520.0,376433.0,374693.0,374693.0,0.0,-12796627.0,30900801600.0,30900650131.0,0.0997925180038048,1.0046438017256794,0.0,0.0,,0.0997925180038048,-0.8519913033461959,1158504.915082668,-13055.389581308886,44492.313540286814,0.0,0.0,0.0,0.0249463857996489,0.40424827792352674,-0.553421067645081,-52025.58043215468,1.0,-0.08974358974358983,0.4406382408542677,0.0,-0.8210232436922841,-0.1938769342359768,-0.09344625209736195,-0.0822349913427299,0.4529938247271568,-0.627835620851824,-0.9168910496561425,Biotechnology,Healthcare,OGEN
2007Q1,2007,Q1,2007-05-11,2007-03-31,-541156.0,33088.0,-550982.0,-0.078,33088.0,1.0,1592698.0,1230268.0,831127.0,362430.0,362430.0,0.0,-12200237.0,84091953600.0,84091203867.0,0.17731599185965397,2.293206964103413,0.0,0.0,,0.17731599185965397,-0.4398683864003615,2541463.7814313346,-38848.29587032205,68352.54887552957,0.0,0.0,0.0,0.020774811043901605,2.0686284247992717,-0.3397731396661514,-201847.17098883374,1.0,0.22000000000000006,-0.04306088088871953,0.0,0.0,0.0,0.25198595078905867,0.24201232354887392,0.4160161997907454,0.0,-0.8788774351360714,Biotechnology,Healthcare,OGEN
