Quarters,Year,Quarter,FillingDate,Date,NetIncome,Revenue,OperatingIncome,EPSDiluted,GrossProfit,GrossProfitRatio,TotalAssets,CommonStockEquity,CurrentAssets,CurrentLiability,TotalLiability,Inventory,RetainedEarnings,MarketCap,EnterpriseValue,bookValuePerShare,currentRatio,debtToAssets,debtToEquity,roic,shareholdersEquityPerShare,roe,priceToSalesRatio,peRatio,pbRatio,payoutRatio,inventoryTurnover,dividendYield,assetTurnover,quickRatio,returnOnAssets,priceToFreeCashFlowsRatio,grossProfitMargin,epsdilutedGrowth,fiveYNetIncomeGrowthPerShare,fiveYRevenueGrowthPerShare,fiveYShareholdersEquityGrowthPerShare,grossProfitGrowth,netIncomeGrowth,operatingIncomeGrowth,threeYNetIncomeGrowthPerShare,threeYRevenueGrowthPerShare,threeYShareholdersEquityGrowthPerShare,Industry,Sector,Symbol
2023Q1,2023,Q1,2023-04-28,2023-03-31,41917000.0,378163000.0,77612000.0,0.39,234772000.0,0.620822238,9295169000.0,4933290000.0,39403000.0,349996000.0,4291616000.0,0.0,-648457000.0,11382269120.0,15109666120.0,45.439632304178026,0.11258128664327592,0.4032004151834141,0.7596991054651155,0.008710681351280357,45.439632304178026,0.008496763822925472,30.09884393766709,67.88575709139491,2.3072369797842818,2.47152706539113,0.0,0.009101787957022052,0.04068382188640142,0.09297249111418417,0.004509546840945011,238.10784093048554,0.6208222380296328,-0.07142857142857137,-0.06829797467515562,0.43546099330295157,0.2486615389106141,-0.025765516783480855,-0.08295959220284846,-0.016224712264868428,-0.11426976867786377,0.3008692913032226,0.2538552603060923,REIT—Residential,Real Estate,CPT
2022Q4,2022,Q4,2023-02-23,2022-12-31,45709000.0,375909000.0,78892000.0,0.42,240981000.0,0.6410620656,9327935000.0,4986620000.0,30802000.0,410549000.0,4271014000.0,0.0,-581532000.0,12135287960.0,15805513960.0,45.973614094609424,0.07502636713279048,0.3946117763470693,0.7381579105686817,0.008959888641260731,45.973614094609424,0.00916632909666267,32.2825150767872,66.3725303550723,2.433569824851302,2.2663151676912645,0.0,0.00853634461262508,0.04029927309742189,0.058582532170337764,0.004900227113503686,198.0204617920141,0.6410620655530993,0.5555555555555554,-0.5454676449172909,0.43111040916575777,0.2528382861990784,0.03136274732188331,0.5315976410668811,0.28323492574700304,-0.5606679448389473,0.3030022377937574,0.25497703552155576,REIT—Residential,Real Estate,CPT
2022Q3,2022,Q3,2022-10-28,2022-09-30,29844000.0,373772000.0,61479000.0,0.27,233653000.0,0.625121732,9414125000.0,5037993000.0,81675000.0,441388000.0,4305763000.0,0.0,-525127000.0,12956263700.0,16582277700.0,46.44767023767817,0.18504127887482216,0.39175611116274744,0.7320456777133275,0.0068846452000599564,46.44767023767817,0.005923787508239888,34.663548098841005,108.53323699906178,2.571711334255526,3.4711499798954564,0.0,0.00799559212429429,0.039703318152244635,0.17056422014191597,0.003170129990838235,83.93972024981859,0.6251217319649411,-0.9405286343612334,-0.27171578865666374,0.37446364443611635,0.2217757845411913,0.03265654279956157,-0.9399897449302755,0.125,-0.3754573536238461,0.3081997258034618,0.28216776109267705,REIT—Residential,Real Estate,CPT
2022Q2,2022,Q2,2022-07-29,2022-06-30,497315000.0,361716000.0,54648000.0,4.54,226264000.0,0.6255294209,9486016000.0,5107107000.0,91916000.0,385643000.0,4308736000.0,0.0,-452865000.0,14538094879.999998,18202949880.0,47.241660962388764,0.23834479038903858,0.3939430420526383,0.7317156268705551,0.006168110355521492,47.241660962388764,0.09737704731856998,40.19201495095599,7.308292973266441,2.846639962702955,0.2027929984014156,0.0,0.006937085005459808,0.038131497986088156,0.22132645996426747,0.05242611861502237,303.5726640217164,0.625529420871623,4.746835443037974,9.577366478452136,0.3497146691025202,0.3978433786624184,0.17442126025121976,4.948672862764799,-0.24478655629413634,9.730886753323553,0.29387721475886197,0.29226470629353113,REIT—Residential,Real Estate,CPT
2022Q1,2022,Q1,2022-04-29,2022-03-31,83601000.0,311359000.0,72361000.0,0.79,192660000.0,0.6187712576,8462710000.0,4216429000.0,1148752000.0,307841000.0,4176171000.0,13181000.0,-848074000.0,17506843200.0,20048436200.0,40.02837586390218,3.731640684639148,0.43382190811217686,0.8707152426852202,0.009109570216539948,40.02837586390218,0.019827441657383534,56.22719497429013,52.3523737754333,4.152054546631759,1.0620207892250093,9.005310674455655,0.005071502553927027,0.03679187872442752,3.755688813380934,0.00987875042391858,551.2924549691397,0.6187712576158069,-0.6183574879227053,1.0472706266541256,0.21084617802906225,0.17362972247092967,-0.006753621694076404,-0.6162609761359411,0.053933991668851405,0.9915399615643737,0.152203130707179,0.06176074926199907,REIT—Residential,Real Estate,CPT
2021Q4,2021,Q4,2022-02-17,2021-12-31,217859000.0,305364000.0,68658000.0,2.07,193970000.0,0.6352091275,7976784000.0,4197490000.0,637644000.0,347110000.0,3710529000.0,13730000.0,-829453000.0,18691893480.0,21248869480.0,40.124747875462425,1.8370084411281726,0.39744927278963554,0.7553006677800305,0.009292948634016538,40.124747875462425,0.05190220822443889,61.21184383227885,21.449530981047374,4.453112093179496,0.4035591827741796,8.11318281136198,0.0047035898259356005,0.03828159318341828,1.8604621013511566,0.027311633360010752,-2468.880396248844,0.6352091274675469,6.137931034482758,3.570455045039259,0.20645995328129602,0.16465081392517109,0.10045783857077209,6.389309093375844,0.2932622577181714,4.061463372120524,0.13537074560561693,0.13622280573726073,REIT—Residential,Real Estate,CPT
2021Q3,2021,Q3,2021-10-29,2021-09-30,29483000.0,294130000.0,53089000.0,0.29,176263000.0,0.6257845170502839,7685567000.0,3888685000.0,452233000.0,367683000.0,3731745000.0,0.0,-954880000.0,15199880370.0,17941082370.0,37.728216472140566,1.2299535197439098,0.41238701061353056,0.815038502732929,0.007405552241172785,37.728216472140566,0.007581740356958715,51.677422806242134,128.88681926873113,3.9087455965191316,2.9403724180035953,0.0,0.005703400151168427,0.038270436000362756,1.2154818144978148,0.0038361515812691503,150.75507433672203,0.5992690307007106,-0.03333333333333337,-0.9118267652103134,0.16187343224636233,0.08700483243587627,0.06120519937145162,-0.02306239438019815,-0.008201315199521745,-0.29892862297840167,0.1243391225815468,0.05675029506712209,REIT—Residential,Real Estate,CPT
2021Q2,2021,Q2,2021-07-30,2021-06-30,30179000.0,276523000.0,53528000.0,0.3,166097000.0,0.6276222954329296,7457117000.0,3718241000.0,398501000.0,308442000.0,3670909000.0,0.0,-897761000.0,13360001669.999998,16153937669.999998,36.923575734103935,1.2919803399018293,0.4248950365134408,0.8521480990608193,0.007660540736293857,36.923575734103935,0.00811647227815518,48.3142511472825,110.67299835978659,3.5930972925100866,2.7927366711952017,0.0,0.006308532145565219,0.03708175693099625,1.2765414567406514,0.004047006369887987,232.88247228420022,0.6006625127023791,-0.03225806451612906,-0.939861656077759,0.11039147596587057,0.012216218708950859,0.042144560170661316,-0.0372603438925575,-0.012817439094111356,-0.26189401717558985,0.10290612219012996,0.0235389941904273,REIT—Residential,Real Estate,CPT
2021Q1,2021,Q1,2021-04-30,2021-03-31,31347000.0,267568000.0,54223000.0,0.31,159380000.0,0.622780003587873,7104033000.0,3405977000.0,357009000.0,276548000.0,3629957000.0,0.0,-842628000.0,10941210770.0,13775365770.0,34.214762875827496,1.2909476835847664,0.44588151547156385,0.9299995273015643,0.008160228245838872,34.214762875827496,0.009203526623931988,40.891327699874424,87.25883473697643,3.212356034700176,2.6843717102115034,0.0,0.007690830728782314,0.037664239453842625,1.2761039674848489,0.004412563961907271,-5854.045355805243,0.5956616635771094,0.06896551724137938,-0.3258061058290678,0.10362740576885032,0.06263225594870105,0.03169928082701656,0.07378481142739698,0.030170038947468416,-0.24009991712514808,0.10769499779110184,-0.059793041897825826,REIT—Residential,Real Estate,CPT
2020Q4,2020,Q4,2021-02-18,2020-12-31,29193000.0,261554000.0,52635000.0,0.29,154483000.0,0.6178341757342652,7198952000.0,3444905000.0,444691000.0,325911000.0,3682365000.0,0.0,-791079000.0,9934246240.0,12680430240.0,34.64932308744543,1.364455326760987,0.4398730537444895,0.9192198333480894,0.007833207323498887,34.64932308744543,0.008474254007004547,37.98162612691834,85.07387250368238,2.8837504198228983,2.8820950227794335,0.0,0.008469389419926438,0.036332232802774624,1.3518997517727231,0.004055173586377573,-370.6393403723464,0.5906352034379134,-0.17142857142857143,-0.5678675351921212,0.021504797165914222,0.06696742981695497,-0.020753437248426376,-0.16488829132934749,-0.0765465454928243,-0.6832935242401578,0.08634286496801534,-0.055762758492304915,REIT—Residential,Real Estate,CPT
2020Q3,2020,Q3,2020-10-30,2020-09-30,34957000.0,265721000.0,56998000.0,0.35,157757000.0,0.619706383763421,7324723000.0,3494063000.0,613684000.0,354950000.0,3758716000.0,0.0,-737556000.0,8846302620.0,11482487620.0,35.14482141240608,1.7289308353289197,0.4403987700285731,0.9232229069710535,0.008340402972177245,35.14482141240608,0.010004685090108564,33.29169550016747,63.265602168378294,2.5318097069228576,2.4068999055983067,0.0,0.009511092217191186,0.03627727628744459,1.7178926609381604,0.004772467163604685,129.52316461441603,0.593694137836302,1.0588235294117645,-0.15367643855525798,0.04897799388512438,0.0835231114097788,0.09368912182913555,1.1215633913940644,0.44558573638692334,-0.06931599050464589,0.06604761964747645,-0.07553830937099454,REIT—Residential,Real Estate,CPT
2020Q2,2020,Q2,2020-07-31,2020-06-30,16477000.0,250683000.0,39429000.0,0.17,144243000.0,0.6023623460705353,7321700000.0,3538212000.0,627109000.0,314090000.0,3711133000.0,0.0,-689809000.0,9067176780.0,11690463780.0,35.59605227416775,1.9965901493202585,0.44045385634483797,0.9114408633513198,0.005701743392620185,35.59605227416775,0.004656871888965387,36.16989097784852,137.57323511561572,2.5626437251357466,5.104812769314803,0.0,0.009276536902371943,0.03423835994372892,1.983558852558184,0.0022504336424600843,183.0052230250676,0.5754000071803832,-0.6046511627906977,-0.5903833546028104,0.018997057505341162,0.08973431468490273,-0.1224653683999197,-0.6193281582108863,-0.36207287082578304,-0.6188535157642744,0.01734186101754,0.05325902951594103,REIT—Residential,Real Estate,CPT
2020Q1,2020,Q1,2020-05-08,2020-03-31,43284000.0,265879000.0,61808000.0,0.43,164373000.0,0.6459442077035042,6715570000.0,3598553000.0,46988000.0,273318000.0,3044246000.0,0.0,-623570000.0,7868373519.999999,10452972520.0,36.239934339060206,0.17191696119538413,0.3881838771690266,0.7244234001833515,0.009856792844741953,36.239934339060206,0.01202816798863321,29.59381342640825,45.44620136771093,2.186538177984317,1.8707374549487108,0.0,0.010290945110089282,0.0395914270866062,0.15593923561565648,0.006445320352553841,7639.197592233008,0.6182248315963277,-0.5473684210526316,-0.6644483523811634,0.10600185655857584,0.0995536288051734,-0.0033711475847182726,-0.5444460816300756,-0.10503605455967102,0.12441723215321572,0.0968516918716869,0.06255283065511001,REIT—Residential,Real Estate,CPT
2019Q4,2019,Q4,2020-02-20,2019-12-31,95014000.0,263461000.0,69062000.0,0.95,164929000.0,0.6568410504780594,6748504000.0,3628685000.0,49332000.0,307100000.0,3046780000.0,0.0,-584167000.0,10509735500.0,13010650500.0,36.63303215385392,0.16063822859003582,0.37402348727955115,0.6955960630366097,0.011180360239726572,36.63303215385392,0.02618414108692267,39.891048390463865,27.653123487065063,2.896293147517627,0.8500221020060201,0.0,0.007684684357660572,0.03903991166042133,0.14658743080429829,0.014079268531218178,261.01416863280764,0.6260091626464638,1.1590909090909092,-0.5234393040315305,0.08969425688223617,0.12656886431359424,0.03514739940626,1.1793701401472578,0.11039295131519712,1.1050988254528737,0.09929021456839186,0.06330115386528722,REIT—Residential,Real Estate,CPT
2019Q3,2019,Q3,2019-11-01,2019-09-30,43597000.0,260672000.0,62196000.0,0.44,159329000.0,0.6398807697029216,6648646000.0,3584878000.0,186095000.0,326111000.0,2990865000.0,0.0,-599615000.0,10985438590.0,13305586590.0,36.225891530836,0.5706492574614165,0.3726152663264069,0.6910659163296492,0.010188321299989216,36.225891530836,0.012161362255563508,42.142764048305914,62.99423463770444,3.0643828297643605,1.852558662293277,0.0,0.007352096080489764,0.039206779846603354,0.5532134763930073,0.00655727496997133,114.63823964018492,0.6112240670267616,0.023255813953488393,0.014373636293094816,0.08958802481000812,0.16370178247937847,0.01535824215040881,0.02825538338168353,0.021633075444734636,-0.8641990216657283,0.07249450033641944,0.04372066414520505,REIT—Residential,Real Estate,CPT
2019Q2,2019,Q2,2019-07-26,2019-06-30,42399000.0,255761000.0,60879000.0,0.43,156919000.0,0.643311529122892,6621602000.0,3615623000.0,177240000.0,268663000.0,2932834000.0,0.0,-563834000.0,10363056340.0,12690308340.0,36.55726317705226,0.6597112367538515,0.37404890840615307,0.6850280020898196,0.009940519328403789,36.55726317705226,0.011726609770985526,40.51851666203995,61.104367673765886,2.866188300052301,1.9043137809854005,0.0,0.007791234299127626,0.03862524506909355,0.6396414839408479,0.006403133259896925,-8592.915704809287,0.6135376386548379,0.07499999999999993,0.06766033864388704,0.08956340424795567,0.18570495427134903,0.04690835824081981,0.09804987957423665,0.046948356807511735,-0.9139746296127859,0.04569130965641975,0.0021741926052336914,REIT—Residential,Real Estate,CPT
2019Q1,2019,Q1,2019-05-03,2019-03-31,38613000.0,248567000.0,58149000.0,0.4,149888000.0,0.6345532592822056,6285394000.0,3652828000.0,33084000.0,238626000.0,2559074000.0,0.0,-526856000.0,9800625800.0,11919352800.0,37.699995871692195,0.13864373538507957,0.3380566118846329,0.5816915003936676,0.010022089370894459,37.699995871692195,0.01057071397832036,39.428507404442264,63.45418511900137,2.683024166481422,1.941884857431435,0.0,0.007650735935658313,0.03954676508743923,0.11494556335017977,0.00614329030129217,745.1247472059606,0.6030084444033198,-0.02439024390243891,-0.12752735501966814,0.09193029392413099,0.2121167343071126,-0.005882938152876803,-0.014873966731299112,-0.03175369654988677,-0.1467768466809696,0.0533483779333741,0.17087561903566453,REIT—Residential,Real Estate,CPT
2018Q4,2018,Q4,2019-02-15,2018-12-31,39196000.0,244919000.0,60056000.0,0.41,150775000.0,0.6459237543841025,6219586000.0,3364097000.0,66523000.0,276206000.0,2781808000.0,0.0,-495496000.0,8387819100.0,10675017100.0,35.31415464718356,0.24084560074726835,0.3732685744678183,0.6901037633575964,0.01047794492968324,35.31415464718356,0.011651269270773108,34.24731890951703,53.49920336258802,2.4933344965974524,1.9128482498214103,0.0,0.00893867632409955,0.03937866603982966,0.20744661593158728,0.006302027176728483,205.04605813186006,0.6156116920287932,0.024999999999999883,-0.7231805687722258,0.13670578267293046,0.12773308780027814,0.029223039851461494,0.008490711676015027,0.013996994613942965,-0.3944601671851126,-0.0016925272848746329,0.08743979572046108,REIT—Residential,Real Estate,CPT
2018Q3,2018,Q3,2018-10-26,2018-09-30,38866000.0,241770000.0,59227000.0,0.4,146494000.0,0.6367084419075981,6198500000.0,3400876000.0,41195000.0,285196000.0,2723703000.0,0.0,-466512000.0,8805557080.0,11056637080.0,35.70211113094051,0.1444445223635675,0.3645412599822538,0.6644196965722949,0.010377601072758487,35.70211113094051,0.011428232020220672,36.42121470819374,56.64048963103998,2.5892026289697125,1.9315082591468122,0.0,0.008525298208617143,0.03900459788658547,0.10916702899058893,0.006270226667742196,176.55960299159867,0.6059229846548373,0.0,-0.4954716879395142,0.09901494415407683,0.1735814415089919,0.013722138799122558,0.005042538336220941,0.012496580962800876,-0.017925093796319132,-0.0038714206310005586,0.10070448452581772,REIT—Residential,Real Estate,CPT
2018Q2,2018,Q2,2018-08-03,2018-06-30,38671000.0,237133000.0,58496000.0,0.4,144511000.0,0.6412941260811443,6131906000.0,3435836000.0,97125000.0,255309000.0,2617364000.0,0.0,-436575000.0,8679494590.0,10820711590.0,36.07442016736138,0.38042137174952706,0.3596415209235106,0.6418490288826358,0.010271670515924647,36.07442016736138,0.011255193786897861,36.60179979167809,56.111133601406735,2.5261667291453955,1.9398515683587185,0.0,0.008642899563118457,0.038671988774779,0.3428942967149611,0.006306521985170679,225.9637757413241,0.6094090657985182,-0.02439024390243891,-0.5094816548874243,0.07720248817344354,0.191306918100768,0.03879552022082609,-0.01837796674704912,-0.0028807636580584677,0.0033069167250256927,0.00597917613549692,0.10437902596472441,REIT—Residential,Real Estate,CPT
2018Q1,2018,Q1,2018-05-04,2018-03-31,39395000.0,230683000.0,58665000.0,0.41,139114000.0,0.6360156578508169,6128375000.0,3459552000.0,139834000.0,227850000.0,2589792000.0,0.0,-396596000.0,8002740060.000001,10106279060.0,36.390671841964085,0.6137107746324336,0.3597919513737328,0.6373484196797735,0.010258404148009955,36.390671841964085,0.011387312576888568,34.691503318406646,50.785252316283795,2.3132301696867112,1.8515801497651987,0.0,0.009114753128692773,0.037641789218185895,0.5477199912222954,0.006428294613172333,522.1675623124104,0.6030526740158573,-0.5494505494505494,-0.4339746410116113,0.07236605689548775,0.21977005487445675,-0.021102925137038837,-0.552273579652002,-0.07304702313234736,-0.6810050527019813,0.002300904053722621,0.10412714615110162,REIT—Residential,Real Estate,CPT
2017Q4,2017,Q4,2018-02-16,2017-12-31,87989000.0,229827000.0,63288000.0,0.91,142113000.0,0.6491360893193576,6173748000.0,3482593000.0,401843000.0,252639000.0,2611804000.0,0.0,-368703000.0,8736954300.0,10573060300.0,36.695569253463994,1.5905818183257534,0.35709232058062623,0.6330334897014954,0.011101247476114741,36.695569253463994,0.025265369797734045,38.01535198214309,24.823995897214427,2.5087497448022207,0.8288536067008376,0.0,0.00834730244611672,0.03722649515334931,1.5537189428393874,0.014252120429923605,406.06777746793085,0.6183477137150988,1.3947368421052633,-0.4372127174091076,-0.13305581797480007,0.2355177211006816,0.07076498820834683,1.559010004653327,0.13915438198606836,-0.539376267437086,-0.007851493403467415,0.1284920561746801,REIT—Residential,Real Estate,CPT
2017Q3,2017,Q3,2017-10-27,2017-09-30,34384000.0,228178000.0,55557000.0,0.38,132721000.0,0.6130959163460106,6168895000.0,3459922000.0,383072000.0,270546000.0,2629303000.0,0.0,-383584000.0,8322955950.0,10176932950.0,38.01652547494259,1.415921876501593,0.3573169911305023,0.6370811249502156,0.009668943827660146,38.01652547494259,0.009937796285581004,36.475716107600206,60.51474486679851,2.4055328270406098,2.01675197766403,0.0,0.008331655293694064,0.036988472003494956,1.3819978857569508,0.005573769694572529,141.94518546942953,0.5816555496147744,-0.11627906976744183,0.05368965205917923,0.2526886944233395,0.3218066866591234,-0.020523682307272216,-0.12258854751454527,-0.07343228819212809,-0.13012037696636197,0.0370581725207932,0.22122318014466952,REIT—Residential,Real Estate,CPT
2017Q2,2017,Q2,2017-07-28,2017-06-30,39188000.0,223370000.0,59960000.0,0.43,135502000.0,0.6402695079912253,5798600000.0,3045198000.0,48222000.0,234660000.0,2673411000.0,0.0,-351910000.0,7704878550.0,9992460550.0,33.796104544697855,0.2054973152646382,0.3973200427689442,0.7565682100145869,0.011202419535327237,33.796104544697855,0.012868785543665797,34.49379303397949,49.15330298815964,2.5301732596698145,1.769061957742166,0.0,0.008997675894579804,0.03852136722657193,0.1700758544276826,0.006758183009691995,170.39782714465798,0.6066257778573667,0.1025641025641025,0.6631400173583271,0.2801853144244089,0.1736567370707415,0.025427191960164065,0.12412151114425862,0.04664153051249825,0.08315639893373572,0.044488361180023396,0.09614903062204176,REIT—Residential,Real Estate,CPT
2017Q1,2017,Q1,2017-05-05,2017-03-31,34861000.0,219521000.0,57288000.0,0.39,132142000.0,0.6379936315887774,5935346000.0,3067025000.0,277338000.0,214094000.0,2788043000.0,0.0,-317642000.0,7235365499.999999,9440131500.0,34.10647762023909,1.2954029538427045,0.41283102956424106,0.7989158875457487,0.01024916777409866,34.10647762023909,0.011366389253429627,32.95978744630354,51.88724864461719,2.359082661536831,1.9839075184303376,0.0,0.009558743093213468,0.036985375410296215,1.2572187917456819,0.005873457082367229,709.21049794158,0.6019560770951299,-0.13333333333333333,-0.6619456789941822,0.2038582159653468,0.21475613205880187,-0.031912555495318615,-0.14750690827280952,-0.08766900769194018,-0.1512777474418144,0.03904651639673164,0.09657922543181438,REIT—Residential,Real Estate,CPT
2016Q4,2016,Q4,2017-02-13,2016-12-31,40893000.0,217139000.0,62793000.0,0.45,136498000.0,0.6606966044791586,6028152000.0,3091910000.0,369854000.0,256015000.0,2855562000.0,0.0,-289180000.0,7544862149.999999,9788086150.0,34.45217003732798,1.4446575395972892,0.41150057264647605,0.8022833782354596,0.011158855376550113,34.45217003732798,0.013225805408307487,34.746692901781806,46.12563366590859,2.440194620800735,2.0253099552490648,0.0,0.01097713892625593,0.03602082362886669,1.4116047887819072,0.006783671015594829,1431.9343613588915,0.6286203768093249,-0.8598130841121495,-0.25102438046343933,0.902481649239562,0.5648973674740996,0.02353029394121176,-0.859424953076336,0.022937199641606256,-0.6934415943175346,0.06972675595032497,0.10020620586240699,REIT—Residential,Real Estate,CPT
2016Q3,2016,Q3,2016-10-28,2016-09-30,290898000.0,220235000.0,61385000.0,3.21,133360000.0,0.6350534656162735,6088279000.0,3112269000.0,446431000.0,292133000.0,2895029000.0,0.0,-261324000.0,7508882060.0,9675766060.0,34.70841650960756,1.5281772343418922,0.40744289149692386,0.7970474274556602,0.010961082351204847,34.70841650960756,0.09346814173196469,34.09486257860921,6.453191548240276,2.412671289017755,1.537559556958109,0.0,0.059565857663770524,0.03617360505325068,1.4984270862928872,0.04778000482566584,240.25347347539514,0.6055349967080619,-0.3475609756097561,16.483933545440372,0.30435513549554066,0.4874530829605176,-0.004084924611857483,-0.3482036827081214,-0.0008789205553475806,3.0115388680738295,0.06351127732146411,0.14091722280644559,REIT—Residential,Real Estate,CPT
2016Q2,2016,Q2,2016-07-29,2016-06-30,446302000.0,221478000.0,61439000.0,4.92,133907000.0,0.6380859498460344,6199474000.0,3266929000.0,492549000.0,256781000.0,2854604000.0,0.0,-104004000.0,7918806780.0,10057880780.0,36.47795308120904,1.9181676214361654,0.40016298156908153,0.7593675895619403,0.010617175976682571,36.47795308120904,0.13661209043722713,35.75437190149812,4.4357894318197095,2.423929868081002,0.1546486459841094,0.0,0.008715959603196682,0.035725288951933665,1.4243032000031155,0.07199030111264278,197.26494731335475,0.6046063265877424,9.695652173913043,25.281605752954828,0.5474172891584376,0.5623110311866714,0.011733683908306512,9.694991612748622,0.027322130256667503,5.020360748225092,0.06994086748685417,0.2046330242368555,REIT—Residential,Real Estate,CPT
2016Q1,2016,Q1,2016-04-29,2016-03-31,41730000.0,217595000.0,59805000.0,0.46,132354000.0,0.6454468163330959,6040455000.0,2876709000.0,274741000.0,235510000.0,3087750000.0,0.0,-491275000.0,7512936960.0,10271818960.0,32.198121866045845,1.1665789138465459,0.4578822290704922,0.9614517839656357,0.010511528405954826,32.198121866045845,0.014506159642841873,34.52715806888945,45.00920776419842,2.611643012901201,1.5396357536544452,0.0,0.0085517821248962,0.036022948602381775,0.1313999405545412,0.006908419978296337,320.44943314139476,0.6082584618212735,-0.31343283582089554,2.7168231770863067,0.21637530823119552,0.38741943811391055,-0.06856583882840595,-0.3113065865694057,-0.06780453588964228,-0.36201926341460916,0.07631843030988535,0.07924099466918401,REIT—Residential,Real Estate,CPT
2015Q4,2015,Q4,2016-02-19,2015-12-31,60593000.0,229658000.0,64155000.0,0.67,142097000.0,0.6498706772679376,6037612000.0,2895921000.0,41688000.0,242851000.0,3065352000.0,0.0,-458577000.0,6845073000.0,9559143000.0,32.474583683767875,0.1716608125970245,0.45128554136966736,0.940870624578502,0.011315739574995393,32.474583683767875,0.020923568011696453,29.8055064487194,28.24201227864605,2.3636946587976673,1.0604030168501313,0.0,0.00938675160951534,0.03803788650214687,0.147073720099979,0.010035921486839499,417.15357425802915,0.6187330726558622,0.6341463414634149,1.5855420455502518,0.4037815573796079,0.38466028570895655,0.045076782772417036,0.6357034877443041,0.051704070425075,-0.5875376386010185,-0.07802819029185622,0.09339967856949741,REIT—Residential,Real Estate,CPT
2015Q3,2015,Q3,2015-10-30,2015-09-30,37044000.0,227185000.0,61001000.0,0.41,135968000.0,0.629790699209895,6033888000.0,2892096000.0,54722000.0,253450000.0,3065336000.0,0.0,-452257000.0,6589219600.000001,9294051600.0,32.435691534700105,0.21590846320773327,0.4499929398755827,0.9388370925446459,0.010738828201253344,32.435691534700105,0.01280870344552878,29.00376169201312,44.46887215203542,2.2783543838102194,1.7345049130763417,0.0,0.009751230631317857,0.03765151093291755,0.13978299467350563,0.006139325091881056,268.3562596725585,0.5984902172238484,0.024999999999999883,7.443596334051991,0.31381492522700616,0.4080264033565484,0.009720850444455996,0.026746861054907287,0.0005576787442386864,0.1587200862849073,0.2730732280695978,0.1277651868853243,REIT—Residential,Real Estate,CPT
2015Q2,2015,Q2,2015-07-31,2015-06-30,36079000.0,220651000.0,60967000.0,0.4,134659000.0,0.6429247997969645,6000768000.0,2912173000.0,48154000.0,236690000.0,3011892000.0,0.0,-426614000.0,6622284840.0,9280463840.0,32.66489069352686,0.20344754742490176,0.4457241139800772,0.9184505865551257,0.010794472214475128,32.66489069352686,0.012389030459385483,30.01248505558552,45.887391834585216,2.274001180561732,1.780454003714072,0.0,0.009700126399274603,0.03677046004778055,0.1789809455405805,0.006012397079840447,-299.9087378289027,0.6102804881917598,-0.6850393700787402,6.094513882757679,0.3967154861950627,0.40168014094128207,0.03595799515328692,-0.6878952240071281,0.011564625850340135,0.5475444602433126,0.2781058597090465,0.1343724238227855,REIT—Residential,Real Estate,CPT
2015Q1,2015,Q1,2015-05-01,2015-03-31,115599000.0,215434000.0,60270000.0,1.27,129985000.0,0.6360323811468942,6077059000.0,2932902000.0,205039000.0,221968000.0,3067248000.0,0.0,-403518000.0,6952554310.0,9521318310.0,32.958769258431005,0.9237322496936495,0.45138890374439344,0.9352910530252971,0.010580863859933837,32.958769258431005,0.03941454572979254,32.272316858063256,15.035930912032109,2.370537546089164,0.5223747610273445,0.0,0.008685440962776169,0.03545037163535848,0.9010533049808982,0.019022194782048356,-327.6724625318126,0.6033634430962616,-0.35858585858585856,20.401406612878546,0.24739055825001938,0.43668663385829887,-0.021595134508558267,-0.3523792983674887,0.12268087325832651,0.13280356881030625,0.1938984669193344,0.17387868391404795,REIT—Residential,Real Estate,CPT
2014Q4,2014,Q4,2015-02-20,2014-12-31,178498000.0,216459000.0,53684000.0,1.98,132854000.0,0.6469123482969061,6056907000.0,2883736000.0,212936000.0,256767000.0,3100364000.0,0.0,-453777000.0,6548352720.0,9137973720.0,32.51734830801845,0.8292965996409196,0.4529603971135763,0.951383552447242,0.009505212027125152,32.51734830801845,0.06189817653210974,30.25216193366873,9.171465114455065,2.2707878668505024,0.33742674987955046,0.0,0.00919773301399073,0.03573754723326609,0.7006157333302176,0.029470156962951553,-311.0856399049881,0.6137605735959235,3.604651162790698,2.7256309910224834,0.2739239944712732,0.41242498176994696,0.03981466262806515,3.6625917509077137,-0.11101543352984036,2.308429986604621,0.9192350947950371,0.47701328274307575,REIT—Residential,Real Estate,CPT
2014Q3,2014,Q3,2014-10-31,2014-09-30,38283000.0,213098000.0,60388000.0,0.43,127767000.0,0.6308036677960375,5911976000.0,2743974000.0,97850000.0,261889000.0,3100068000.0,0.0,-568142000.0,6040645380.0,8718467380.0,31.129875433939148,0.37363157673670905,0.46413398836531133,0.9999908891265005,0.010905921848004253,31.129875433939148,0.013951662807300652,28.346795277290262,39.44730938014262,2.201422236508072,1.5612412820311887,0.0,0.009894472567101761,0.03604513956078306,0.35160316011745435,0.0064754999005408685,590.0796502881703,0.5995692122873044,0.07499999999999993,4.047567810859512,0.17618587910919958,0.2600886729282922,0.017966409586334376,0.08536516216829212,0.020550260258230243,1.3406910389340503,0.2838923312767334,0.3340922416778159,REIT—Residential,Real Estate,CPT
2014Q2,2014,Q2,2014-08-01,2014-06-30,35272000.0,208492000.0,59172000.0,0.4,125512000.0,0.6360531818966675,5790088000.0,2708408000.0,47994000.0,222309000.0,3013492000.0,0.0,-550050000.0,6250171750.000001,8934341750.0,30.831669417724402,0.21588869546442113,0.46635543363071513,0.9969838369994476,0.010820672322017477,30.831669417724402,0.013023148654117104,29.97799316040904,44.29981111079611,2.307692101780825,1.6933545021546836,0.0,0.00955621739514598,0.03600843372328711,0.19149022306789198,0.006091789969340708,-107.90856079832878,0.6019991174721332,-0.11111111111111108,0.2306708916324749,0.08557595464539072,0.14467666839965407,0.008071835318496149,-0.11899290638425417,-0.023387083463995116,2.9564594214930096,0.48510936158134044,0.32048684678046774,REIT—Residential,Real Estate,CPT
2014Q1,2014,Q1,2014-05-07,2014-03-31,40036000.0,205929000.0,60589000.0,0.45,124507000.0,0.6390794885615916,5679849000.0,2726175000.0,48462000.0,206631000.0,2885246000.0,0.0,-523321000.0,5902418340.0,8475572340.0,31.10261149330869,0.23453402442034352,0.45598430521656474,0.9500204498977505,0.011267242542468138,31.10261149330869,0.014685777692187773,28.66239500021852,36.856943375961635,2.165091507331701,1.4183984414027375,0.0,0.009620971732071434,0.03625606948353732,0.20767938983018036,0.007048778937609081,-367.38568031868544,0.6046112980687518,-0.6917808219178082,3.0703026860833194,0.04286000086595072,0.24628779657643632,0.018295575365993293,-0.6920212929628604,-0.01976994386112504,2.6348183633359934,0.17339629188139566,0.34021381562094855,REIT—Residential,Real Estate,CPT
2013Q4,2013,Q4,2014-02-21,2013-12-31,129996000.0,197815000.0,61811000.0,1.46,122270000.0,0.6508808735434624,5632141000.0,2738716000.0,52117000.0,205742000.0,2824780000.0,0.0,-494167000.0,4974667920.0,7487639920.0,31.314284407550968,0.2533124009682029,0.4493435089782021,0.9240702577412189,0.011661681496753954,31.314284407550968,0.047466038829875025,25.14808240022243,9.566963445029078,1.8164234334629805,0.436882673313025,0.0,0.011416440436490483,0.03512252267832073,0.22123824984689563,0.02308109828926513,-296.25225821819913,0.6181027727927609,0.8249999999999998,2.7965351206651397,0.050882055673354715,0.23243253418595564,0.007407041220719941,0.8381787330316742,0.03720173171795818,4.655848258390882,0.23286574252870848,0.3351871240832556,REIT—Residential,Real Estate,CPT
2013Q3,2013,Q3,2013-11-01,2013-09-30,70720000.0,201956000.0,59594000.0,0.8,121371000.0,0.6349353324486522,5691211000.0,2660330000.0,151835000.0,231376000.0,2966129000.0,0.0,-571935000.0,5372866560.0,8033196560.0,30.421502818785807,0.6562262291681074,0.46827239404759374,1.001769329368913,0.010969577929201392,30.421502818785807,0.02658316825356253,26.604144269048703,18.993447963800904,2.019624091748016,0.8034643665158371,0.0,0.010575546473277759,0.035485593487923746,0.1390852983887698,0.012426177838073479,132.02443876548062,0.6009774406306324,-0.012345679012345689,-0.39224289887406333,0.024693549113573358,0.11253974433224649,0.00794758084608102,-0.020118605553400212,0.039381889214455144,15.435636771146612,0.19081965352846755,0.3205909037829958,REIT—Residential,Real Estate,CPT
2013Q2,2013,Q2,2013-07-26,2013-06-30,72172000.0,201527000.0,57336000.0,0.81,120414000.0,0.6308931309452331,5486282000.0,2640264000.0,40161000.0,193963000.0,2781152000.0,0.0,-574286000.0,6036232930.0,8553549930.0,30.281382252755446,0.20705495377984462,0.46002429331922784,0.9558979708089798,0.010999893387260554,30.281382252755446,0.027335145273351454,29.952477484406558,20.909192380701658,2.2862232450997326,0.783240037687746,0.0,0.00936478109038115,0.036732891236724616,0.17415692683656162,0.01315499276194698,-2075.733469738652,0.5975080262198117,0.1250000000000001,1.6492753499855732,-0.01699386572419987,0.13353413920516002,0.03286070867965312,0.1369966601550192,0.01609130219040193,13.511128727996697,0.304366365213933,0.299401627948821,REIT—Residential,Real Estate,CPT
2013Q1,2013,Q1,2013-05-03,2013-03-31,63476000.0,196190000.0,56428000.0,0.72,116583000.0,0.6322595443192823,5382856000.0,2586701000.0,107154000.0,179549000.0,2732833000.0,0.0,-590831000.0,6027592560.0,8451555560.0,29.83404265135001,0.5967953037889379,0.4613916850088503,0.9601438279878501,0.010991638338036402,29.83404265135001,0.02453936500585108,30.723240532137215,23.73965183691474,2.3302239261514957,0.7867698027600983,0.0,0.008285397445642877,0.03644719457477592,0.48226389453575347,0.011792253034448627,227.62811782477343,0.5942351801824761,-0.55,1.6979779836413431,0.03364903717740663,0.10876138667267989,0.015062732362236946,-0.5535078710802864,0.020231788678153645,11.06119207588137,0.16588983416874592,0.30047848495400425,REIT—Residential,Real Estate,CPT
2012Q4,2012,Q4,2013-02-15,2012-12-31,142166000.0,241058000.0,55309000.0,1.6,114853000.0,0.7143965352736685,5385172000.0,2563099000.0,96802000.0,180317000.0,2758464000.0,0.0,-598951000.0,5886386579.999999,8370185579.999999,29.700560847296575,0.536843447927816,0.4661815815725106,0.9794658731480914,0.010859054040764156,29.700560847296575,0.055466449013479385,24.418963817836367,10.35125589100066,2.296589628414665,0.354353361563243,0.0,0.00855822146835623,0.044763287040785325,0.33437779022499264,0.026399528185914952,20.191219420166565,0.4764537995005351,3.5714285714285716,0.30761617041056927,0.21092884189013816,0.066072923675079,0.0,3.6303618538904994,0.0,2.412374822067239,0.4579044589463824,0.29007487682984495,REIT—Residential,Real Estate,CPT
2012Q3,2012,Q3,2012-11-02,2012-09-30,30703000.0,171383000.0,0.0,0.35,0.0,0.0,5217960000.0,2462836000.0,5590000.0,361400000.0,2684852000.0,0.0,-692235000.0,5488947099.999999,7877082099.999999,28.761032803540775,0.015467625899280576,0.4587472882122515,0.9719384481954949,0.0,28.761032803540775,0.012466522334414473,32.02737202639701,44.69389880467706,2.2287099506422674,1.6214376445298504,0.0,0.00906968114157996,0.032844828247054404,0.09536247924737133,0.005884100299733996,-21.283568182523183,0.0,0.34615384615384603,0.7568408291408718,-0.12162045742725441,0.0326342667956904,0.0,0.41078895372880575,0.0,3.167048974967626,-0.02627589459066896,0.16420162793034385,REIT—Residential,Real Estate,CPT
2012Q2,2012,Q2,2012-08-03,2012-06-30,21763000.0,161156000.0,0.0,0.26,0.0,0.0,5112574000.0,2396453000.0,52126000.0,319700000.0,2647666000.0,0.0,-674221000.0,5631700410.0,7975986410.0,28.795561323191905,0.16304660619330621,0.46872905898281375,0.9999828913815543,0.0,28.795561323191905,0.009081338127641144,34.94564527538534,64.6935212286909,2.3500149637818897,2.1869227588108258,0.0,0.00845108875384939,0.03152149973770551,0.2566969033468877,0.0042567599021549616,-360.84451912603316,0.0,-0.7570093457943925,-0.6384083332116847,-0.13491931015460662,-0.00023357639350999842,0.0,-0.7624360051959961,0.0,-0.19849860063465627,-0.11429116001552504,0.06908279125425462,REIT—Residential,Real Estate,CPT
2012Q1,2012,Q1,2012-04-27,2012-03-31,91609000.0,161989000.0,0.0,1.07,0.0,0.0,5004015000.0,2242916000.0,49702000.0,330000000.0,2692484000.0,0.0,-648074000.0,5252438750.0,7633842750.0,28.076810414971522,0.15061212121212122,0.48583107764465133,1.0839041676103787,0.0,28.076810414971522,0.04084370524798967,32.42466309440764,14.333850249429641,2.3417902186261097,0.45043609252366035,0.0,0.007856160150368245,0.032371805440231494,0.24073939393939395,0.018307099399182458,338.64853320438425,0.0,0.7587849794238684,4.173310797230288,-0.09465892860443642,-0.040211564475792466,0.0,0.8849588477366255,0.0,9.218938938712208,-0.09991057367136863,0.12504334867498865,REIT—Residential,Real Estate,CPT
2011Q4,2011,Q4,2012-02-17,2011-12-31,48600000.0,101595000.0,0.0,0.6083745383989485,0.0,0.0,4622075000.0,1758717000.0,55159000.0,431300000.0,2794307000.0,0.0,-690466000.0,4972042400.0,7348995400.0,22.015609939287724,0.12789009969858567,0.5261948367345834,1.382889913499443,0.0,22.015609939287724,0.027633780761771223,48.93983365323096,25.576349794238684,2.8270849716014577,0.8088477366255145,0.0,0.007906207718582609,0.021980387596479935,0.19984697426385348,0.01051475798207515,-173.59877099263295,0.0,2.802340864993428,0.14080894423088122,-0.5184184687388271,-0.2534381249528188,0.0,2.576158940397351,0.0,1.735328264335815,-0.4091103834030665,-0.13353428116073351,REIT—Residential,Real Estate,CPT
2011Q3,2011,Q3,2011-11-04,2011-09-30,13590000.0,137914000.0,0.0,0.16,0.0,0.0,4594574000.0,1709038000.0,56099000.0,452400000.0,2816725000.0,0.0,-700897000.0,4047352920.0,6424357920.0,23.334125228693917,0.12400309460654288,0.5295603030879468,1.4236687540007888,0.0,23.334125228693917,0.007951841913403914,29.346933016227503,74.45461589403973,2.368205341250458,2.867255334805004,0.0,0.009627527119626623,0.03001671101608114,0.19339964633068082,0.0029578367874801884,-2795.133232044199,0.0,1.6956521739130435,-0.9137040651533315,-0.49638228310387683,-0.2148740114018712,0.0,1.915336431602344,0.0,-0.8605553362932801,-0.1645119372594623,-0.1466515684387257,REIT—Residential,Real Estate,CPT
2011Q2,2011,Q2,2011-07-29,2011-06-30,-14847000.0,115614000.0,0.0,-0.23,0.0,0.0,4559059000.0,1689116000.0,63148000.0,435800000.0,2800671000.0,0.0,-676367000.0,4602461660.0,6973380660.0,23.34871376636302,0.1449013308857274,0.5338967975628304,1.441030100952214,0.0,23.34871376636302,-0.008789804844664309,39.8088610375906,-77.49817572573583,2.7247753617868757,-2.6042971644103186,0.0,0.008401156349882555,0.02535918048000695,0.2146603946764571,-0.003256593082037324,289.4265916236951,0.0,-3.3,-1.3294063894057198,-0.3188760844061319,-0.21118989398137047,0.0,-2.6430942895086322,0.0,-1.6568590846325115,-0.3203136326440122,-0.12597899462486864,REIT—Residential,Real Estate,CPT
2011Q1,2011,Q1,2011-04-29,2011-03-31,9036000.0,143973000.0,0.0,0.1,0.0,0.0,4583293000.0,1668737000.0,0.0,440100000.0,2844272000.0,0.0,-623740000.0,4085698920.0,6461447920.0,23.207201068061078,0.0,0.5399000238474826,1.4828699789121953,0.0,23.207201068061078,0.005414873643959473,28.37823008480757,113.03947875166003,2.4483779768771234,3.906595838866755,0.0,0.008639892633106699,0.0314125673396835,0.2925335151102022,0.0019715082583635826,130.6754596046824,0.0,-0.6194845742710483,-0.8353810801790514,-0.08573483181073005,-0.08853964095915245,0.0,-0.5218288617240832,0.0,-0.5369007619447743,-0.08536822339487028,-0.13752055872150662,REIT—Residential,Real Estate,CPT
2010Q4,2010,Q4,2011-02-24,2010-12-31,18897000.0,131918000.0,0.0,0.2628014352070759,0.0,0.0,4699737000.0,1686419000.0,0.0,449500000.0,2942364000.0,0.0,-595317000.0,3881485880.0,6274664880.0,23.453105443217535,0.0,0.5455100998204793,1.5202354812178942,0.0,23.453105443217535,0.011205400318663393,29.423474279476643,51.350556702122034,2.301614177734003,1.82960258242049,0.0,0.008907413570186684,0.028069230256927143,0.45753948832035596,0.004020863295116302,150.66125373597797,0.0,12.140071760353795,0.10712267536215951,-0.05724794078529645,-0.07121868249447261,0.0,4.557941176470588,0.0,-0.7914006254977555,-0.2046894690159181,-0.15817344939509312,REIT—Residential,Real Estate,CPT
2010Q3,2010,Q3,2010-11-05,2010-09-30,3400000.0,134009000.0,0.0,0.02,0.0,0.0,4606735000.0,1591807000.0,0.0,472700000.0,2941769000.0,0.0,-580046000.0,3314727000.0,5765868000.0,23.036280752532562,0.0,0.5518468069033708,1.5970604476547723,0.0,23.036280752532562,0.0021359373341114847,24.73510734353663,243.72992647058823,2.0823673975551054,10.116764705882353,0.0,0.010377023507516606,0.029089800042763476,0.297966998096044,0.0007380498335589088,53.07724455973483,0.0,-0.3333333333333333,2.1471318455985364,-0.07905142896487224,-0.10442942973444382,0.0,-0.12461380020597322,0.0,-0.7589076174898031,-0.14885920515770693,-0.1729068616178976,REIT—Residential,Real Estate,CPT
2010Q2,2010,Q2,2010-07-30,2010-06-30,3884000.0,120655000.0,0.0,0.03,0.0,0.0,4594980000.0,1586776000.0,0.0,436100000.0,2933402000.0,0.0,-550039000.0,2781476500.0,5225424500.0,23.304097517990893,0.0,0.559763698645043,1.6209616228125456,0.0,23.304097517990893,0.0024477304925206835,23.053139115660354,179.03427523171987,1.7529106187640853,8.625128733264676,0.0,0.012043962981531571,0.026258003299252663,0.45545975693648244,0.0008452702732112,67.19516113446393,0.0,0.0,23.008060563225143,-0.1645656556779605,-0.11649799818809818,0.0,-0.037422552664188355,0.0,-0.9211250848111822,-0.20838230137721372,-0.19089425035191335,REIT—Residential,Real Estate,CPT
2010Q1,2010,Q1,2010-05-07,2010-03-31,4035000.0,129016000.0,0.0,0.03,0.0,0.0,4527879000.0,1524991000.0,0.0,432200000.0,2926988000.0,0.0,-520798000.0,2767354250.0,5309462250.0,22.94081985708913,0.0,0.5677406573806412,1.6856892925925464,0.0,22.94081985708913,0.0026459172545936337,21.449698099460534,171.4593711276332,1.8146692341135129,8.216852540272615,0.0,0.011980757432844023,0.028493694288208672,0.248329477093938,0.0008911457218711013,90.17414220078855,0.0,1.025720310565415,-0.983283087173998,-0.6581673812560297,-0.261453345331414,0.0,1.0520403425505571,0.0,-0.7261701046257011,-0.13348284542520567,-0.21578223185432352,REIT—Residential,Real Estate,CPT
2009Q4,2009,Q4,2010-02-25,2009-12-31,-77536000.0,127365000.0,0.0,-1.1663933809702896,0.0,0.0,4607999000.0,1530411000.0,0.0,452400000.0,2998986000.0,0.0,-492571000.0,2816545750.0,5377588750.0,23.022354268522,0.0,0.5697047677310694,1.7153555482808214,0.0,23.022354268522,-0.05066351457222929,22.113969693400854,-9.0814129888052,1.8403851971790584,-0.42753043747420555,0.0,0.011769380987331735,0.027639979956592873,0.32297745358090185,-0.01682639254044977,193.15222534631738,0.0,-20.43988968283816,-3.895168515386994,0.06327699753767052,0.43087961778049155,0.0,-14.633901881484087,0.0,-3.1871921283957927,-0.27447149138188376,-0.21929885121936646,REIT—Residential,Real Estate,CPT
2009Q3,2009,Q3,2009-10-30,2009-09-30,5687000.0,135851000.0,0.0,0.06,0.0,0.0,4734097000.0,1632820000.0,0.0,479100000.0,3019426000.0,0.0,-383265000.0,2663588200.0,5204062200.0,24.7045117559839,0.0,0.5538874678740212,1.605906958513492,0.0,24.7045117559839,0.00348293137026739,19.606688209876996,117.09109372252506,1.6312809740204064,5.825391243186214,0.0,0.01243773343041541,0.028696285690808617,0.35924859110832813,0.0012012850602765427,46.12593426384512,0.0,-0.8,-0.40172147543680575,-0.0844917715099099,0.34322193547832053,0.0,-0.7165711437827063,0.0,-0.959982286724814,-0.45026467661069525,-0.1687644586993323,REIT—Residential,Real Estate,CPT
2009Q2,2009,Q2,2009-07-31,2009-06-30,20065000.0,134456000.0,0.0,0.3,0.0,0.0,4797920000.0,1656465000.0,0.0,443700000.0,3056722000.0,0.0,-357168000.0,1697372400.0,4237525400.0,26.93482820858876,0.0,0.5622890752659486,1.6286598267998418,0.0,26.93482820858876,0.01211314455783853,12.623998929017672,21.14842262646399,1.024695601778486,0.0,0.0,0.0,0.028023810317804383,0.5580504845616407,0.0041820205422349686,42.402508118910816,0.0,1.7272727272727273,0.7174760857534727,-0.019373524294952427,0.42818191471457523,0.0,2.2186397176772537,0.0,-0.47632609299962336,-0.06819647292591481,-0.09003703983819109,REIT—Residential,Real Estate,CPT
2009Q1,2009,Q1,2009-05-01,2009-03-31,6234000.0,125151000.0,0.0,0.11,0.0,0.0,4675042000.0,1386367000.0,0.0,456600000.0,3202944000.0,0.0,-345481000.0,1198812160.0,4023679160.0,24.95620319700461,0.0,0.6057962687821842,2.042837863278627,0.0,24.95620319700461,0.004496644827812549,9.57892593746754,48.07555983317292,0.8647148698721189,0.0,0.0,0.0,0.026770026878902908,0.2230442400350416,0.0013334639560457426,36.82873521550797,0.0,1.1329544613911795,-0.5214906182627984,-0.013850848488616905,0.29038569960797334,0.0,1.1356367354931354,0.0,-0.8529937651163982,0.02870505845348561,-0.01984776796098977,REIT—Residential,Real Estate,CPT
2008Q4,2008,Q4,2009-02-20,2008-12-31,-45961000.0,119564000.0,0.0,-0.8273509504608295,0.0,0.0,4730342000.0,1411494000.0,0.0,486400000.0,3131061000.0,0.0,-312309000.0,1740999680.0,4565988680.0,25.408518145161292,0.0,0.5987719281185165,2.0066652780670693,0.0,25.408518145161292,-0.03256195208764614,14.561236492589742,-9.469983681817192,1.2334446196724889,-0.9402536933487087,0.0,0.024821945975314594,0.025275973703381277,0.228671875,-0.00971621079406098,-15.064069289539944,0.0,-1.626781023076386,-4.580506583556482,0.009033117967536286,0.2958947997081759,0.0,-1.6238513430971997,0.0,-4.4854413828290856,0.10601062338957437,0.006218857279330935,REIT—Residential,Real Estate,CPT
2008Q3,2008,Q3,2008-10-31,2008-09-30,73673000.0,124784000.0,0.0,1.32,0.0,0.0,4832880000.0,1513966000.0,0.0,495400000.0,3118735000.0,0.0,-238301000.0,2539130620.0,5333133620.0,27.34419419509816,0.0,0.5842313485954544,1.864982436857895,0.0,27.34419419509816,0.04866225529503305,20.3482066611104,8.616218356792855,1.6771384694240161,0.5865513824603314,0.0,0.017018817251709565,0.02581980102961381,0.13400282599919258,0.01524411944844482,18.66664671935306,0.0,3.2580645161290325,7.804388504148589,0.025682880599119943,0.3578560892268034,0.0,3.2600323811726613,0.0,32.02200255323019,0.07025525751215171,0.06304727971610341,REIT—Residential,Real Estate,CPT
2008Q2,2008,Q2,2008-08-01,2008-06-30,17294000.0,130146000.0,0.0,0.31,0.0,0.0,4901296000.0,1478654000.0,0.0,483200000.0,3219896000.0,0.0,-272294000.0,2449835260.0,5387948260.0,26.71413343932359,0.0,0.5997097502374882,1.9878585524402599,0.0,26.71413343932359,0.011695771965584916,18.823746100533246,35.41452613623222,1.6568008878344764,2.4876257661616745,0.0,0.01756077263742216,0.026553385063868822,0.07822433774834438,0.003528454514887491,152.66624665046427,0.0,0.14814814814814806,1.0740295449632953,0.07868788000361432,0.299063076465641,0.0,0.15950385517934965,0.0,130.50164151280012,0.10855102636875866,0.012782852976468556,REIT—Residential,Real Estate,CPT
2008Q1,2008,Q1,2008-05-02,2008-03-31,14915000.0,120325000.0,0.0,0.27,0.0,0.0,4892116000.0,1478973000.0,0.0,502100000.0,3209265000.0,0.0,-250845000.0,2759243000.0,5669254000.0,26.90754116255799,0.0,0.5950304530800169,1.9682293050650688,0.0,26.90754116255799,0.010084700667287368,22.931585289840015,46.24946362722092,1.8656479868124707,2.87515923566879,0.0,0.015541581513480328,0.02459569642257052,0.07391555467038438,0.003048782980616159,-146.69021796916533,0.0,-0.7856867445521105,0.27517729446740236,-0.0089618615130952,0.2790812985544233,0.0,-0.7846116077230783,0.0,-0.9252677754478749,-0.614434725088924,-0.13375046599201978,REIT—Residential,Real Estate,CPT
2007Q4,2007,Q4,2008-02-22,2007-12-31,69247000.0,126791000.0,0.0,1.2598380787774037,0.0,0.0,4890760000.0,1531313000.0,0.0,531300000.0,3139495000.0,0.0,-227025000.0,2646564750.0,5473762750.0,27.859783498590012,0.0,0.5782526642076078,1.8468431992675567,0.0,27.859783498590012,0.04522067010467488,20.87344330433548,9.554799305385071,1.7282977092207799,0.6418761823616908,0.0,0.01679460137901406,0.025924600675559628,0.18588368153585544,0.014158740154904351,-30.92576070952815,0.0,5.299190393887018,0.28899886402733266,0.15523776202452494,0.29977564073126106,0.0,4.842642591967601,0.0,2.127112687426067,0.28013820645782406,0.7315343122147572,REIT—Residential,Real Estate,CPT
2007Q3,2007,Q3,2007-11-02,2007-09-30,11852000.0,132321000.0,0.0,0.2,0.0,0.0,4908779000.0,1617455000.0,0.0,527100000.0,3078483000.0,0.0,-269667000.0,3705057400.0,6468042400.0,27.85209994317497,0.0,0.5631119266114852,1.7089761384397093,0.0,27.85209994317497,0.0073275608904111705,28.000524482130576,78.15257762402969,2.2906710851306524,3.8351333108336148,0.0,0.01226809603543524,0.026955990481543374,0.07091254031493076,0.0024144497032765173,-100.59070398827139,0.0,-0.7183098591549296,-0.1895305262867984,0.053125473051039505,0.32260720274785154,0.0,-0.7217317806160781,0.0,0.41905622363373335,0.014882960696419187,0.5143610997997285,REIT—Residential,Real Estate,CPT
2007Q2,2007,Q2,2007-08-03,2007-06-30,42592000.0,131831000.0,0.0,0.71,0.0,0.0,4860858000.0,1696282000.0,0.0,533400000.0,2950382000.0,0.0,-241711000.0,3944131180.0,6572249180.0,28.802288857948177,0.0,0.5412986760773509,1.551143029284046,0.0,28.802288857948177,0.025109032578309504,29.918085882683133,23.15065728305785,2.325162431718311,1.0598469196093163,0.0,0.011445106143756607,0.027120932148192767,0.0719891263592051,0.008762239094415019,-52.02858812510718,0.0,2.227272727272727,1.450707025995979,0.05919613957268538,0.3113230452924904,0.0,2.2670092812763674,0.0,2.8069447184295684,0.004009855323447547,0.527201426003153,REIT—Residential,Real Estate,CPT
2007Q1,2007,Q1,2007-04-27,2007-03-31,13037000.0,131729000.0,0.0,0.22,0.0,0.0,4679880000.0,1720464000.0,0.0,492800000.0,2748939000.0,0.0,-243786000.0,4135142030.0,6600268030.0,29.253124309251355,0.0,0.5270639418104738,1.4336806814905747,0.0,29.253124309251355,0.007577606971142669,31.391280811362723,79.29627272378615,2.4035039559095686,3.3058985963028302,0.0,0.01042261660840704,0.028147943964375154,0.07370941558441559,0.0027857551903040247,-52.016982363892524,0.0,-0.5874614207371509,-0.3527502877742623,0.05195024164208859,0.3101024167967449,0.0,-0.584332355566892,0.0,-0.05479134248200428,-0.019571239941542994,0.5125623469055196,REIT—Residential,Real Estate,CPT
