Quarters,Year,Quarter,FillingDate,Date,NetIncome,Revenue,OperatingIncome,EPSDiluted,GrossProfit,GrossProfitRatio,TotalAssets,CommonStockEquity,CurrentAssets,CurrentLiability,TotalLiability,Inventory,RetainedEarnings,MarketCap,EnterpriseValue,bookValuePerShare,currentRatio,debtToAssets,debtToEquity,roic,shareholdersEquityPerShare,roe,priceToSalesRatio,peRatio,pbRatio,payoutRatio,inventoryTurnover,dividendYield,assetTurnover,quickRatio,returnOnAssets,priceToFreeCashFlowsRatio,grossProfitMargin,epsdilutedGrowth,fiveYNetIncomeGrowthPerShare,fiveYRevenueGrowthPerShare,fiveYShareholdersEquityGrowthPerShare,grossProfitGrowth,netIncomeGrowth,operatingIncomeGrowth,threeYNetIncomeGrowthPerShare,threeYRevenueGrowthPerShare,threeYShareholdersEquityGrowthPerShare,Industry,Sector,Symbol
2023Q1,2023,Q1,2023-05-09,2023-03-31,19805000.0,82190000.0,61613000.0,0.3,82190000.0,1.0,10837241000.0,1126580000.0,1338289000.0,20644000.0,9710661000.0,0.0,339680000.0,1016068240.0,981146240.0,17.341070713911893,64.8270199573726,0.024052616343956917,0.23137637806458486,0.033735036289314686,17.341070713911893,0.017579754655683573,12.362431439347853,12.825905579399143,0.9019050932911999,0.4796768492804847,0.0,0.009349765720459879,0.00758403361150684,64.8270199573726,0.001827494654774218,29.240215257993036,1.0,-0.411764705882353,-0.050712975114139136,0.2770325519514939,0.39939808191475484,111.74348422496571,-0.4101617178425708,-0.1512425611637646,0.2444505783797084,0.11643715461735202,0.19037754760198095,Banks—Regional,Financial Services,LBAI
2022Q4,2022,Q4,2023-02-28,2022-12-31,33577000.0,729000.0,72592000.0,0.51,729000.0,1.0,10783840000.0,1108587000.0,1323636000.0,0.0,9675253000.0,0.0,329375000.0,1142078940.0,1146841940.0,17.093579424553614,0.0,0.02232164052879123,0.2171349655011289,0.038611332395340585,17.093579424553614,0.030288105489239905,1566.6377777777777,8.503431962355183,1.0302113771855523,0.2830806802275367,0.0,0.008322542047750221,6.760115135239395e-05,0.0,0.0031136404100951054,49.028888984287796,1.0,0.15909090909090912,0.8652503685259124,-0.9887928945393767,0.39141353090067227,0.1062215477996965,0.1680581646142072,0.3321832963241636,0.39885884207360905,-0.9900155663563106,0.19177999867906959,Banks—Regional,Financial Services,LBAI
2022Q3,2022,Q3,2022-11-08,2022-09-30,28746000.0,659000.0,54491000.0,0.44,659000.0,1.0,10515599000.0,1082406000.0,1349318000.0,27224000.0,9433193000.0,0.0,305303000.0,1038120420.0000001,1038729420.0000001,16.692976774312946,49.563546870408466,0.02601810890658725,0.2527665219889764,0.029529426466062172,16.692976774312946,0.026557502452868885,1575.2965402124432,9.02839021081194,0.9590859806763821,0.33068948723300634,0.0,0.00915693383624994,6.266880279478135e-05,49.563546870408466,0.002733653118571752,34.23992941719714,1.0,0.0,0.5333969353760706,-0.989741087761252,0.37302880456909565,-0.07052186177715092,-0.012741697290242814,0.20326370180629774,0.18741902231567673,-0.9906234528747779,0.18322395117223447,Banks—Regional,Financial Services,LBAI
2022Q2,2022,Q2,2022-08-05,2022-06-30,29117000.0,709000.0,45286000.0,0.44,709000.0,1.0,10374178000.0,1090145000.0,1411219000.0,27639000.0,9284033000.0,0.0,286063000.0,947785360.0,948985360.0,16.815959153452212,51.05897463728789,0.026441131046720037,0.2516224905861147,0.024505320118192616,16.815959153452212,0.026709290965880685,1336.7917630465445,8.13773190919394,0.8694121974599709,0.32675069547000035,0.0,0.010038137748825325,6.834276412068504e-05,51.05897463728789,0.002806680201554282,26.142197214177354,1.0,0.76,0.5945057178862896,-0.9889586886517322,0.406354564340465,0.0791476407914764,0.8279239123611024,0.7056231403713608,0.29952057908340773,-0.9899571238124687,0.2160376152805771,Banks—Regional,Financial Services,LBAI
2022Q1,2022,Q1,2022-05-09,2022-03-31,15929000.0,657000.0,26551000.0,0.25,657000.0,1.0,10275233000.0,1089282000.0,1617606000.0,0.0,9185951000.0,0.0,266460000.0,1068148700.0,894077700.0,17.030409155579182,0.0,0.024096582530050658,0.22730385703610267,0.014792436122218314,17.030409155579182,0.014623394125671773,1625.797108066971,16.764214639964845,0.9805988715502504,0.5530165107665265,0.0,0.008246979095700815,6.394015590692688e-05,0.0,0.0015502324862122349,37.61616777010847,1.0,-0.4318181818181818,-0.042141560353658916,-0.9896454611870303,0.4461930685875464,-0.9898756414405252,-0.2815065403698692,-0.21066087938876832,-0.1987325024891126,-0.9903880918402881,0.2566413983804683,Banks—Regional,Financial Services,LBAI
2021Q4,2021,Q4,2022-02-28,2021-12-31,22170000.0,64893000.0,33637000.0,0.44,64893000.0,1.0,8198056000.0,827014000.0,6365941000.0,0.0,7371042000.0,0.0,259340000.0,961786529.9999999,953822529.9999999,16.328982960491242,0.0,0.026904671058602187,0.26670165196719764,0.024220092310149,16.328982960491242,0.0268072850036396,14.82111367944154,10.845585588633288,1.1629628156234357,0.3122237257555255,0.0,0.007197023231340118,0.00791565707772672,0.0,0.0027042996534788247,41.294342449873334,1.0,0.023255813953488393,0.6480366412838565,0.3438407038557902,0.33596019807147587,0.011597998409951831,-0.00533895643591009,0.0,0.3400905466542681,0.23815734991487722,0.24626042917660362,Banks—Regional,Financial Services,LBAI
2021Q3,2021,Q3,2021-11-08,2021-09-30,22289000.0,64149000.0,0.0,0.43,64149000.0,1.0,8172479000.0,814128000.0,6713234000.0,0.0,7358351000.0,0.0,244092000.0,892730310.0,458307310.0,16.077729723324843,0.0,0.027924452298990307,0.28031464339759843,0.0,16.077729723324843,0.02737775877994615,13.916511714913716,10.013126542240567,1.096547852426154,0.3140562609358877,0.0,0.007841113852177822,0.007849393066657008,0.0,0.0027273242305058234,38.05816216907533,1.0,-0.1886792452830189,0.7269191018475475,0.26467758900545607,0.4326182345571936,-0.0038665797074443307,-0.18674061371182546,0.0,0.25041161660830086,0.2381780801037917,0.259771252773624,Banks—Regional,Financial Services,LBAI
2021Q2,2021,Q2,2021-08-06,2021-06-30,27407000.0,64398000.0,0.0,0.53,64398000.0,1.0,7854238000.0,796676000.0,6533575000.0,0.0,7057562000.0,0.0,228803000.0,885117280.0,664609280.0,15.73339126313295,0.0,0.019720818238510216,0.19442282684554324,0.0,15.73339126313295,0.03440168901786925,13.74448399018603,8.073824935235523,1.1110128584267631,0.24913343306454555,0.0,0.007714231949013581,0.008199140387648044,0.0,0.003489453719125904,58.16634553459946,1.0,0.1777777777777778,1.2033843352633478,0.32425472442605596,0.4261708047960287,0.04064121002537046,0.18261057173678533,0.0,0.626704704590492,0.24448785155640718,0.25264177827253076,Banks—Regional,Financial Services,LBAI
2021Q1,2021,Q1,2021-05-07,2021-03-31,23175000.0,61883000.0,0.0,0.45,61883000.0,1.0,7771761000.0,768065000.0,6479705000.0,0.0,7003696000.0,0.0,208224000.0,881539680.0,840262680.0,15.186353211009175,0.0,0.02069556693778926,0.20941066185804588,0.0,15.186353211009175,0.030173227526316133,14.245264127466347,9.509597411003236,1.14774098546347,0.2748220064724919,0.0,0.007224859123754928,0.007962545425676369,0.0,0.0029819496507934302,31.164127691165554,1.0,0.21621621621621626,1.3132037063272832,0.30519715527561625,0.390976499647142,0.008079886620945803,0.22957342954159593,0.0,0.42686895926478585,0.235082579243847,0.22551565041003926,Banks—Regional,Financial Services,LBAI
2020Q4,2020,Q4,2021-03-08,2020-12-31,18848000.0,61387000.0,0.0,0.37,61387000.0,1.0,7664297000.0,763784000.0,6478259000.0,0.0,6900513000.0,0.0,191418000.0,641692900.0,533042900.0,15.116353632711224,0.0,0.021063901881672904,0.21136865920207806,0.0,15.116353632711224,0.02467713384936055,10.453237656181276,8.51141898344652,0.8401497020099923,0.3376485568760611,0.0,0.009917516618930955,0.008009475624444094,0.0,0.00245919488767202,30.651679006448532,1.0,0.3214285714285713,0.6687991368705414,0.3732797465198907,0.4291082760803826,0.05309476429012557,0.30643931517293965,0.0,0.34392109518614983,0.21131081376580874,0.23046779495589423,Banks—Regional,Financial Services,LBAI
2020Q3,2020,Q3,2020-11-06,2020-09-30,14427000.0,58292000.0,0.0,0.28,58292000.0,1.0,7522184000.0,753572000.0,6402231000.0,0.0,6768612000.0,0.0,182329000.0,502733699.99999994,428635699.99999994,14.914539049202391,0.0,0.036137111243224045,0.36072200134824545,0.0,14.914539049202391,0.019144819605823996,8.624403005558223,8.711681222707423,0.6671342618887113,0.44118666389408745,0.0,0.012660778459848624,0.007749345136997447,0.0,0.0019179270275760337,236.35811001410434,1.0,0.21739130434782614,0.3813746783201739,0.2773707242492723,0.41972151527861284,0.05098802827058993,0.21736562315416422,0.0,-0.012369062769004837,0.1645719899927542,0.22674894947059543,Banks—Regional,Financial Services,LBAI
2020Q2,2020,Q2,2020-08-07,2020-06-30,11851000.0,55464000.0,0.0,0.23,55464000.0,1.0,7488516000.0,745489000.0,6324058000.0,0.0,6743027000.0,0.0,174267000.0,577466460.0,527789460.0,14.755730176952614,0.0,0.039117229635350984,0.3929367167054108,0.0,14.755730176952614,0.015896948177639106,10.411554521852013,12.181808708125896,0.7746143269719606,0.5370010969538436,0.0,0.011020553470759151,0.007406540895419066,0.0,0.0015825565439133735,18.27541173491993,1.0,-0.04166666666666659,0.1294140911443674,0.2358174025648808,0.4290626058393395,-0.032430263594019855,-0.04365719819238218,0.0,-0.1672463564159806,0.10832644930202105,0.23405321665957027,Banks—Regional,Financial Services,LBAI
2020Q1,2020,Q1,2020-05-11,2020-03-31,12392000.0,57323000.0,0.0,0.24,57323000.0,1.0,7013908000.0,736922000.0,5842599000.0,0.0,6276986000.0,0.0,168780000.0,546834660.0,539268660.0,14.56770648005377,0.0,0.039645515738159096,0.3773397998702712,0.0,14.56770648005377,0.016815890962679905,9.53953317167629,11.032009764364107,0.7420522931870673,0.513557133634603,0.0,0.011637887035178054,0.008172761889662653,0.0,0.0017667753839942012,23.9923946998947,1.0,-0.35135135135135137,0.11162386909454791,0.2880133362371881,0.41891782435254354,0.006938589094997189,-0.33785733368955384,0.0,-0.05780861686351112,0.14229745014452422,0.2370645910036658,Banks—Regional,Financial Services,LBAI
2019Q4,2019,Q4,2020-03-02,2019-12-31,18715000.0,56928000.0,0.0,0.37,56928000.0,1.0,6711236000.0,725263000.0,5588407000.0,0.0,5985973000.0,0.0,162752000.0,878837080.0,900316080.0,14.342898390222679,0.0,0.04527481972024229,0.4189514700184623,0.0,14.342898390222679,0.025804432323171044,15.437694631815626,11.739741918247393,1.2117495032836363,0.3399412236174192,0.0,0.007239111940975454,0.008482491153641445,0.0,0.0027886070464516522,36.96009252249979,1.0,0.0,0.7605765712360292,0.2760416694797954,0.4275311321131766,0.03894586998576487,-0.008424287379463812,0.0,0.39343311369443307,0.18078544481245412,0.17346814683334608,Banks—Regional,Financial Services,LBAI
2019Q3,2019,Q3,2019-11-08,2019-09-30,18874000.0,54794000.0,0.0,0.37,54794000.0,1.0,6492474000.0,713204000.0,5379198000.0,0.0,5779270000.0,0.0,150399000.0,780032790.0,801612790.0,14.10804502205606,0.0,0.04675228580045142,0.42559772519503536,0.0,14.10804502205606,0.02646367659183067,14.23573365696974,10.332107528875703,1.0937022086247412,0.3370774610575395,0.0,0.008156067387885067,0.00843961793300982,0.0,0.002907058233887421,38.852059072570604,1.0,0.08823529411764697,0.7086478603641061,0.22978629812676535,0.4291373602290006,-0.003817904152425278,0.08117087701208685,0.0,0.46475973962284545,0.082041634906011,0.2571079935016889,Banks—Regional,Financial Services,LBAI
2019Q2,2019,Q2,2019-08-08,2019-06-30,17457000.0,55004000.0,0.0,0.34,55004000.0,1.0,6407195000.0,698463000.0,5337938000.0,0.0,5708732000.0,0.0,137887000.0,820771250.0,888069250.0,13.828486012393832,0.0,0.04903815164046045,0.44984057852742376,0.0,13.828486012393832,0.02499344990357399,14.922028397934696,11.754185283840293,1.1751105641959558,0.36415191613679326,0.0,0.007745154328931477,0.00858472389243655,0.0,0.002724593211225817,43.45003970354685,1.0,0.09677419354838718,0.6763601262194174,0.2533892984060869,0.41881522894287126,0.023768310160626874,0.11717650070395495,0.0,0.40698345531531455,0.1339242563626232,0.2534985430394228,Banks—Regional,Financial Services,LBAI
2019Q1,2019,Q1,2019-05-09,2019-03-31,15626000.0,53727000.0,0.0,0.31,53727000.0,1.0,6365063000.0,681343000.0,5300998000.0,0.0,5683720000.0,0.0,126787000.0,780770750.0,869210750.0,13.55232222774739,0.0,0.04945732665961044,0.46202720215809073,0.0,13.55232222774739,0.022934116883860257,14.53218586557969,12.491532541917318,1.1459290694995032,0.37360808908229876,0.0,0.007477226830026612,0.008440921951597336,0.0,0.0024549639178748114,42.31819783197832,1.0,-0.03125000000000003,0.6350812744063729,0.26166308674681005,0.420385624688471,0.09061567505024054,0.004887459807073955,0.0,0.5690412303127077,0.1399603590172997,0.241309317155644,Banks—Regional,Financial Services,LBAI
2018Q4,2018,Q4,2019-03-01,2018-12-31,15550000.0,49263000.0,0.0,0.32,49263000.0,1.0,5806093000.0,623739000.0,4810532000.0,0.0,5182354000.0,0.0,116874000.0,705030050.0,782576050.0,13.102384203339986,0.0,0.04928357158591845,0.4587575893121963,0.0,13.102384203339986,0.024930299372012972,14.311553295576802,11.334888263665595,1.1303286310459983,0.35434083601286176,0.0,0.007815269717936136,0.008484707358287234,0.0,0.0026782209654581833,61.76888470299632,1.0,-0.08571428571428563,0.6657896486492528,0.15833624332543317,0.39577839505889756,0.01141519699427187,-0.07208497434061344,0.0,0.46130251028023017,0.16969977037879735,0.23870651324658335,Banks—Regional,Financial Services,LBAI
2018Q3,2018,Q3,2018-11-08,2018-09-30,16758000.0,48707000.0,0.0,0.35,48707000.0,1.0,5627057000.0,607555000.0,4650730000.0,0.0,5019502000.0,0.0,106834000.0,848797149.9999999,958196149.9999999,12.762419913874593,0.0,0.05147184398523064,0.4767222720576738,0.0,12.762419913874593,0.02758268798709582,17.426594739975773,12.662566386203602,1.3970704709861657,0.3287981859410431,0.0,0.006491539232901525,0.008655856871540487,0.0,0.0029781109379201243,39.75630679156908,1.0,0.06060606060606049,0.983685930405235,0.18731371444853828,0.3693403604937496,0.0012951237562700436,0.058088142442227556,0.0,0.7030209608959244,0.13282214813868454,0.21486035062658976,Banks—Regional,Financial Services,LBAI
2018Q2,2018,Q2,2018-08-08,2018-06-30,15838000.0,48644000.0,0.0,0.33,48644000.0,1.0,5534488000.0,597864000.0,4563733000.0,0.0,4936624000.0,0.0,95586000.0,944860000.0000001,1103387000.0,12.560168067226892,0.0,0.05444749360735808,0.5040259992239038,0.0,12.560168067226892,0.02649097453601488,19.423978291258944,14.914446268468241,1.5803928652670172,0.34783432251546914,0.0,0.005830493406430582,0.008789250243202262,0.0,0.002861691993911632,41.76915255735821,1.0,0.03125000000000003,0.8659179754063238,0.13742849387081849,0.21891723639140362,0.03365915852103697,0.03821697803998689,0.0,0.6020354582942311,0.1503923392891818,0.21642685876479234,Banks—Regional,Financial Services,LBAI
2018Q1,2018,Q1,2018-05-08,2018-03-31,15255000.0,47060000.0,0.0,0.32,47060000.0,1.0,5477829000.0,588648000.0,4495065000.0,0.0,4889181000.0,0.0,85257000.0,942934550.0000001,1091805550.0,12.391806833252637,0.0,0.05146308875286176,0.4789042008127098,0.0,12.391806833252637,0.025915317813022382,20.036858266043353,15.452876925598165,1.6018648666095867,0.31320878400524416,0.0,0.005067159751437679,0.008590994717067656,0.0,0.0027848623971284975,50.88691581219644,1.0,0.18518518518518512,0.9515428339760628,0.060877935476595126,0.35500915777614983,-0.011510670475550327,0.15787476280834914,0.0,0.45726311491693483,0.1260370317267125,0.20698173152448876,Banks—Regional,Financial Services,LBAI
2017Q4,2017,Q4,2018-02-28,2017-12-31,13175000.0,47608000.0,0.0,0.27,47608000.0,1.0,5405639000.0,583122000.0,4430711000.0,0.0,4822517000.0,0.0,72737000.0,913720500.0,1047700500.0,12.28504613828846,0.0,0.051226691238538125,0.4748800422553085,0.0,12.28504613828846,0.022593899732817488,19.192583179297596,17.33814990512334,1.566945682035663,0.36242884250474383,0.0,0.005225886909618422,0.008807099401199376,0.0,0.0024372696733910644,49.72087391848506,1.0,-0.06896551724137918,0.4733270274408732,0.04837375820871558,0.3533224881698218,0.012440720498479467,-0.039932959265466736,0.0,0.32035792372874844,0.13682818639192196,0.22271561470507353,Banks—Regional,Financial Services,LBAI
2017Q3,2017,Q3,2017-11-08,2017-09-30,13723000.0,47023000.0,0.0,0.29,47023000.0,1.0,5399481000.0,577081000.0,4428510000.0,0.0,4822400000.0,0.0,63917000.0,968306399.9999999,1066800399.9999999,12.157776092360848,0.0,0.055822216987151174,0.5223027616573757,0.0,12.157776092360848,0.02378002394811127,20.592186802203173,17.640209866647233,1.6779384523143197,0.3479559863003716,0.0,0.0049312903436350315,0.008708799975405043,0.0,0.0025415405665840845,72.39674018691588,1.0,0.035714285714285546,0.5236460844143788,0.01281214882416148,0.26716509062263444,0.0001701584600659364,0.026402393418100224,0.0,0.32312835967533093,0.12401284950901917,0.23157616833006403,Banks—Regional,Financial Services,LBAI
2017Q2,2017,Q2,2017-08-08,2017-06-30,13370000.0,47015000.0,0.0,0.28,47015000.0,1.0,5362187000.0,567545000.0,4361080000.0,0.0,4794642000.0,0.0,54969000.0,894715250.0000001,1126126250.0,11.957126303592121,0.0,0.07778412054633678,0.734907364173766,0.0,11.957126303592121,0.023557603361847958,19.030421142188665,16.729903702318623,1.5764657428045354,0.35721765145848916,0.0,0.005338011171710776,0.008767877733469572,0.0,0.0024933856279163707,69.76337231968812,1.0,0.07692307692307698,0.4501883084718733,-0.02494157952812962,0.359363452314924,0.0008302111716621253,0.08593242365172189,0.0,0.3662318407141307,0.14004878058653325,0.22681202256884678,Banks—Regional,Financial Services,LBAI
2017Q1,2017,Q1,2017-05-09,2017-03-31,12312000.0,46976000.0,0.0,0.26,46976000.0,1.0,5247815000.0,557642000.0,4221872000.0,0.0,4690173000.0,0.0,46375000.0,928138400.0000001,1055970400.0000001,11.776027368332137,0.0,0.05301978061345532,0.4989545263807246,0.0,11.776027368332137,0.022078681304492847,19.757714577656678,18.846215074723847,1.6643983057230267,0.3676900584795322,0.0,0.004877505337566035,0.008951535067451883,0.0,0.002346119289647215,49.06372046307555,1.0,0.0,0.4663199192899592,-0.006848817299577008,0.3644724319447477,0.09483301093061738,0.03003430101229817,0.0,0.36777777043362875,0.17117622883593808,0.23421652089047054,Banks—Regional,Financial Services,LBAI
2016Q4,2016,Q4,2017-03-15,2016-12-31,11953000.0,42907000.0,0.0,0.26,42907000.0,1.0,5093131000.0,550044000.0,4147486000.0,0.0,4543087000.0,0.0,38590000.0,877539000.0,1027388000.0,12.222656770810186,0.0,0.06393905831206777,0.5920435456072605,0.0,12.222656770810186,0.021730988793623784,20.452117370126086,18.35394879946457,1.595397822719637,0.35689784991215595,0.0,0.004861322402765006,0.008424483878384436,0.0,0.0023468864240876585,76.80866520787747,1.0,0.040000000000000036,0.45550978292025524,-0.050077365732819415,0.3190323561190055,-0.03612265528473548,0.055266178158382626,0.0,0.3545262920431071,0.06724147380795473,0.3020622801282487,Banks—Regional,Financial Services,LBAI
2016Q3,2016,Q3,2016-11-08,2016-09-30,11327000.0,44515000.0,0.0,0.25,44515000.0,1.0,4904291000.0,498722000.0,4090454000.0,0.0,4405569000.0,0.0,30903000.0,623923560.0,827243560.0,11.222619770921938,0.0,0.08129024154561791,0.7993852286444151,0.0,11.222619770921938,0.02271205200492459,14.01602965292598,13.770715105500132,1.2510447904844784,0.37609252229186896,0.0,0.006827759477459066,0.009076745242074746,0.0,0.0023096100945070347,24.77558511694397,1.0,0.041666666666666706,0.39362656150554703,-0.050286973365284655,0.22914869307649346,0.12400262599737401,0.11816386969397828,0.0,0.4363289678291619,0.16243525481691,0.2041279245240742,Banks—Regional,Financial Services,LBAI
2016Q2,2016,Q2,2016-08-09,2016-06-30,10130000.0,39604000.0,0.0,0.24,39604000.0,1.0,4467860000.0,454934000.0,3703914000.0,0.0,4012926000.0,0.0,23836000.0,469288440.00000006,642414440.0,11.031912313885252,0.0,0.07296759522455941,0.7166072441277196,0.0,11.031912313885252,0.02226696619729455,11.849521260478742,11.581649555774927,1.031552796669407,0.39052319842053307,0.0,0.008429783610267493,0.00886419896773847,0.0,0.00226730470516086,156.11724550898205,1.0,0.1999999999999999,0.40987876064338963,-0.08079264259413903,0.22758796540667292,0.03213364259466785,0.24938332511100147,0.0,0.3775615540130702,0.06891515395562017,0.07060574331329088,Banks—Regional,Financial Services,LBAI
2016Q1,2016,Q1,2016-05-10,2016-03-31,8108000.0,38371000.0,0.0,0.2,38371000.0,1.0,4404233000.0,446875000.0,3669027000.0,0.0,3957358000.0,0.0,17662000.0,415449650.0,543099650.0,10.917764041924213,0.0,0.07748659074122555,0.7636788811188812,0.0,10.917764041924213,0.018143776223776224,10.827178077193715,12.809868339911198,0.9296775384615386,0.4347557967439566,0.0,0.008484782692680087,0.008712300189385984,0.0,0.0018409561891934419,64.09281857451404,1.0,-0.09090909090909087,0.15577884482947807,-0.09432999755532077,0.24012240463316037,0.14543717722917102,-0.04206049149338374,0.0,0.2037832573324165,0.003888072782868391,0.19382673231708022,Banks—Regional,Financial Services,LBAI
2015Q4,2015,Q4,2016-03-15,2015-12-31,8464000.0,33499000.0,0.0,0.22,33499000.0,1.0,3869550000.0,400516000.0,3163061000.0,0.0,3469034000.0,0.0,13079000.0,446428349.99999994,581078350.0,10.57747260002641,0.0,0.06541923479474357,0.6320421656063678,0.0,10.57747260002641,0.021132738766990584,13.326617212454101,13.186092568525519,1.1146329984320227,0.3835066162570889,0.0,0.007271043606437629,0.008657078988512876,0.0,0.0021873344445736582,57.61109175377467,1.0,0.09999999999999995,0.23952916293626486,-0.17615188527094403,0.12940227407313268,-0.020239244245561696,0.08166134185303514,0.0,0.1865030539258338,-0.07527474033993187,0.16521593622685157,Banks—Regional,Financial Services,LBAI
2015Q3,2015,Q3,2015-11-06,2015-09-30,7825000.0,34191000.0,0.0,0.2,34191000.0,1.0,3743100000.0,397687000.0,3049600000.0,0.0,3345413000.0,0.0,7861000.0,420580160.0,573107160.0,10.505256762468301,0.0,0.07364644278806337,0.6931732744595624,0.0,10.505256762468301,0.019676278077985953,12.300902576701471,13.437065814696485,1.0575657740886677,0.4146964856230032,0.0,0.007715532753613485,0.009134407309449387,0.0,0.0020905132109748604,29.811465834987242,1.0,-0.04761904761904753,0.15173637669781748,-0.21110212934203854,0.09379198267344456,0.016772236595592828,-0.004706181633172221,0.0,0.08934964132137325,-0.07662463429464085,0.09492842574979751,Banks—Regional,Financial Services,LBAI
2015Q2,2015,Q2,2015-08-07,2015-06-30,7862000.0,33627000.0,0.0,0.21,33627000.0,1.0,3699127000.0,390860000.0,2967068000.0,0.0,3308267000.0,0.0,3281000.0,450084060.0,616484060.0,10.325460981666403,0.0,0.08217236120846892,0.7776851046410479,0.0,10.325460981666403,0.020114619045182417,13.384603443661344,14.312009030780974,1.1515224377014788,0.4124904604426355,0.0,0.007205320712757523,0.009090523250485857,0.0,0.002125366336435597,70.43569014084507,1.0,-0.0454545454545455,0.20837334000029406,-0.16676579113385365,0.02760919138104786,0.011155881645417368,-0.05618247298919568,0.0,0.06927087879633206,-0.12553178586033953,0.17386518553077587,Banks—Regional,Financial Services,LBAI
2015Q1,2015,Q1,2015-05-08,2015-03-31,8330000.0,33256000.0,0.0,0.22,33256000.0,1.0,3627764000.0,388084000.0,2891084000.0,0.0,3239680000.0,0.0,-1338000.0,434700000.0,565461000.0,10.266772486772487,0.0,0.0727627265720703,0.6801774873480999,0.0,10.266772486772487,0.02146442522752806,13.071325475102237,13.046218487394958,1.1201183248987332,0.3423769507803121,0.0,0.0065608465608465606,0.009167079225660766,0.0,0.002296180236641634,56.59419346439266,1.0,0.047619047619047665,0.3313462119368602,-0.15427228969102116,0.03859922591407426,-0.001890813049611333,0.04925053533190578,0.0,0.24282505196808157,-0.11920627551809922,0.1895971013893767,Banks—Regional,Financial Services,LBAI
2014Q4,2014,Q4,2015-03-16,2014-12-31,7939000.0,33319000.0,0.0,0.21,33319000.0,1.0,3538325000.0,379438000.0,2825291000.0,0.0,3158887000.0,0.0,-6816000.0,441850500.0,506270500.0,10.047345425658678,0.0,0.049101199013657594,0.4578771762448674,0.0,10.047345425658678,0.020923049351936285,13.261217323449083,13.91392177856153,1.164486688207296,0.35923919889154804,0.0,0.0064546718856264736,0.009416602488465587,0.0,0.0022437170129934363,40.836460258780036,1.0,-0.0454545454545455,1.7097938455351653,-0.2589515807442319,0.03422001800349351,0.0017437840113045308,-0.037230172204705314,0.0,0.15198370917965479,-0.12098887750440264,0.08427929852354105,Banks—Regional,Financial Services,LBAI
2014Q3,2014,Q3,2014-11-10,2014-09-30,8246000.0,33261000.0,0.0,0.22,33261000.0,1.0,3498905000.0,372539000.0,2801610000.0,0.0,3126366000.0,0.0,-11267000.0,368322880.0,462094880.0,9.87172081191372,0.0,0.06314489818957646,0.593060055457281,0.0,9.87172081191372,0.022134595304115812,11.07371636451099,11.16671355808877,0.9886827419411123,0.3475624545234053,0.0,0.007781216306736089,0.00950611691372015,0.0,0.0023567373221050586,28.845084188268462,1.0,0.09999999999999995,1.9804166714739924,-0.09031420882752902,0.006245082199968984,0.014364135407136321,0.05976095617529881,0.0,0.19470379281506697,-0.16438405794838656,0.0811925363290623,Banks—Regional,Financial Services,LBAI
2014Q2,2014,Q2,2014-08-11,2014-06-30,7781000.0,32790000.0,0.0,0.2,32790000.0,1.0,3479548000.0,367833000.0,2810067000.0,0.0,3111715000.0,0.0,-16647000.0,407592000.0,483865000.0,9.74650238473768,0.0,0.06185803443435756,0.5851514138209459,0.0,9.74650238473768,0.021153621344468822,12.430375114364136,13.095746048065802,1.1080898124964318,0.34918390952319756,0.0,0.006665979705195391,0.009423637782838461,0.0,0.002236209990493018,44.0211685927206,1.0,0.050001050001050026,1.443800039933078,-0.10225355713097727,0.0043756348653005385,0.027320007519268125,0.08627669970682675,0.0,0.183323355882582,-0.16840560190279105,0.08455258634100342,Banks—Regional,Financial Services,LBAI
2014Q1,2014,Q1,2014-05-12,2014-03-31,7163000.0,31918000.0,0.0,0.190476,31918000.0,1.0,3386720000.0,359539000.0,2712486000.0,0.0,3027181000.0,0.0,-4081000.0,403740538.32,416373538.32,9.5412977941957,0.0,0.047313624982283746,0.44567626877751787,0.0,9.5412977941957,0.019922734390427743,12.649305668274954,14.091181708781235,1.1229394817252092,0.3351947508027363,0.0,0.005946888588376022,0.009424457882553031,0.0,0.002115025747626022,39.24001733113033,1.0,0.0,0.6437672182640122,-0.16542433627145248,-0.06267753293337824,-0.04565704888623113,-0.02424737774145212,0.0,0.10909756539107504,-0.1816928687355483,0.08377293358078741,Banks—Regional,Financial Services,LBAI
2013Q4,2013,Q4,2014-04-28,2013-12-31,7341000.0,33445000.0,0.0,0.190476,33445000.0,1.0,3317791000.0,351424000.0,2635395000.0,0.0,2966367000.0,0.0,-8538000.0,441041762.70000005,448558762.70000005,9.38715217954574,0.0,0.033226324382699214,0.31368944636678203,0.0,9.38715217954574,0.02088929612092515,13.187076175811034,15.019812106661217,1.255013211106811,0.32393406892793897,0.0,0.0053917796479004505,0.01008050235834626,0.0,0.00221261676820511,45.83680759717315,1.0,0.11110722223194447,5.055967735539841,-0.08522164143291809,0.16650120553940964,0.04086269139798332,0.10941514281396403,0.0,0.08736843144215485,-0.16806975851929362,0.0023066397376489455,Banks—Regional,Financial Services,LBAI
2013Q3,2013,Q3,2013-11-08,2013-09-30,6617000.0,32132000.0,0.0,0.171429,32132000.0,1.0,3299300000.0,347525000.0,2633756000.0,0.0,2951775000.0,0.0,-13192000.0,399510532.68,371804532.68,9.320122507214194,0.0,0.035628163549843904,0.33824329184950724,0.0,9.320122507214194,0.019040356808862673,12.433416303996017,15.094095990630194,1.1495878934752897,0.3332325827414236,0.0,0.005519253735836199,0.00973903555299609,0.0,0.0020055769405631497,32.38836908633969,1.0,-0.052627216057296984,-0.17417421652377493,-0.1416156627869056,0.15624429943379617,0.08035774325869141,0.12095544638319498,0.0,-0.011218882546583972,-0.24730846647731466,-0.029602464135300693,Banks—Regional,Financial Services,LBAI
2013Q2,2013,Q2,2013-08-09,2013-06-30,5903000.0,29742000.0,0.0,0.180952,29742000.0,1.0,3262411000.0,341109000.0,2617247000.0,0.0,2921302000.0,0.0,-17305000.0,332294737.635,340435737.635,10.304364966083494,0.0,0.03603102122939139,0.344605390065932,0.0,10.304364966083494,0.017305318827706098,11.172575402965503,14.073129664365577,0.9741599829819793,0.3028968321192614,0.0,0.005380765319142608,0.00911657053633034,0.0,0.0018093980188271803,22.15741399179836,1.0,0.11764306228961434,0.6805250694353189,-0.094344502183538,0.29177220593710235,0.026046158622830926,0.15563821456538762,0.0,0.037482334729289496,-0.1572690011912414,0.025509676448687266,Banks—Regional,Financial Services,LBAI
2013Q1,2013,Q1,2013-05-10,2013-03-31,5108000.0,28987000.0,0.0,0.161905,28987000.0,1.0,2907969000.0,283877000.0,2321038000.0,0.0,2624092000.0,0.0,-21117000.0,286168361.84999996,315650361.84999996,9.145183087611123,0.0,0.043517657856737814,0.4457846179859587,0.0,9.145183087611123,0.017993708542784374,9.87230006037189,14.005890850137039,1.0080716713576654,0.34866875489428345,0.0,0.006223609026820167,0.009968125519907537,0.0,0.0017565524254213164,26.043716950309424,1.0,-0.14999789999790006,-0.20627557353688844,-0.005558349389997971,0.13637957952914131,-0.020742542481672916,-0.12369188540058329,0.0,-0.005852347146704893,-0.10232771488689198,-0.07486212557328319,Banks—Regional,Financial Services,LBAI
2012Q4,2012,Q4,2013-03-15,2012-12-31,5829000.0,29601000.0,0.0,0.190476,29601000.0,1.0,2918703000.0,280867000.0,2307677000.0,0.0,2637836000.0,0.0,-24145000.0,299972881.32,268975881.32,9.077693044842738,0.0,0.02622671782637699,0.2725418080443769,0.0,9.077693044842738,0.020753595117973988,10.133876602817471,12.865537884714358,1.0680246569372693,0.30382569909075313,0.0,0.005903867016934649,0.010141833547298236,0.0,0.0019971199536232363,31.11751880912863,1.0,0.0,0.5278469041020002,0.09252586541522632,0.14637922402361375,0.0461565647640926,0.06194206595008198,0.0,1.428447798068605,-0.19642711018390704,-0.06559081364001487,Banks—Regional,Financial Services,LBAI
2012Q3,2012,Q3,2012-11-09,2012-09-30,5489000.0,28295000.0,0.0,0.190476,28295000.0,1.0,2859647000.0,277544000.0,2223854000.0,0.0,2582103000.0,0.0,-27895000.0,292856224.5,362127224.5,9.594468930948059,0.0,0.06025988522359578,0.6208817340673911,0.0,9.594468930948059,0.019777044360533826,10.350105124580315,13.338323214611039,1.0551704396420027,0.2466751685188559,0.0,0.004623429132543502,0.009894577897201997,0.0,0.0019194676825496295,28.68889346590909,1.0,0.0,0.09829809931630773,0.22172143781509776,0.2785450309545763,-0.007854412847575301,0.006601870529983496,0.0,1.5881822964104475,0.009563836177043986,-0.022015780021306112,Banks—Regional,Financial Services,LBAI
2012Q2,2012,Q2,2012-08-09,2012-06-30,5453000.0,28519000.0,0.0,0.190476,28519000.0,1.0,2853202000.0,246941000.0,2225739000.0,0.0,2606261000.0,0.0,-31764000.0,281271903.15,426875903.15,8.796121657699247,0.0,0.07792017529778823,0.9003041212273377,0.0,8.796121657699247,0.022082197771937425,9.862614507871944,12.895282557766368,1.139024719062448,0.24958738309187603,0.0,0.004838734280807955,0.009995436705848376,0.0,0.0019111860989863318,34.74208289896245,1.0,0.24999835937551282,-0.055611459550959426,0.16567094956416842,0.15746652437381714,0.018426597150305323,0.09696238181452424,0.0,1.4181069050995825,0.049654785785477565,-0.09356095904327028,Banks—Regional,Financial Services,LBAI
2012Q1,2012,Q1,2012-05-10,2012-03-31,4971000.0,28003000.0,0.0,0.152381,28003000.0,1.0,2852347000.0,241955000.0,2220784000.0,0.0,2610392000.0,0.0,-35593000.0,262996335.0,388497335.0,8.630461922596755,0.0,0.07443764731289707,0.8775268128370978,0.0,8.630461922596755,0.02054514269182286,9.391719994286326,13.226530627640313,1.0869638362505423,0.3029571514785757,0.0,0.0057263155397203535,0.009817529213661592,0.0,0.0017427753355394697,22.538035392921415,1.0,-0.16497237392494146,0.07763182954944764,0.24488488811791453,0.12743753590846194,-0.004833149721027755,-0.028342455043002347,0.0,0.533299951348778,-0.01582438248106414,-0.1521566525117718,Banks—Regional,Financial Services,LBAI
2011Q4,2011,Q4,2012-03-15,2011-12-31,5116000.0,28139000.0,0.0,0.18248617799179598,28139000.0,1.0,2825950000.0,259783000.0,2167278000.0,0.0,2566167000.0,0.0,-26061000.0,219194451.0,378958451.0,9.266381309077937,0.0,0.08221023018807834,0.8942925441618582,0.0,9.266381309077937,0.019693359457701235,7.789702938981485,10.711222195074276,0.8437597956756216,0.2969116497263487,0.0,0.006929919954953605,0.009957359472035953,0.0,0.0018103646561333357,24.223057906951045,1.0,0.058897606952673785,1.2829091351307804,0.5135893630009956,0.23360440655696665,-0.04438633430686681,0.0019584802193497847,0.0,4.635803769793624,0.027756754483394618,0.15149352660759186,Banks—Regional,Financial Services,LBAI
2011Q3,2011,Q3,2011-11-09,2011-09-30,5106000.0,29446000.0,0.0,0.172336,29446000.0,1.0,2741768000.0,254898000.0,2112327000.0,0.0,2486870000.0,0.0,-29351000.0,198018862.965,320082862.96500003,9.130400442303136,0.0,0.06832160853872392,0.7348900344451507,0.0,9.130400442303136,0.020031542028576137,6.7248136577124225,9.695400654377204,0.7768553027681661,0.29553466509988247,0.0,0.007620486136549108,0.010739785423128433,0.0,0.0018623019890814977,15.029894722201139,1.0,0.05555997917496093,-0.03342941318963883,0.3426663359410976,0.2528542834555272,0.010813223027015893,0.05104981473857555,0.0,-0.14886991397056978,0.05065023620333493,0.1327075856341202,Banks—Regional,Financial Services,LBAI
2011Q2,2011,Q2,2011-08-09,2011-06-30,4858000.0,29131000.0,0.0,0.163265,29131000.0,1.0,2741335000.0,250568000.0,2111733000.0,0.0,2490767000.0,0.0,-32634000.0,252395477.14499998,388052477.145,8.986657269999077,0.0,0.07562811549847064,0.827408128731522,0.0,8.986657269999077,0.01938795057629067,8.664154239298341,12.988651561599422,1.0072933381158007,0.31062165500205846,0.0,0.005978712523176819,0.010626574278590541,0.0,0.0017721292727813274,32.38746017515719,1.0,0.28571316071316055,-0.0331730663070879,0.39257582948357306,0.32959777327293144,0.011001596446172,0.018235170823726683,0.0,0.6420041147033041,0.053156154680126584,0.12658219345657273,Banks—Regional,Financial Services,LBAI
2011Q1,2011,Q1,2011-05-06,2011-03-31,4771000.0,28814000.0,0.0,0.126984,28814000.0,1.0,2751576000.0,245071000.0,2096311000.0,0.0,2506505000.0,0.0,-35671000.0,262085562.12999997,407445562.13,8.803779369790346,0.0,0.07534663770871675,0.8459670870890477,0.0,8.803779369790346,0.019467827690750842,9.095771573887692,13.733261482393626,1.0694270726850585,0.37518339970656045,0.0,0.006829830630319583,0.010471816878763298,0.0,0.0017339153997563577,15.89553385067928,1.0,-0.29584533831713145,-0.005715981141813527,0.34006724917591896,0.26771092923262,-0.036095406951460206,-0.04960159362549801,0.0,-0.17330882133161252,0.10228682569937371,0.0939567860661618,Banks—Regional,Financial Services,LBAI
2010Q4,2010,Q4,2011-03-16,2010-12-31,5020000.0,29893000.0,0.0,0.1803353821396556,29893000.0,1.0,2792674000.0,260709000.0,2123751000.0,0.0,2531965000.0,0.0,-38004000.0,263791971.57860002,486835971.57860005,9.365549231523401,0.0,0.09751299292362804,1.0445439167807786,0.0,9.365549231523401,0.019255184899639063,8.824539911638176,13.137050377420318,1.0118253362124054,0.33665338645418325,0.0,0.006406563436660331,0.01070407788377734,0.0,0.001797560331066211,18.077848929454497,1.0,0.4911514436413637,-0.04834085510556802,0.40826662216946724,0.3292586371440368,-0.038160815985070304,0.030377668308702793,0.0,0.46248678276669597,0.22630160404469082,0.1827312300109557,Banks—Regional,Financial Services,LBAI
2010Q3,2010,Q3,2010-11-08,2010-09-30,4872000.0,31079000.0,0.0,0.120937,31079000.0,1.0,2769471000.0,260725000.0,2145119000.0,0.0,2508746000.0,0.0,-27760000.0,197684829.55319998,348359829.5532,9.604437524575166,0.0,0.06976855868864487,0.7410950234921853,0.0,9.604437524575166,0.018686355355259372,6.360720407773737,10.143925982820196,0.7582120224497075,0.34913793103448276,0.0,0.008604605643460541,0.011221998713833796,0.0,0.001759180724405491,20.65240592908483,1.0,-0.1250018087892688,-0.08377314087998922,0.44253269893338376,0.38072198952071795,0.054168645275083104,0.025036818851251842,0.0,0.03880598439070994,0.4299791156638843,0.2798734313005748,Banks—Regional,Financial Services,LBAI
2010Q2,2010,Q2,2010-08-06,2010-06-30,4753000.0,29482000.0,0.0,0.138214,29482000.0,1.0,2738557000.0,277862000.0,2110101000.0,0.0,2460695000.0,0.0,-29841000.0,203525861.2254,375204861.2254,10.048042649160791,0.0,0.08151081025518184,0.8033556225752352,0.0,10.048042649160791,0.017105613577963162,6.90339397684689,10.705126300515463,0.7324710151996315,0.3637702503681885,0.0,0.008495234903269488,0.010765523595090407,0.0,0.001735585565682949,11.968589310520436,1.0,0.06666357967524855,-0.040279718483929194,0.4458141165671246,0.4867444782351228,0.027390577083914135,0.04095488392466053,0.0,-0.16432518730437626,0.22335614967965298,0.32220465501452483,Banks—Regional,Financial Services,LBAI
2010Q1,2010,Q1,2010-05-07,2010-03-31,4566000.0,28696000.0,0.0,0.129576,28696000.0,1.0,2767976000.0,272684000.0,2177297000.0,0.0,2495292000.0,0.0,-32489000.0,210887676.67,341914676.66999996,9.885210994391672,0.0,0.08064448535680946,0.8186105528743894,0.0,9.885210994391672,0.016744656818881928,7.349026926052411,11.546631442728865,0.7733775236904255,0.37844940867279897,0.0,0.008193935403366404,0.010367141911635073,0.0,0.0016495807767119368,16.022464418021578,1.0,0.6702616450915887,0.008266446688964419,0.36950640068469265,0.4402856718868743,-0.12624078923329882,1.1336448598130842,0.0,0.005980129401358495,0.2965009704553974,0.2913512654834656,Banks—Regional,Financial Services,LBAI
2009Q4,2009,Q4,2010-03-16,2009-12-31,2140000.0,32842000.0,0.0,0.0775782646873237,32842000.0,1.0,2723968000.0,267986000.0,2148670000.0,0.0,2455982000.0,0.0,-34961000.0,152266695.4154,316825695.4154,9.714901327335108,0.0,0.08194736502044077,0.8329614233579367,0.0,9.714901327335108,0.007985491779421313,4.636340521752634,17.788165352266354,0.56818899276604,0.8032710280373832,0.0,0.011289402421917559,0.01205667614303839,0.0,0.0007856186269442225,-24.13483839204311,1.0,0.7961257799435938,-0.5363755782441288,0.5853747615098321,0.38947532533124546,0.23577664057796507,0.06414719045251119,0.0,-0.02949291233308098,0.7953778058187868,0.29331447594608323,Banks—Regional,Financial Services,LBAI
2009Q3,2009,Q3,2009-11-09,2009-09-30,2011000.0,26576000.0,0.0,0.043192,26576000.0,1.0,2769463000.0,269100000.0,2074472000.0,0.0,2500363000.0,0.0,-35028000.0,177715734.6036,418757734.6036,9.810453722000833,0.0,0.10046063081543245,1.0338981791155704,0.0,9.810453722000833,0.00747305834262356,6.6870761063967485,22.092955569816013,0.6604077837369009,0.8567876678269518,0.0,0.009695258575967966,0.009596084150609703,0.0,0.0007261335500781199,-7.126874182050048,1.0,1.0862071030245934,-0.5534186535953961,0.3011381741981055,0.3986655626418915,0.00275440516167981,1.1580726300896085,0.0,-0.612548957621176,0.23334167253766935,0.34616975957634466,Banks—Regional,Financial Services,LBAI
2009Q2,2009,Q2,2009-08-10,2009-06-30,-12722000.0,26503000.0,0.0,-0.501026,26503000.0,1.0,2716118000.0,265743000.0,2087563000.0,0.0,2450375000.0,0.0,-34963000.0,212667439.70430002,458146439.70430005,9.704041044409454,0.0,0.10611541913863831,1.0845892460008353,0.0,9.704041044409454,-0.04787332121636318,8.024277995106216,-4.17912748986598,0.8002748509059505,-0.2176544568464078,0.0,0.013020328847002207,0.009757676212889132,0.0,-0.004683890758796194,6.781054770241057,1.0,-6.272736839889709,-3.7067873226545225,0.2387970083599788,0.9055469120501112,-0.04887852144267001,-5.006929133858268,0.0,-3.5778927192248147,0.28996140048540303,0.4357364453487462,Banks—Regional,Financial Services,LBAI
2009Q1,2009,Q1,2009-05-11,2009-03-31,3175000.0,27865000.0,0.0,0.095022,27865000.0,1.0,2676044000.0,279477000.0,2129214000.0,0.0,2396567000.0,0.0,-18980000.0,190447072.14720002,427767072.1472,10.17931195446053,0.0,0.10770450710078011,1.0312905892076987,0.0,10.17931195446053,0.011360505515659607,6.83463384701956,14.995832452535433,0.6814409491557445,0.6125984251968504,0.0,0.010212811244988183,0.010412758534613034,0.0,0.0011864528385930875,9.818883901175502,1.0,1.9346077149876264,-0.2955840315355625,0.3426035016849548,0.8803172940033617,0.03923469958602171,2.5714285714285716,0.0,-0.3291276451008102,0.3139450789584311,0.46578241851660385,Banks—Regional,Financial Services,LBAI
2008Q4,2008,Q4,2009-03-16,2008-12-31,889000.0,26813000.0,0.0,0.03237979628919522,26813000.0,1.0,2642625000.0,220941000.0,2131046000.0,0.0,2421684000.0,0.0,-19246000.0,267053106.9056,505499106.9056,8.047271734455657,0.0,0.10906655314318149,1.304520211278124,0.0,8.047271734455657,0.004023698634477078,9.959836903949578,75.0992989048369,1.2087077858143127,2.1743532058492687,0.0,0.007238260668067388,0.010146350692966275,0.0,0.00033640792772338113,27.07076603199189,1.0,-0.8500650758283044,-0.8238395981967264,0.25614369148947613,0.576801793500702,-0.019921046860150594,-0.8481898907103825,0.0,-0.8291265480860102,0.28072508502041704,0.14215463439833917,Banks—Regional,Financial Services,LBAI
2008Q3,2008,Q3,2008-11-10,2008-09-30,5856000.0,27358000.0,0.0,0.215959,27358000.0,1.0,2580728000.0,219667000.0,2120553000.0,0.0,2361061000.0,0.0,-17771000.0,275192612.03000003,575074612.03,8.060686233677593,0.0,0.13303416710323598,1.5629338953962133,0.0,8.060686233677593,0.026658533143348796,10.058944807003437,11.748318478056694,1.252771750103566,0.32581967213114754,0.0,0.006933325665705009,0.010600884711600757,0.0,0.0022691271610181312,30.634822668373598,1.0,1.0833196669914433,0.15187153989705127,0.2824126659146584,0.5063747553247235,0.016043972368714254,1.0333333333333334,0.0,0.09702050447980405,0.2649137481259059,0.15879422454339764,Banks—Regional,Financial Services,LBAI
2008Q2,2008,Q2,2008-08-08,2008-06-30,2880000.0,26926000.0,0.0,0.103661,26926000.0,1.0,2572043000.0,216507000.0,2091460000.0,0.0,2355536000.0,0.0,-21268000.0,285571133.5125,522585133.5125,7.976921100116334,0.0,0.11599300633776341,1.377964684744604,0.0,7.976921100116334,0.013302110324377503,10.605776331891109,24.789160895182288,1.3189926123058378,0.6569444444444444,0.0,0.006625319501759738,0.010468720779551507,0.0,0.0011197324461527276,37.55044490631163,1.0,-0.4999975882809749,-0.4257412929475089,0.2849459986049279,0.6900237210874338,0.0730482604710477,-0.48014440433212996,0.0,-0.4075108687971483,0.3453596621276631,0.18029389533947818,Banks—Regional,Financial Services,LBAI
2008Q1,2008,Q1,2008-05-09,2008-03-31,5540000.0,25093000.0,0.0,0.207321,25093000.0,1.0,2555427000.0,215048000.0,2055373000.0,0.0,2340379000.0,0.0,-21799000.0,298466964.3736,515229964.3736,8.04764820870895,0.0,0.11296429129065319,1.3423607752687772,0.0,8.04764820870895,0.025761690413303076,11.89443129054318,13.468725829133573,1.3879085802871918,0.4202166064981949,0.0,0.007799858201680147,0.009819493963239802,0.0,0.002167935143520046,39.90733579002541,1.0,0.681335180553566,0.1668859779718211,0.2576994338333485,0.7355177332473615,0.07235042735042735,0.6813353566009105,0.0,0.26286364386336675,0.2362393906425251,0.17255083517849232,Banks—Regional,Financial Services,LBAI
2007Q4,2007,Q4,2008-03-14,2007-12-31,3295000.0,23400000.0,0.0,0.12330735857899627,23400000.0,1.0,2513771000.0,211599000.0,1990197000.0,0.0,2302172000.0,0.0,-24465000.0,267536429.94360003,459425429.94360006,7.918577774797278,0.0,0.09908500018498105,1.1771180393102048,0.0,7.918577774797278,0.015571907239637238,11.433180766820515,20.298666915295904,1.2643558331731248,0.676176024279211,0.0,0.008327837821823704,0.009308723825678631,0.0,0.001310779701094491,26.45470482978345,1.0,-0.28628357925659687,-0.390752059052062,0.1489978762516181,0.7397043048678745,0.05220558478348847,-0.31339862471348195,0.0,-0.2630886621420869,0.16607232732542312,0.13255586022666857,Banks—Regional,Financial Services,LBAI
2007Q3,2007,Q3,2007-11-08,2007-09-30,4799000.0,22239000.0,0.0,0.172768,22239000.0,1.0,2445716000.0,208446000.0,1929052000.0,0.0,2237270000.0,0.0,-25532000.0,319018502.0988,476882502.0988,7.50420884572577,0.0,0.0810302586236505,0.9507354422728188,0.0,7.50420884572577,0.023022749297180085,14.345002117847026,16.619009277912063,1.5304611366915173,0.4613461137737029,0.0,0.006940036347215763,0.009093042691792506,0.0,0.001962206568546798,67.33189153626003,1.0,-0.15999922207744216,6.105126127234277,0.11779406489458555,0.7553363549298299,-0.04985901051012561,-0.13124547429398986,0.0,0.05238635611865821,0.0751894874571557,0.06986677525946963,Banks—Regional,Financial Services,LBAI
2007Q2,2007,Q2,2007-08-08,2007-06-30,5524000.0,23406000.0,0.0,0.205676,23406000.0,1.0,2339256000.0,204105000.0,1808773000.0,0.0,2135151000.0,0.0,-11540000.0,293875646.3094,427084646.3094,7.599460954136794,0.0,0.07616823468658411,0.8729673452389701,0.0,7.599460954136794,0.027064501114622375,12.555568927172521,13.299947787355178,1.4398258068611745,0.4002534395365677,0.0,0.007523590429375699,0.010005745416491397,0.0,0.0023614345757796496,59.24912223979839,1.0,0.2500060775495321,0.1687560132587889,0.20869952757585408,0.6523109883999805,0.0983575786015955,0.26407322654462245,0.0,0.19836954999448736,0.11550280027820488,0.49227824657062946,Banks—Regional,Financial Services,LBAI
2007Q1,2007,Q1,2007-05-09,2007-03-31,4370000.0,21310000.0,0.0,0.16454,21310000.0,1.0,2283907000.0,203306000.0,1755363000.0,0.0,2080601000.0,0.0,-14853000.0,296067012.6512,400716012.6512,7.654935770470456,0.0,0.06042627830292564,0.6788191199472716,0.0,7.654935770470456,0.021494692729186547,13.893337055429376,16.937472119633867,1.4562630352827757,0.39862700228832953,0.0,0.0058838030768806745,0.009330502511704723,0.0,0.0019133878918887678,50.71377400671463,1.0,1.0584017552896843,0.012921880880758496,0.19290121437597837,0.7591544088913995,0.20997047467635702,1.0584079133301931,0.0,0.0022727062798439277,0.06142956908375454,0.4140158173847189,Banks—Regional,Financial Services,LBAI
