Quarters,Year,Quarter,FillingDate,Date,NetIncome,Revenue,OperatingIncome,EPSDiluted,GrossProfit,GrossProfitRatio,TotalAssets,CommonStockEquity,CurrentAssets,CurrentLiability,TotalLiability,Inventory,RetainedEarnings,MarketCap,EnterpriseValue,bookValuePerShare,currentRatio,debtToAssets,debtToEquity,roic,shareholdersEquityPerShare,roe,priceToSalesRatio,peRatio,pbRatio,payoutRatio,inventoryTurnover,dividendYield,assetTurnover,quickRatio,returnOnAssets,priceToFreeCashFlowsRatio,grossProfitMargin,epsdilutedGrowth,fiveYNetIncomeGrowthPerShare,fiveYRevenueGrowthPerShare,fiveYShareholdersEquityGrowthPerShare,grossProfitGrowth,netIncomeGrowth,operatingIncomeGrowth,threeYNetIncomeGrowthPerShare,threeYRevenueGrowthPerShare,threeYShareholdersEquityGrowthPerShare,Industry,Sector,Symbol
2023Q1,2023,Q1,2023-04-28,2023-03-31,-38305000.0,186159000.0,-26610000.0,-0.23,81402000.0,0.4372713648,1191660000.0,472928000.0,429636000.0,342800000.0,718732000.0,75641000.0,-1492049000.0,576410220.0,834714220.0,2.80601159361817,1.253313885647608,0.2552422670896061,0.6431465254753366,-0.03311939859441228,2.80601159361817,-0.0809954157926788,3.096332812273379,-3.7619776791541577,1.2188117853034712,0.0,1.3849235203130577,0.0,0.15621821660540758,0.8780746791131855,-0.03214423577194837,66.10208944954128,0.43727136480105716,-2.9166666666666665,0.48416417295520026,-0.07104611737750609,-0.5111740603779551,-0.2860287861910484,-2.869631003514252,-9.063636363636364,0.17098748952547668,-0.15408345529091805,-0.3868475670483695,Telecom Services,Communication Services,RBBN
2022Q4,2022,Q4,2023-03-31,2022-12-31,20488000.0,233639000.0,3300000.0,0.12,114013000.0,0.4879878787,1255564000.0,518427000.0,477986000.0,330493000.0,737137000.0,75423000.0,-1453744000.0,469174770.0,790000770.0,3.0828838686274627,1.4462817669360621,0.30896632907601684,0.7482769994618336,-0.01094637924568166,3.0828838686274627,0.039519546628551366,2.0081183792089505,5.724994753026162,0.9049967883617173,0.0,1.5860679103191335,0.0,0.18608290776097436,1.0116553149385918,0.016317766358385555,30.0984584295612,0.4879878787359987,2.0,1.6711734018382352,-0.17740845427963484,-0.5663521266653664,0.09293698115377978,2.1125108601216334,1.6916788933137707,1.0893473287983866,-0.04907004910287848,-0.2965483620248488,Telecom Services,Communication Services,RBBN
2022Q3,2022,Q3,2022-10-28,2022-09-30,-18416000.0,207127000.0,-4771000.0,-0.12,104318000.0,0.5036426926,1224635000.0,489169000.0,422399000.0,298093000.0,735466000.0,70286000.0,-1474232000.0,352804620.00000006,692716620.0,3.078063943720465,1.4170040893278273,0.3230203285060447,0.8086816621658364,-0.0075268672760023395,3.078063943720465,-0.037647520591043176,1.7033251097152957,-4.789376357515205,0.721232580151236,0.0,1.4627237287653303,0.0,0.16913366023345733,0.9846054754724197,-0.01503795008308598,-14.33931962282556,0.5036426926475062,0.4000000000000001,-2.669693327712092,-0.13110544353814596,-0.27276350594103815,-0.002219033955045433,0.3897945659377071,0.6340696425832183,-8.731050209242518,0.042265028262291934,-0.4630345096000114,Telecom Services,Communication Services,RBBN
2022Q2,2022,Q2,2022-07-28,2022-06-30,-30180000.0,205796000.0,-13038000.0,-0.2,104550000.0,0.5080273669,1230674000.0,451344000.0,415423000.0,345068000.0,779330000.0,64648000.0,-1455816000.0,456577600.0,819802600.0,3.00515347226846,1.2038873497397615,0.3245798643670054,0.8850278279981566,-0.019487744996172198,3.00515347226846,-0.06686695735403594,2.218593169935276,-3.7821206096752817,1.01159559005991,0.0,1.5661118673431507,0.0,0.1672221888168597,0.8529999884080819,-0.02452314747853615,-10.752869692188126,0.5080273669070342,0.5744680851063829,0.19356489475421051,0.21805189595628038,-0.26655442071107716,0.33944013836397413,0.5687031082529475,0.59748078169862,-1.4484166992680507,0.04019378586304775,-0.4705277273251559,Telecom Services,Communication Services,RBBN
2022Q1,2022,Q1,2022-05-10,2022-03-31,-69975000.0,173198000.0,-32391000.0,-0.47,78055000.0,0.4506691763,1264155000.0,474412000.0,422730000.0,338185000.0,789743000.0,61578000.0,-1425636000.0,460926030.0,786720030.0,3.1804085353999207,1.249996303798217,0.3311555940529445,0.8824228729458783,-0.032814601890354685,3.1804085353999207,-0.14749837693818874,2.661266469589718,-1.646752518756699,0.9715732949419492,0.0,1.545081035434733,0.0,0.13700693348521345,0.9279004095391575,-0.055353180583077234,39.87594342071113,0.45066917631843323,0.276923076923077,-1.1641581563662835,0.0685491311793968,-0.26324748339678,-0.3200369360501076,0.27342484528803424,0.7482864736326759,-0.6457476331134578,0.056041016791981584,-0.40591049670138957,Telecom Services,Communication Services,RBBN
2021Q4,2021,Q4,2022-03-11,2021-12-31,-96308000.0,230577000.0,-128682000.0,-0.65,114793000.0,0.4978510433,1347737000.0,527166000.0,480990000.0,344453000.0,820571000.0,54043000.0,-1355661000.0,899483750.0,1238442750.0,3.5457608878426097,1.3963878961716112,0.3286056552576653,0.8401034968112511,-0.08958814774469566,3.5457608878426097,-0.1826900824408251,3.901012460045885,-2.334914415209536,1.7062628280276042,0.0,2.1424421294154654,0.0,0.1710845662024564,1.123032750476843,-0.07145904579305903,106.70032621589561,0.49785104325236257,-0.625,-11.121351568910656,0.129948741259328,-0.20334379920652715,-0.04599926866564723,-0.6205010852921876,-65.59939759036145,-36.818941194866454,-0.009355503259329606,-0.3596405019664015,Telecom Services,Communication Services,RBBN
2021Q3,2021,Q3,2021-10-28,2021-09-30,-59431000.0,210398000.0,1992000.0,-0.4,120328000.0,0.5719065770587173,1386625000.0,613548000.0,418653000.0,284733000.0,773077000.0,44789000.0,-1259353000.0,886140320.0000001,1236221320.0,4.140447011823139,1.4703353668173342,0.32546146218335886,0.7355463631207338,0.001767749046616311,4.140447011823139,-0.09686446700176678,4.211733571611898,-3.7276014201342735,1.4442884990253413,0.0,2.0109848400276853,0.0,0.15173388623456233,1.183291012984094,-0.042860182096817814,-230.76570833333335,0.5719065770587173,-3.666666666666667,-4.310446115272482,0.07894169983416349,-0.07302892999629888,-0.06306306306306306,-3.557161912138032,-0.846201358863496,-3.142414172066875,-0.02296168917855675,-0.2641677147471211,Telecom Services,Communication Services,RBBN
2021Q2,2021,Q2,2021-07-29,2021-06-30,23241000.0,211210000.0,12952000.0,0.15,128427000.0,0.6080535959471616,1458988000.0,669281000.0,412963000.0,287204000.0,789707000.0,46556000.0,-1199922000.0,1122223870.0,1470048870.0,4.538513701370476,1.437873427946686,0.31527332644271233,0.6872748516691793,0.009186441473088577,4.538513701370476,0.034725324639426486,5.313308413427395,12.071596209285316,1.676760389134011,0.0,1.7781381561989862,0.0,0.14476472733154763,1.1560493586440301,0.01592953471858576,124.29104773507586,0.6080535959471616,1.4838709677419353,3.6711701294069248,0.16315661642286022,0.019326904590841562,0.16174115986865314,1.5200841408015755,2.027610282450016,1.808179656020697,0.0652145052732502,-0.1826274839453365,Telecom Services,Communication Services,RBBN
2021Q1,2021,Q1,2021-04-30,2021-03-31,-44687000.0,192772000.0,-12604000.0,-0.31,110547000.0,0.5734598385657668,1452784000.0,642733000.0,396922000.0,296522000.0,810051000.0,44854000.0,-1223163000.0,1198134560.0000002,1561579560.0000002,4.404211435149655,1.3385920774849758,0.3232916937411205,0.7307435591450883,-0.01071536651408641,4.404211435149655,-0.06952653745801134,6.215293507355842,-6.702925683084566,1.8641248543329811,0.0,1.8331698399250902,0.0,0.1326914393330323,1.0636344014946615,-0.03075956232998161,-103.56422854179274,0.5734598385657668,-1.3827160493827162,-2.25579596629698,0.10505583435870086,-0.016560780039774955,-0.3715671170889494,-1.3610778926955398,-1.7457988165680474,0.30500710671406045,0.11095686775288403,-0.23275698575957435,Telecom Services,Communication Services,RBBN
2020Q4,2020,Q4,2021-02-26,2020-12-31,123760000.0,244202000.0,16900000.0,0.81,175909000.0,0.7203421757397565,1547265000.0,686853000.0,447646000.0,327630000.0,860412000.0,45750000.0,-1178476000.0,953240160.0,1299015160.0,4.726779115139253,1.3663156609590086,0.3064782050909185,0.6903995469190642,0.01316353045398461,4.726779115139253,0.18018411508721663,3.9034903891041024,1.9255820943762119,1.3878372228118678,0.0,1.492743169398907,0.0,0.15782816776699532,1.117620486524433,0.07998629840395795,33.70721923620933,0.7203421757397565,19.25,7.997712756198559,0.09396522315146175,0.053016331439804235,0.4265475099545053,18.79526551503519,0.4181421498699337,5.69188574256834,-0.005006887737939721,-0.3351167937716462,Telecom Services,Communication Services,RBBN
2020Q3,2020,Q3,2020-10-30,2020-09-30,6252000.0,231118000.0,11917000.0,0.04,123311000.0,0.5335413079033221,1406078000.0,555441000.0,402842000.0,319772000.0,850637000.0,50974000.0,-1302236000.0,560948760.0,913270760.0,3.832001821342826,1.259778842425228,0.3243205568965591,0.8210052912910643,0.012605362003814099,3.832001821342826,0.0112559209709042,2.4271097880736248,22.43077255278311,1.009916012681815,0.0,2.1149409502883825,0.0,0.16437068213854422,0.9741659682523798,0.004446410512076855,22.671924662517178,0.5335413079033221,1.6666666666666667,2.1289349772925985,0.16599156391566905,-0.11744161367749388,0.0978836685452781,1.7577263362016726,6.485552763819095,-0.3785167379717852,0.06299982727743487,-0.09463493262828906,Telecom Services,Communication Services,RBBN
2020Q2,2020,Q2,2020-08-06,2020-06-30,-8251000.0,210493000.0,1592000.0,-0.06,112317000.0,0.53359019064767,1428062000.0,544777000.0,408813000.0,342637000.0,883285000.0,58047000.0,-1308488000.0,567818190.0,950400190.0,3.7705266363516814,1.1931373436027048,0.3246175586214044,0.8509426792981348,0.0019573840897560784,3.7705266363516814,-0.015145646750872375,2.697563291890942,-17.204526421039876,1.0422947187564822,0.0,1.691319103485107,0.0,0.14739766200627144,0.8335147692747719,-0.0057777603493405745,-46.950404332726976,0.53359019064767,0.7777777777777778,0.815819202263871,0.3179242210848672,-0.1218407474385479,0.3769400514895182,0.7512511305396442,1.0553931802366041,0.7708177159602377,0.29506267684696474,-0.07975545390840395,Telecom Services,Communication Services,RBBN
2020Q1,2020,Q1,2020-05-08,2020-03-31,-33170000.0,157982000.0,-28740000.0,-0.27,81570000.0,0.5163246445797622,1472489000.0,553704000.0,428832000.0,370742000.0,918785000.0,67067000.0,-1300237000.0,366605760.0,665018760.0,4.576368685532928,1.156685781486856,0.26841830397374783,0.7138164073223239,-0.028256410827718487,4.576368685532928,-0.059905653562192074,2.3205539871630947,-2.7630823032861014,0.6620970048979238,0.0,1.139338273666632,0.0,0.10728908670964604,0.8162630616439465,-0.02252648406881138,10.809546218487394,0.5163246445797622,0.8014705882352942,0.3001016015081839,0.2869225770655209,0.022360652644041325,-0.19193620288275795,0.7794005174145235,0.8068833908965073,-0.2647586545251844,0.20164263819135103,0.060131460610165284,Telecom Services,Communication Services,RBBN
2019Q4,2019,Q4,2020-02-28,2019-12-31,-150363000.0,161109000.0,-148822000.0,-1.36,100945000.0,0.6265633825546679,814908000.0,483255000.0,279295000.0,206737000.0,331653000.0,14800000.0,-1267067000.0,341833900.0,353685900.0,4.3825100436206,1.3509676545562719,0.06932684425726585,0.11690515359385832,-0.2568147419878918,4.3825100436206,-0.3111462892261849,2.121755457485305,-0.5683477650751847,0.707357192372557,0.0,4.065135135135135,0.0,0.19770207189032382,1.148072188335905,-0.1845153072494073,11.089861796003115,0.6265633825546679,-137.0,-29.706544419774257,-0.060924726929314624,-0.09995806838711686,0.279777374900161,-92.1290909090909,-56.406552494415486,-24.51609302318463,0.06450344540065105,-0.015344262705116813,Telecom Services,Communication Services,RBBN
2019Q3,2019,Q3,2019-10-31,2019-09-30,1650000.0,137653000.0,2686000.0,0.01,78877000.0,0.5730133015626249,957081000.0,631015000.0,247344000.0,205254000.0,326066000.0,14103000.0,-1116704000.0,642867200.0,685575200.0,5.732331031976744,1.2050629951182437,0.08683173106560468,0.13170051425084983,0.004017147719720876,5.732331031976744,0.0026148348295999303,4.670201157984207,97.40412121212121,1.0187827547681116,0.0,4.167623909806424,0.0,0.14382586217885424,0.9907772808325295,0.0017239920132151823,-71.99767051181543,0.5730133015626249,-0.9777777777777777,1.141729074702555,-0.15813507658269346,0.17161395145098002,-0.022262714910812786,-0.9666464523953912,1.3785231116121759,1.1984699707198645,-0.049756418401733754,0.28336506062111155,Telecom Services,Communication Services,RBBN
2019Q2,2019,Q2,2019-08-01,2019-06-30,49470000.0,145421000.0,-7096000.0,0.45,80673000.0,0.5547548153292853,976944000.0,626569000.0,250594000.0,230436000.0,350375000.0,16509000.0,-1118354000.0,548658180.0,582187180.0,5.675752305378915,1.087477651061466,0.086714284544457,0.13520458241630212,-0.008482111536382597,5.675752305378915,0.07895379439455191,3.7728951114350746,2.7726813220133413,0.8756548440794231,0.0,3.9219819492398087,0.0,0.14885295370051918,0.896565640785294,0.05063749815751978,76.70322661820215,0.5547548153292853,2.5517241379310347,5.029105084894643,-0.13847055390128618,0.16638689882432375,0.4255950803159625,2.604501816294759,0.8041294026719664,8.595179193924999,0.06979415598673964,0.2747448634823367,Telecom Services,Communication Services,RBBN
2019Q1,2019,Q1,2019-05-02,2019-03-31,-30832000.0,118928000.0,-36228000.0,-0.29,56589000.0,0.4758257096730795,946049000.0,579063000.0,220051000.0,269940000.0,366986000.0,18870000.0,-1167824000.0,560305060.0,598083060.0,5.353416476374495,0.8151848558939023,0.08637607565781476,0.14111763314181705,-0.052973624063153646,5.353416476374495,-0.05324463832087355,4.711296414637427,-4.543210463155163,0.9676063917052203,0.0,3.3036036036036034,0.0,0.12571019048696208,0.6695450840927614,-0.032590278093417996,35.43319167773351,0.4758257096730795,-13.499999999999998,-2.827463099772377,-0.17502096708052237,0.15423719501339692,-0.40876987692500577,-15.884994523548741,-31.77994902293968,-2.0307166286335265,-0.08020289619526096,0.1953921379955395,Telecom Services,Communication Services,RBBN
2018Q4,2018,Q4,2019-03-04,2018-12-31,-1826000.0,166896000.0,1177000.0,-0.02,95714000.0,0.573494871057425,957159000.0,590298000.0,278435000.0,289654000.0,366861000.0,22602000.0,-1136992000.0,513845740.00000006,549251740.0,5.5371410882962655,0.9612675813211625,0.0826403972589716,0.1340001151960535,0.003169446170942879,5.5371410882962655,-0.003093352848900047,3.07883795896846,-70.35127875136912,0.8704853141972361,0.0,3.1493673126272013,0.0,0.17436601442393584,0.8245389326575846,-0.0019077290188986365,42.85976645258154,0.573494871057425,0.7999999999999999,-4.412265831787892,0.11396077731911665,-0.03910248267512324,0.16392246516039594,0.8202402047647175,1.155564366904573,-1.1809528245155563,0.01909107246343954,0.23354611109018647,Telecom Services,Communication Services,RBBN
2018Q3,2018,Q3,2018-10-31,2018-09-30,-10158000.0,152468000.0,-7566000.0,-0.1,82234000.0,0.5393525198730226,924053000.0,590362000.0,235499000.0,258314000.0,333691000.0,21724000.0,-1134957000.0,712393220.0,757909220.0,5.626889570902991,0.9116772610079206,0.08819840420408787,0.1380508908093678,-0.011171063240107344,5.626889570902991,-0.01720639201032587,4.672411391242752,-17.53281206930498,1.2067057500313367,0.0,3.233014177867796,0.0,0.16499919376918856,0.7508110284382573,-0.010992875949756129,-215.35466142684402,0.5393525198730226,0.5,-0.43294924800536,0.1916463154888584,-0.04977502974083121,0.09483298052216053,0.4901114345949202,0.5452031738398654,-1.5340804126477554,0.0626801420787767,0.29594368981037056,Telecom Services,Communication Services,RBBN
2018Q2,2018,Q2,2018-08-01,2018-06-30,-19922000.0,137361000.0,-16636000.0,-0.2,75111000.0,0.5468145980300085,827702000.0,567250000.0,232780000.0,203110000.0,260452000.0,19036000.0,-1124799000.0,727379200.0,736890200.0,5.552564604541895,1.1460784796415735,0.0518568276988578,0.07566681357426179,-0.02796489948913383,5.552564604541895,-0.035120317320405464,5.295383696973668,-9.127838570424656,1.2822903481710004,0.0,3.2701197730615674,0.0,0.1659546551778297,0.9439712471074787,-0.02406904900555997,-26.21375234251117,0.5468145980300085,0.5454545454545454,-1.2615222319058241,0.0974839306964536,-0.14377281006515627,0.35890941327592135,0.5563424193835739,0.60748413278909,0.37106384006011117,0.21633188637934117,0.29319759630227205,Telecom Services,Communication Services,RBBN
2018Q1,2018,Q1,2018-04-30,2018-03-31,-44904000.0,121180000.0,-42383000.0,-0.44,55273000.0,0.45612312262749627,861078000.0,585035000.0,251431000.0,223030000.0,276043000.0,21422000.0,-1105366000.0,519776699.99999994,503687699.99999994,5.740308290079182,1.1273416132358876,0.04935673655580563,0.07264522635397883,-0.07096843440940549,5.740308290079182,-0.07675438221644859,4.289294438026077,-2.8938218198824157,0.8884540241182152,0.0,3.0766034917374663,0.0,0.14073057260782415,0.9317894453660942,-0.05214858584239755,332.12568690095844,0.45612312262749627,-1.4444444444444446,-0.8045630534689571,0.057879331982286904,-0.11922291318029704,-0.28029010794411385,-1.8575792287132493,-0.18843058632195833,-0.12482401956234608,0.1718871303127619,0.28238473188921726,Telecom Services,Communication Services,RBBN
2017Q4,2017,Q4,2018-03-08,2017-12-31,-15714000.0,146212000.0,-35663000.0,-0.18,76799000.0,0.5252578447733428,910883000.0,615421000.0,282219000.0,242802000.0,295462000.0,21303000.0,-1072426000.0,669162910.0,654589910.0,7.109187103630714,1.162342155336447,0.04665802303918286,0.06905841692109954,-0.02401090168607319,7.109187103630714,-0.02553374031760372,4.576662038683556,-10.64596713122057,1.0873254406333226,0.0,3.2583673660986716,0.0,0.16051677328482364,0.9862068681477089,-0.017251392330299282,-393.3938330393886,0.5252578447733428,-3.571428571428571,0.37795720238321195,0.2623155079642204,0.06160830890247813,0.4079417749830421,-5.550825369244135,-10.100025516713448,-3.0876883872657936,0.0855871397605827,0.4600232353747272,Telecom Services,Communication Services,RBBN
2017Q3,2017,Q3,2017-10-27,2017-09-30,3453000.0,74629000.0,3919000.0,0.07,54547000.0,0.7309088960055743,302444000.0,210582000.0,186785000.0,79607000.0,91862000.0,16282000.0,-1056712000.0,380610450.0,329330450.0,4.232548791027677,2.3463388897961233,0.0,0.0,0.015373555285536066,4.232548791027677,0.016397412884292105,5.1000341690227655,27.556505212858383,1.8074215744935465,0.0,1.233386561847439,0.0,0.24675311793257595,1.9620008290728201,0.01141698959146156,68.77673473075534,0.7309088960055743,1.28,1.248964228638086,0.4731710797459453,-0.39296663310195823,0.49846162298774793,1.2797083839611179,1.3085098008344485,1.6562370313453583,0.009842174373309752,-0.1349220437370717,Telecom Services,Communication Services,RBBN
2017Q2,2017,Q2,2017-06-30,2017-06-30,-12345000.0,55733000.0,-12703000.0,-0.25,36402000.0,0.6531498394129152,292353000.0,202993000.0,161129000.0,76949000.0,89360000.0,16759000.0,-1060165000.0,368599920.0,335993920.0,4.0973094079890195,2.0939713316612303,0.0,0.0,-0.06506078301731516,4.0973094079890195,-0.060814904947461244,6.613674483699065,-7.464558930741191,1.8158257673909939,0.0,1.1534697774330211,0.0,0.1906359777392399,1.6902493859569325,-0.04222634965264595,-156.31888040712468,0.6531498394129152,-0.13636363636363635,-0.1897868806606671,0.09321473974259784,-0.42919394759436713,0.07864169728576509,-0.15959045650948714,-0.17816731589686516,-1.24037618330357,-0.2642697908479907,-0.15798862304492559,Telecom Services,Communication Services,RBBN
2017Q1,2017,Q1,2017-03-31,2017-03-31,-10646000.0,53368000.0,-10782000.0,-0.22,33748000.0,0.6323639634237745,294354000.0,212015000.0,161886000.0,69376000.0,82339000.0,17671000.0,-1047820000.0,323661260.0,291730260.0,4.316793582277966,2.3334582564575648,0.0,0.0,-0.05144931900394366,4.316793582277966,-0.0502134282951678,6.064706565732274,-7.600536821341349,1.5265960427328253,0.0,1.1102937015449041,0.0,0.18130550289787126,1.8915330950184501,-0.03616733592884758,124.19848810437452,0.6323639634237745,-3.3999999999999995,-0.8820094130749285,-0.05595450764281897,-0.41357055431630485,-0.25655372956778427,-3.0463702014443177,-2.9874260355029585,-1.9106183015089104,-0.1846779232371257,-0.06926656316589591,Telecom Services,Communication Services,RBBN
2016Q4,2016,Q4,2016-12-31,2016-12-31,-2631000.0,67572000.0,-2704000.0,-0.05,45394000.0,0.6717871307642219,308059000.0,219122000.0,177914000.0,77069000.0,88937000.0,18283000.0,-1037174000.0,310161600.0,278238600.0,4.450804354891128,2.3085027702448455,0.0,0.0,-0.016096655667812633,4.450804354891128,-0.012007009793630945,4.590090570058604,-29.471835803876854,1.41547448453373,0.0,1.213039435541213,0.0,0.21934759250663022,1.915439411436505,-0.008540571773588825,38.03330472103004,0.6717871307642219,0.375,-1.7986642126004488,0.03013433538636445,-0.4025862492025735,0.04148120956270362,0.2948271240954168,0.37349397590361444,-11.646360688409262,-0.023372412091677865,-0.22762183832495378,Telecom Services,Communication Services,RBBN
2016Q3,2016,Q3,2016-09-30,2016-09-30,-3731000.0,65011000.0,-4316000.0,-0.08,43586000.0,0.6704403870114288,309853000.0,220661000.0,160612000.0,66246000.0,89192000.0,20811000.0,-1034543000.0,384347560.0,351781560.0,4.466641026679082,2.4244784590767745,0.0,0.0,-0.022087220376927598,4.466641026679082,-0.016908289185673952,5.912038885727031,-25.753655856338785,1.7418010432292068,0.0,1.0295036278890972,0.0,0.20981239490984435,1.9105153518703015,-0.01204119372734813,-2234.5788372093025,0.6704403870114288,-0.3333333333333334,-3.205334524856519,0.10555776427626415,-0.39343534762174054,0.08347419707666302,-0.27949245541838136,-0.5937961595273265,-0.11777224435416415,0.07909825281642627,-0.24570870224961677,Telecom Services,Communication Services,RBBN
2016Q2,2016,Q2,2016-06-30,2016-06-30,-2916000.0,60857000.0,-2708000.0,-0.06,40228000.0,0.6610250258803424,296066000.0,220054000.0,160054000.0,64325000.0,76012000.0,20674000.0,-1030812000.0,429485870.0,393224870.0,4.45246140460919,2.488208317139526,0.0,0.0,-0.014463724738818367,4.45246140460919,-0.013251292864478719,7.057296120413429,-36.8214909122085,1.951729439137666,0.0,0.9978233530037729,0.0,0.20555214040112676,1.9528488146132919,-0.009849155255922665,101.74979151859749,0.6610250258803424,0.3333333333333333,0.44638212945029726,0.3242979902468367,-0.3888905434406197,0.047522328984714736,0.3734422002578427,0.3022416902860088,0.31576194292401244,0.005071703823898448,-0.31341302834307083,Telecom Services,Communication Services,RBBN
2016Q1,2016,Q1,2016-03-31,2016-03-31,-4654000.0,59151000.0,-3881000.0,-0.09,38403000.0,0.6492366992950246,297878000.0,221608000.0,169826000.0,63876000.0,76270000.0,22450000.0,-1027896000.0,372614520.0,329965520.0,4.478376849082531,2.6586824472415302,0.0,0.0,-0.022552590756534516,4.478376849082531,-0.02100104689361395,6.29937820155196,-20.015820799312422,1.6814127648821344,0.0,0.9241870824053452,0.0,0.19857458422575686,2.0786680443359007,-0.01562384600406878,157.75381879762912,0.6492366992950246,-2.0,0.5789977298147573,-0.013463123628779074,-0.392098797338856,-0.26573105676755704,-1.9895811184350414,-1.955911330049261,0.6147920475883712,0.06352844134938639,-0.31285019628078153,Telecom Services,Communication Services,RBBN
2015Q4,2015,Q4,2015-12-31,2015-12-31,4703000.0,76326000.0,4060000.0,0.09,52301000.0,0.6852317689909074,312891000.0,223026000.0,195141000.0,77449000.0,89865000.0,17136000.0,-1023242000.0,354254050.0,304143050.0,4.488799436449633,2.5196064506965876,0.0,0.0,0.016734586325732072,4.488799436449633,0.02108722749813923,4.6413286429263945,18.83128056559643,1.5883979894720792,0.0,1.4020191409897291,0.0,0.24393798479342646,2.0681609833567896,0.015030793471208824,21.090316723224387,0.6852317689909074,3.25,-0.5430413582784513,0.01974566266957613,-0.40983338088416615,0.14414158207910396,3.4804852320675104,3.9809104258443466,1.3243661819938548,0.1481125810450814,-0.32969174825937636,Telecom Services,Communication Services,RBBN
2015Q3,2015,Q3,2015-09-30,2015-09-30,-1896000.0,67862000.0,-1362000.0,-0.04,45712000.0,0.6736023105714538,305192000.0,215468000.0,201731000.0,77386000.0,89724000.0,19928000.0,-1027945000.0,283855000.0,239082000.0,4.34192443324937,2.606815186209392,0.0,0.0,-0.01044886798508173,4.34192443324937,-0.008799450498449886,4.1828269134419855,-37.42813818565401,1.3173881968552175,0.0,1.1115014050582095,0.0,0.22235838423025506,2.0821983304473677,-0.006212482633882932,20.171617396247868,0.6736023105714538,0.870967741935484,0.9055342301302322,0.7624411867404653,-0.41096186825898195,0.32829662346719357,0.8764257316039888,0.9094956475513323,0.8629441871724082,0.34304625503560887,-0.37727994698620304,Telecom Services,Communication Services,RBBN
2015Q2,2015,Q2,2015-06-30,2015-06-30,-15343000.0,54701000.0,-15049000.0,-0.31,34414000.0,0.6291292663753862,295402000.0,212468000.0,191474000.0,70181000.0,82934000.0,22658000.0,-1026049000.0,342429280.0,308301280.0,4.293670681432382,2.72828828315356,0.0,0.0,-0.07214132097700614,4.293670681432382,-0.07221322740365609,6.260018646825469,-5.579568532881444,1.6116746051170059,0.0,0.8953570482831671,0.0,0.18517477877604077,2.099200638349411,-0.05193939106708824,286.3121070234114,0.6291292663753862,0.20512820512820515,-55.843898914612296,-0.006066976540075071,-0.43815104326998355,0.1773520355798837,0.2074487318559843,0.2023216368069543,-0.48049133341801675,0.07425114780437592,-0.40183838515600095,Telecom Services,Communication Services,RBBN
2015Q1,2015,Q1,2015-03-31,2015-03-31,-19359000.0,50145000.0,-18866000.0,-0.39,29230000.0,0.5829095622694187,303994000.0,221231000.0,180681000.0,68712000.0,82763000.0,22312000.0,-1010706000.0,389453240.0,371361240.0,4.47627622766728,2.6295406915822563,0.0,0.0,-0.08784572950707344,4.47627622766728,-0.08750581970881115,7.76654182869678,-5.029356371713415,1.760391807658059,0.0,0.9373879526712083,0.0,0.1649539135640835,2.0289323553382235,-0.06368217793772246,-19.48435261156694,0.5829095622694187,-8.75,-159.59767505068191,-0.10680043464949185,-0.41029244399535314,-0.4356271238801359,-7.831660583941606,-8.69974293059126,-2.4009046144605675,-0.1185131598239261,-0.39190509416648883,Telecom Services,Communication Services,RBBN
2014Q4,2014,Q4,2014-12-31,2014-12-31,-2192000.0,76798000.0,-1945000.0,-0.04,51792000.0,0.6743925623063101,332635000.0,240350000.0,206887000.0,77407000.0,92285000.0,22114000.0,-991347000.0,979815850.0000001,938658850.0000001,4.8692287433398835,2.6727169377446485,0.0,0.0,-0.010349162624808872,4.8692287433398835,-0.00912003328479301,12.75835112893565,-111.74907048357665,4.076620969419597,0.0,1.1307768834222665,0.0,0.2308776887579479,2.177361220561448,-0.0065898056428217115,3212.5109836065576,0.6743925623063101,0.6,-1.2359789083240236,0.2404135390516675,-0.356063018167335,0.0812074652415348,0.5795127565701131,0.5874867444326617,-1.6636627705290774,0.16772486795289485,-0.3464228092046801,Telecom Services,Communication Services,RBBN
2014Q3,2014,Q3,2014-09-30,2014-09-30,-5213000.0,73216000.0,-4715000.0,-0.1,47902000.0,0.6542559003496503,339179000.0,241167000.0,208960000.0,82623000.0,98012000.0,22008000.0,-989155000.0,842882940.0000001,794344940.0000001,4.892679047460612,2.529077859675877,0.0,0.0,-0.021479062624199876,4.892679047460612,-0.02161572686146944,11.512277917395107,-40.42216286207559,3.4950177263058384,0.0,1.1502181025081788,0.0,0.21586242072769835,2.050143422533677,-0.015369465680363466,135.66440366972478,0.6542559003496503,0.0,-0.7055095344038796,0.44877922185987557,-0.33159314213254837,0.012984266621553036,0.051664544296889214,0.017912934805248908,-4.088234926350572,0.2478832890735598,-0.3355798802959046,Telecom Services,Communication Services,RBBN
2014Q2,2014,Q2,2014-06-30,2014-06-30,-5497000.0,75570000.0,-4801000.0,-0.1,47288000.0,0.6257509593754135,339101000.0,240502000.0,216930000.0,83047000.0,98599000.0,23509000.0,-983942000.0,887160849.424,828245849.424,4.866097442538038,2.61213529688008,0.0,0.0,-0.023048388682336225,4.866097442538038,-0.022856358782879144,11.739590438322086,-40.347500883390936,3.6887878247332666,0.0,1.2030286273342123,0.0,0.22285395796532598,2.136717762231026,-0.016210509553200962,-225.39655727235774,0.6257509593754135,-1.0,-2.388263727642787,0.3578039617953848,-0.33606824796597135,0.0186330051913922,-0.390589425752593,0.17095493006389226,-0.043613120826338066,0.644431606100579,-0.3321181491666573,Telecom Services,Communication Services,RBBN
2014Q1,2014,Q1,2014-03-31,2014-03-31,-3953000.0,70742000.0,-5791000.0,-0.05,46423000.0,0.6562296796810947,342351000.0,246188000.0,246506000.0,80690000.0,96163000.0,24178000.0,-978445000.0,894398000.0000001,825007000.0000001,4.6380557648831955,3.0549758334366093,0.0,0.0,-0.027180686714649644,4.6380557648831955,-0.01605683461419728,12.643097452715503,-56.564507968631425,3.6329877979430356,0.0,1.0058317478699643,0.0,0.2066358795505198,2.5392737637873344,-0.011546629044460218,49.91338802388527,0.6562296796810947,-11.054293183189221,0.7493305497749548,0.7749217673420119,-0.354982856926399,-0.04056958624395486,-15.533088235294118,-97.15254237288136,0.6666359550223329,0.09992342286763468,-0.3704237556382592,Telecom Services,Communication Services,RBBN
2013Q4,2013,Q4,2013-12-31,2013-12-31,272000.0,76153000.0,-59000.0,0.004973,48386000.0,0.6353787769359054,417484000.0,312252000.0,313290000.0,89411000.0,105232000.0,21793000.0,-974492000.0,853448400.0,783405400.0,5.762467889095579,3.5039312836228205,0.0,0.0,-0.0008861101135378278,5.762467889095579,0.0008710912980541358,11.207022704292674,784.4194852941177,2.7332039506552404,0.0,1.2741247189464506,0.0,0.18240938574891494,3.0842737470781,0.0006515219744948309,760.6491978609625,0.6353787769359054,1.0994599999999999,1.0027294224794059,-0.1474026916658113,-0.22979282514141142,0.1448514101836078,1.0720911741319905,0.9797320508416352,-0.9757674340211117,-0.06710027662654827,-0.24237733496042937,Telecom Services,Communication Services,RBBN
2013Q3,2013,Q3,2013-09-30,2013-09-30,-3773000.0,68099000.0,-2911000.0,-0.05,42264000.0,0.6206258535367627,427952000.0,330675000.0,290181000.0,79096000.0,97277000.0,22058000.0,-974764000.0,940934330.0000001,870929330.0000001,5.9216393454365726,3.6687190249823,0.005561371368751636,0.007197399259091253,-0.011566869490005214,5.9216393454365726,-0.011409994707794663,13.817153409007476,-62.346563079777376,2.8454958191577835,0.0,1.1712303926013239,0.0,0.1591276591767301,3.1991630423788813,-0.00881640931693274,6769.3117266187055,0.6206258535367627,0.5,0.8125607698965387,0.06535123249571766,-0.3506986773745297,-0.03962915833484821,0.22525667351129364,0.37168141592920356,0.8329432410632215,0.5717006182010528,-0.19665313606812537,Telecom Services,Communication Services,RBBN
2013Q2,2013,Q2,2013-06-30,2013-06-30,-4870000.0,69193000.0,-4633000.0,-0.1,44008000.0,0.636018094315899,457329000.0,366254000.0,293451000.0,71453000.0,91075000.0,23599000.0,-970991000.0,849990890.0,769692890.0,6.484919738375078,4.106909436972555,0.005204130942931675,0.006498222545009747,-0.013481555992920547,6.484919738375078,-0.01329678310680566,12.284347983177488,-43.634029260780295,2.320768892626429,0.0,1.0672062375524387,0.0,0.15129808081271906,3.5609141673547646,-0.010648788946250948,41.27371515975527,0.636018094315899,0.6,-38.11250331426755,-0.2440734689417583,-0.3107206887123332,0.16417120787259934,0.6457666569682863,0.6561015439429929,-16.25225385488233,0.10156731733879869,-0.15141480103722565,Telecom Services,Communication Services,RBBN
2013Q1,2013,Q1,2013-03-31,2013-03-31,-13748000.0,63288000.0,-13472000.0,-0.25,37802000.0,0.5973012261408166,454887000.0,366980000.0,318271000.0,69185000.0,87907000.0,26408000.0,-966121000.0,701039580.0,628791580.0,6.517322459881652,4.600289080002891,0.005232068623636199,0.006485367049975476,-0.03760635879836937,6.517322459881652,-0.03746253201809363,11.076974781949184,-12.748028440500436,1.910293694479263,0.0,0.9650863374734929,0.0,0.13912905842549908,3.9884223458842234,-0.030222890520063224,132.1967904959457,0.5973012261408166,0.16666666666666663,-24.34487987444611,-0.1782811672265108,-0.3020880563311404,0.061764458051287816,0.1610422896198206,0.14458060829259,-99.10407895452518,-0.010540196986531506,-0.14140367930022338,Telecom Services,Communication Services,RBBN
2012Q4,2012,Q4,2012-12-31,2012-12-31,-16387000.0,75136000.0,-15749000.0,-0.3,35603000.0,0.4738474233390119,471260000.0,376046000.0,360560000.0,75232000.0,95214000.0,25910000.0,-952373000.0,477314100.0,391690100.0,6.696619689215131,4.792641429179072,0.005050290710011458,0.006329012939906288,-0.04431317313054788,6.696619689215131,-0.04357711556564888,6.352668494463373,-7.281901812412278,1.2692971072687915,0.0,1.525781551524508,0.0,0.1594364045325298,4.234408230540196,-0.03477273691804948,-34.15485509838998,0.4738474233390119,0.0,-2.0891206764154044,-0.2754213063469845,-0.286597118901015,0.09743542321681771,-0.04917088161854152,-0.0638340988921913,-2.5507104123565814,0.06675151931791806,-0.11439751581754984,Telecom Services,Communication Services,RBBN
2012Q3,2012,Q3,2012-09-30,2012-09-30,-15619000.0,57049000.0,-14804000.0,-0.3,32442000.0,0.5686690388963873,486820000.0,390663000.0,369469000.0,80738000.0,96157000.0,21253000.0,-935986000.0,515466799.99999994,442858799.99999994,6.972514233700405,4.576147538953157,0.0,0.0,-0.04002942195027689,6.972514233700405,-0.039980750672574575,9.035509824887377,-8.250637044625135,1.3194666502842602,0.0,1.1578130146332282,0.0,0.11718705065527299,4.036017736381877,-0.032083727044903664,-31.074680491921868,0.5686690388963873,-0.4999999999999999,0.4524779754764945,-0.30078151288732136,-0.2009882644631347,-0.010763835950602227,-0.33211087420042645,-0.255427408412483,-3.495499292853795,-0.0068781693419098615,-0.04745921709239419,Telecom Services,Communication Services,RBBN
2012Q2,2012,Q2,2012-06-30,2012-06-30,-11725000.0,57610000.0,-11792000.0,-0.2,32795000.0,0.5692588092345079,485427000.0,401868000.0,419170000.0,69657000.0,83559000.0,18262000.0,-920367000.0,601840900.0,495728900.0,7.1781113580017575,6.01762924042092,0.0,0.0,-0.029736067740832685,7.1781113580017575,-0.029176246926851602,10.44681305328936,-12.83242857142857,1.4976084186847423,0.0,1.3588325484612858,0.0,0.11867901867840067,5.486196649295835,-0.024153992258362227,-44.1006008646589,0.5692588092345079,-1.0,-0.5598358016653417,-0.29178732383098943,-0.16025243353822466,-0.21456626909996648,-0.8212177694936316,-0.9028562207519768,-3.6141093351341027,-0.08620204568924955,-0.02061639609753589,Telecom Services,Communication Services,RBBN
2012Q1,2012,Q1,2012-03-31,2012-03-31,-6438000.0,64339000.0,-6197000.0,-0.1,41754000.0,0.6489687436857894,490831000.0,411469000.0,389473000.0,64649000.0,79362000.0,17683000.0,-908642000.0,810512300.0,697853300.0,7.361147387892818,6.02442419836347,0.0,0.0,-0.01620872816057226,7.361147387892818,-0.01564637919260017,12.59752716082003,-31.473761261261263,1.969801613244254,0.0,1.2772154046259119,0.0,0.13108177763833173,5.461724079258767,-0.013116530944459498,-143.7333392445469,0.6489687436857894,-2.4944825737265415,-0.5042160982283631,-0.15948037679687518,-0.12416012959574692,-0.11807198377830348,-2.726005361930295,-2.378336298932384,0.6123276087859048,0.5329058961211538,0.02371909665943848,Telecom Services,Communication Services,RBBN
2011Q4,2011,Q4,2011-12-31,2011-12-31,3730000.0,74272000.0,4496000.0,0.06691279092712785,47344000.0,0.6374407582938388,504715000.0,415301000.0,410833000.0,74214000.0,89414000.0,15434000.0,-902204000.0,668930400.0,563479400.0,7.4501203712673245,5.535788395720484,0.0,0.0,0.008506539555217447,7.4501203712673245,0.008981437559745823,9.006495045239122,44.83447721179625,1.61071223040638,0.0,1.7447194505636905,0.0,0.1471563159406794,5.156264316705743,0.00739030938252281,82.70652818991098,0.6374407582938388,0.9581297446756478,-0.9538935542474576,-0.14287943215200186,-0.12464922372176472,0.12147053249952625,0.9539025667888947,2.7435470441298917,1.036383771462846,-0.1916878953624591,-0.004222448793406309,Telecom Services,Communication Services,RBBN
2011Q3,2011,Q3,2011-09-30,2011-09-30,1909000.0,66353000.0,1201000.0,0.034171786169466284,42216000.0,0.6362334785164198,494034000.0,410491000.0,405458000.0,69094000.0,83543000.0,20886000.0,-905934000.0,602037360.0,525765360.0,7.363833367417596,5.868208527513243,0.0,0.0,0.003799513232676375,7.363833367417596,0.004650528269803723,9.073250041444998,78.84198009429021,1.4666274291031962,0.0,1.1556545054103227,0.0,0.134308569855516,5.360422033751122,0.0038641065189845233,-70.241204060203,0.6362334785164198,1.3417178616946628,-0.8788878951109603,-0.20414502351125496,0.09009521403981098,0.41020844468198825,1.321705426356589,1.1780314260302402,1.0950034412245886,0.03985399114313566,-0.19256366925782242,Telecom Services,Communication Services,RBBN
2011Q2,2011,Q2,2011-06-30,2011-06-30,-5934000.0,51772000.0,-6746000.0,-0.1,29936000.0,0.5782276133817508,502961000.0,405677000.0,396959000.0,81912000.0,97284000.0,26747000.0,-907843000.0,902016055.6800001,828615055.6800001,7.28586566091954,4.846164176189081,0.0,0.0,-0.015384540779634246,7.28586566091954,-0.01462740061674682,17.422855127868345,-38.00202459049545,2.223483351730564,0.0,0.816390623247467,0.0,0.10293442235083834,4.322870885828694,-0.011798131465461537,-70.56924234705055,0.5782276133817508,0.5,-1.6041559383534618,-0.27130791869883925,0.17897174782687258,0.12435680751173708,0.5217601547388782,0.4121645172533984,-46.86879960317461,-0.4262919885615896,-0.22558849338181017,Telecom Services,Communication Services,RBBN
2011Q1,2011,Q1,2011-03-31,2011-03-31,-12408000.0,67299000.0,-11476000.0,-0.2,26625000.0,0.3956225203940623,512859000.0,409178000.0,409230000.0,86924000.0,103681000.0,29114000.0,-901909000.0,1044197064.4576,957045064.4576,7.366948493403238,4.707905756753026,0.0,0.0,-0.031518942595415114,7.366948493403238,-0.030324210979084897,15.515788710940727,-21.038786759703417,2.5519384337808972,0.0,1.3970598337569555,0.0,0.13122320169871252,4.152765634347245,-0.02419378425649155,-179.47697910924717,0.3956225203940623,-1.9655109553023664,-2.94510872207965,0.01045413730186871,0.24910318719467556,-0.49461875747394796,-2.087467134092901,-2.0020957038071954,-22.360059107933154,-0.11415237445398758,-0.21110527005705423,Telecom Services,Communication Services,RBBN
2010Q4,2010,Q4,2010-12-31,2010-12-31,11410000.0,82979000.0,11452000.0,0.20714420577171655,52683000.0,0.6348955759891057,555954000.0,418956000.0,413526000.0,90049000.0,136998000.0,22499000.0,-889501000.0,735350040.0,672849040.0,7.605986667247614,4.592233117524903,0.0,0.0,0.0268083145050865,7.605986667247614,0.02723436351311355,8.861881198857542,16.111964066608238,1.755196345200928,0.0,1.3465487354993555,0.0,0.14925515420340532,4.154904551966152,0.020523280703079752,-363.8545472538347,0.6348955759891057,1.5178605144292914,1.052476524898799,0.30936873988296176,0.35090185340629526,1.215619480191774,1.5121644671873598,1.5077366437596986,-0.2269017734110396,-0.18421039226347427,-0.1897206271466078,Telecom Services,Communication Services,RBBN
2010Q3,2010,Q3,2010-09-30,2010-09-30,-22278000.0,42739000.0,-22555000.0,-0.4,23778000.0,0.5563536816490793,542425000.0,406024000.0,411152000.0,99672000.0,136401000.0,26982000.0,-900911000.0,972204359.9999999,890959359.9999999,7.371211130960162,4.12505016453969,0.0,0.0,-0.05593505201495979,7.371211130960162,-0.05486867771363269,22.74747560775872,-10.909915162941017,2.3944504758339407,0.0,0.7027277444222074,0.0,0.07879245978706734,3.65060398105787,-0.041071115822463936,-153.7568179661553,0.5563536816490793,-72.07755627009647,-6.442841575079298,-0.15435857925145488,0.33479239036807157,-0.38259808376392385,-72.63344051446946,-513.6136363636364,0.2056267977752094,-0.4671693003809521,-0.1552997955471501,Telecom Services,Communication Services,RBBN
2010Q2,2010,Q2,2010-06-30,2010-06-30,311000.0,61181000.0,44000.0,0.005627655493387957,38513000.0,0.6294928163972475,546963000.0,420390000.0,435613000.0,93828000.0,126573000.0,21181000.0,-878633000.0,745388210.0,641600210.0,7.642037294901673,4.642675960267724,0.0,0.0,6.767302849512226e-05,7.642037294901673,0.0007397892433216775,12.183328320883934,599.1866639871382,1.7730873950379409,0.0,1.070204428497238,0.0,0.11185582937054243,4.1924478833610435,0.0005685942193530458,92.94117331670823,0.6294928163972475,3.307347151774873,-0.9711959984867697,-0.049467334665606065,0.3821772494723713,0.008774686992508775,3.3208955223880596,1.088,1.0421072066651593,-0.2345577998648281,-0.10597901019603584,Telecom Services,Communication Services,RBBN
2010Q1,2010,Q1,2010-03-31,2010-03-31,-134000.0,62408000.0,-500000.0,-0.002439015511410588,38178000.0,0.6117484937828483,525074000.0,417033000.0,420230000.0,82445000.0,108041000.0,20119000.0,-878944000.0,722463630.0,658747630.0,7.590671311717103,5.097095033052338,0.0021806450138456674,0.002745586080717833,0.01335157118101223,7.590671311717103,-0.0003213174976560608,11.57645862709909,-1347.879906716418,1.7323895950680164,0.0,1.2043342114419207,0.0,0.11885562796862918,4.597549881739341,-0.0002552021238911087,-1557.0336853448275,0.6117484937828483,-1.012960780321737,0.9672760028188405,0.675512774587846,0.4249977906031555,-0.1586857356927213,-1.0129983509554759,-1.0654364611961784,0.9681458933449922,-0.17050229813696668,-0.0968510440546024,Telecom Services,Communication Services,RBBN
2009Q4,2009,Q4,2009-12-31,2009-12-31,10309000.0,68712000.0,7641000.0,0.18818431073320507,45379000.0,0.6604232157410641,540737000.0,414238000.0,452539000.0,100130000.0,126499000.0,21925000.0,-878810000.0,577943770.0,452620770.0,7.561654138083364,4.519514630979726,0.0,0.0,0.023215598116268606,7.561654138083364,0.02488665936007802,8.411103882873443,14.015514841400718,1.3951973744562305,0.0,1.064218928164196,0.0,0.12707101603922055,4.120083890941776,0.019064720927179018,27.13733248814387,0.6604232157410641,4.763686214664101,0.47997447480893224,0.3699388155683061,0.4048174807484516,0.28734751773049644,4.034736532234325,3.1652026069708135,-0.8703310743120946,-0.19310699988391233,-0.11154458050818827,Telecom Services,Communication Services,RBBN
2009Q3,2009,Q3,2009-09-30,2009-09-30,-3397000.0,56165000.0,-3529000.0,-0.05,35250000.0,0.6276150627615062,508637000.0,400995000.0,410515000.0,75883000.0,107642000.0,22183000.0,-889119000.0,580682840.0,401777840.0,7.319911502809347,5.409841466468116,0.0,0.0,-0.010859305131953208,7.319911502809347,-0.008471427324530231,10.33887367577673,-42.734974977921695,1.4481049389643263,0.0,0.9428391110309696,0.0,0.11042256068669798,4.89872566978111,-0.006678633288573187,-182.48989314896292,0.6276150627615062,-1.5000000000000002,-1.2973658392229328,0.07957812230955938,0.4074769582935588,-0.1251365035242728,-1.7750399269906456,-2.5559964726631392,-1.2193025748477548,-0.31450278227251477,0.0835932996139625,Telecom Services,Communication Services,RBBN
2009Q2,2009,Q2,2009-06-30,2009-06-30,4383000.0,61607000.0,2268000.0,0.1,40292000.0,0.6540165890239745,523937000.0,400971000.0,448867000.0,88880000.0,122966000.0,25100000.0,-885722000.0,440404230.00000006,228918230.00000006,7.329213322951054,5.050258775877587,0.0026587166014234538,0.0034740667030782775,0.007326690363156592,7.329213322951054,0.010930965082262807,7.148606976479947,25.120022245037646,1.0983443441046858,0.0,0.849203187250996,0.0,0.11758474778456189,4.454207920792079,0.008365509593710694,494.83621348314614,0.6540165890239745,1.3333333333333335,-0.20310045196366106,0.30465328535596786,0.4736254535703124,0.735601981477493,1.2701053799223516,1.1276739473091646,-0.5458319253493774,-0.11748358133939682,0.1859861056599612,Telecom Services,Communication Services,RBBN
2009Q1,2009,Q1,2009-03-31,2009-03-31,-16227000.0,41012000.0,-17764000.0,-0.3,23215000.0,0.5660538379011021,523101000.0,392743000.0,439721000.0,90919000.0,130358000.0,23786000.0,-886943000.0,428759150.0,236680150.0,7.190593017081968,4.836403831982314,0.0,0.0,-0.045303183923535884,7.190593017081968,-0.041317095403355375,10.454480395981664,-6.605644142478585,1.0917041169416133,0.0,0.7482132346758598,0.0,0.07840168533418976,4.260737579603823,-0.031020778014188465,52.67311425061425,0.5660538379011021,0.8368752627469821,-5.8222544279195905,0.0055244427385953,0.47170944016447625,-0.4184036476600862,0.8375773226833223,-0.15809374796270945,-3.586790336563424,-0.3738190641403786,0.21920122877194595,Telecom Services,Communication Services,RBBN
2008Q4,2008,Q4,2008-12-31,2008-12-31,-99906000.0,89544000.0,-15339000.0,-1.8390834219991974,39916000.0,0.44576967747699453,535585000.0,406435000.0,416382000.0,89294000.0,129150000.0,22553000.0,-870716000.0,429158020.0,306951020.0,7.4817115150265625,4.663045669361884,0.0,0.0,-0.29057370334151944,7.4817115150265625,-0.245810523207893,4.792705485571339,-1.073904520249034,1.0559081279909457,0.0,2.2005054759898903,0.0,0.16718914831445988,4.2419535467108656,-0.18653621740713425,-25.957661646404162,0.44576967747699453,-4.254524062854849,-8.426762627965546,1.720124946123667,0.4320104665816106,0.018577115443503114,-4.101930344193647,0.5794423272009431,-19.22245298593478,0.4326924601923215,0.32882930176868896,Telecom Services,Communication Services,RBBN
2008Q3,2008,Q3,2008-09-30,2008-09-30,-19582000.0,62184000.0,-36473000.0,-0.35,39188000.0,0.6301942621896308,638800000.0,495434000.0,452892000.0,125638000.0,143366000.0,49109000.0,-770810000.0,782262720.0,669130720.0,9.12001737728215,3.604737420207262,0.0,0.0,-0.0414514212878393,9.12001737728215,-0.039524941768227455,12.579807024314936,-9.987012562557451,1.578944359894557,0.0,0.4682644729072064,0.0,0.09734502191609268,2.8694582849138,-0.030654351909830933,102.06977035490605,0.6301942621896308,-153.06111111111107,-14.378526642548625,0.7931744083857771,0.7070434982125692,-0.32557739304030564,-156.4126984126984,-10.261808024377856,-5.633493906939043,0.24756521908116103,0.651469423266284,Telecom Services,Communication Services,RBBN
2008Q2,2008,Q2,2008-06-30,2008-06-30,126000.0,87891000.0,3938000.0,0.0023017061853786856,58106000.0,0.6611143348010604,649332000.0,510210000.0,485036000.0,115930000.0,139122000.0,44767000.0,-751228000.0,927333000.0000001,783603000.0000001,9.408261110086668,4.183869576468559,0.0,0.0,0.0001360544486290562,9.408261110086668,0.0002469571352972306,10.550943782639862,1839.946428571429,1.817551596401482,0.0,0.6653338396586771,0.0,0.13535602742510766,3.4335547313033725,0.00019404557298885624,-171.72833333333335,0.6611143348010604,-0.779408708476757,1.0312643448379264,2.277995198629025,2.7470649072785776,0.2596687478321193,-0.7773851590106007,2.190447400241838,-0.9881623198684282,0.38515540224455047,0.7016253600506389,Telecom Services,Communication Services,RBBN
2008Q1,2008,Q1,2008-03-31,2008-03-31,566000.0,74023000.0,-3308000.0,0.010434256808076041,46128000.0,0.6231576672115423,651306000.0,505371000.0,538945000.0,125482000.0,145935000.0,47714000.0,-751354000.0,930829654.118,751800654.118,9.3383162718504,4.294998485838606,0.0,0.0,-0.003718998091613331,9.3383162718504,0.0011199692898880228,12.57487070394337,411.1438401581272,1.8418738988149301,0.0,0.5846292492769418,0.0,0.11365318298925543,3.5325624392343125,0.0008690231626915766,-76.45418103638605,0.6231576672115423,-0.9610575376509093,1.0948715201530377,2.3933133228803896,5.908619089545173,-0.19753666301341266,-0.9598268152459365,-1.1421878358048572,1.1403222297629483,1.0175423438873954,0.7530834242287975,Telecom Services,Communication Services,RBBN
2007Q4,2007,Q4,2007-12-31,2007-12-31,14089000.0,97100000.0,23265000.0,0.2679403452853225,57483000.0,0.5919979402677652,694050000.0,493586000.0,546385000.0,181181000.0,200464000.0,45560000.0,-751920000.0,1532782790.0,1413849790.0,9.386869420682887,3.0156859714870765,0.0,0.0,0.023734943639414644,9.386869420682887,0.028544164542754453,15.78561060762101,27.198218290865213,3.1054016726568423,0.0,0.8695566286215979,0.0,0.13990346516821556,2.352895723061469,0.02029969022404726,56.42076011337284,0.5919979402677652,1.535880690570645,1.8018271584035321,4.595954083021319,5.347466124556811,0.26600594648166503,1.5262587778275811,1.4718396982172917,1.1072153690642337,1.0168745309255585,0.7439092043716309,Telecom Services,Communication Services,RBBN
2007Q3,2007,Q3,2007-09-30,2007-09-30,-26772000.0,76571000.0,-49307000.0,-0.5,45405000.0,0.5929790651813349,650403000.0,458858000.0,511456000.0,170823000.0,191545000.0,51765000.0,-766009000.0,1687901354.8348,1595956354.8348,8.726422809066117,2.9940698852028125,0.0,0.0,-0.06715554862534066,8.726422809066117,-0.058344847425565206,22.043611221412807,-15.761816028264604,3.678483005275706,0.0,0.6020670337100358,0.0,0.11772854676254568,2.337852631085978,-0.041162171761200364,7850.703975975814,0.5929790651813349,-2.3333333333333335,0.09728155176674642,6.50392068322851,4.094664990195212,0.07165616370459534,-2.8377293577981653,-2.201337488637839,-3.441560083558208,0.5333584865494502,0.6779217928214085,Telecom Services,Communication Services,RBBN
2007Q2,2007,Q2,2007-06-30,2007-06-30,-6976000.0,75493000.0,-15402000.0,-0.15,42369000.0,0.5612308425946777,597945000.0,444127000.0,459848000.0,118839000.0,153818000.0,33177000.0,-739237000.0,2213376616.0856,2151759616.0856,8.547939457861471,3.8695041190181674,0.0,0.0,-0.021571340633658828,8.547939457861471,-0.015707218881085814,29.318964885295323,-79.32112299618692,4.98365696317855,0.0,0.9984025077614009,0.0,0.1262540869143483,3.177912974696859,-0.01166662485680121,-182.41112708798417,0.5612308425946777,-0.9590346907993966,0.7148739890719364,1.5817748175762492,2.9039947611949093,-0.06850610091238869,-0.7536450477626948,-0.4917191283292978,-2.3355139979873867,0.6833778091802675,0.7186648287664805,Telecom Services,Communication Services,RBBN
2007Q1,2007,Q1,2007-03-31,2007-03-31,-3978000.0,71146000.0,-10325000.0,-0.07656832250315666,45485000.0,0.639319146543727,585911000.0,436653000.0,450431000.0,114033000.0,149258000.0,26999000.0,-732261000.0,2096327656.0928,2042947656.0928,8.404672630963013,3.950005700104356,0.0,0.0,-0.014731856818418316,8.404672630963013,-0.009110208792794278,29.46515132393669,-131.74507642614378,4.800900614659238,0.0,0.950442608985518,0.0,0.12142799845027658,3.339656064472565,-0.006789427063154643,393.2334751627837,0.639319146543727,-1.0527596167928441,0.8240573992840581,1.4084422579821232,2.3023212377232385,-0.10016222204637176,-1.0539360577053447,-5.693181818181818,-2.24281006387058,0.8338350520525953,0.720196932728069,Telecom Services,Communication Services,RBBN
