Quarters,Year,Quarter,FillingDate,Date,NetIncome,Revenue,OperatingIncome,EPSDiluted,GrossProfit,GrossProfitRatio,TotalAssets,CommonStockEquity,CurrentAssets,CurrentLiability,TotalLiability,Inventory,RetainedEarnings,MarketCap,EnterpriseValue,bookValuePerShare,currentRatio,debtToAssets,debtToEquity,roic,shareholdersEquityPerShare,roe,priceToSalesRatio,peRatio,pbRatio,payoutRatio,inventoryTurnover,dividendYield,assetTurnover,quickRatio,returnOnAssets,priceToFreeCashFlowsRatio,grossProfitMargin,epsdilutedGrowth,fiveYNetIncomeGrowthPerShare,fiveYRevenueGrowthPerShare,fiveYShareholdersEquityGrowthPerShare,grossProfitGrowth,netIncomeGrowth,operatingIncomeGrowth,threeYNetIncomeGrowthPerShare,threeYRevenueGrowthPerShare,threeYShareholdersEquityGrowthPerShare,Industry,Sector,Symbol
2023Q1,2023,Q1,2023-05-09,2023-03-31,-122682000.0,332925000.0,11238000.0,-0.32,210885000.0,0.6334309529,13568884000.0,7358628000.0,53520000.0,155487000.0,6102045000.0,0.0,-2227820000.0,7322977199.999999,12987565200.0,19.424105163129553,0.344208840610469,0.4899998408122584,0.9035313376352222,0.0010900380795752635,19.424105163129553,-0.016671857851762582,21.995876548772245,-14.922680588839437,0.9951552381775515,-0.9622601522635758,0.0,0.016120765745385634,0.024535916144614398,2.256317248387325,-0.009041421534740808,810.8711327649207,0.6334309529173238,0.11111111111111106,-7.77501615128095,0.026473415012683636,0.23316875375112006,-0.04564399853374425,-0.33652170123758063,-0.48673213062343,-4.920040959447942,0.026400779229213196,0.26008843450515207,REIT—Healthcare Facilities,Real Estate,HR
2022Q4,2022,Q4,2023-03-01,2022-12-31,-91792000.0,338062000.0,21895000.0,-0.36,220971000.0,0.6536404565,13849631000.0,7571076000.0,404932000.0,680909000.0,6169813000.0,0.0,-2022507000.0,4862900120.0,10506600120.0,30.001569211748482,0.5946932703195288,0.41189985494920406,0.7534808790718783,0.004064734490650895,30.001569211748482,-0.012124036266443502,14.384639858960782,-13.244346239323688,0.64229973652358,-1.2852754052640754,0.0,0.024260831415143274,0.024409458995694543,0.623247746762049,-0.006627757808132216,60.52824983507798,0.6536404564843136,-3.891304347826087,-2.7485972416051774,0.5774972664909742,0.870615612820428,0.13972488278892722,-2.757655149828066,0.31351610774491573,-9.45905817129495,0.5768034597191904,0.8529359053744572,REIT—Healthcare Facilities,Real Estate,HR
2022Q3,2022,Q3,2022-11-09,2022-09-30,-24428000.0,306354000.0,16669000.0,-0.0736,193881000.0,0.6328659002,14195443000.0,7727213000.0,528145000.0,492937000.0,6356417000.0,0.0,-1868673000.0,6855589566.75,12709363566.75,23.500880483190574,1.0714249488271321,0.41642638415722566,0.7650050542155367,-0.0010178597598687158,23.500880483190574,-0.0031612950231862382,22.37799919945553,-70.16118354705665,0.8872008014726656,-48.94420337317832,0.0,0.17439915099334005,0.02158115107784942,0.7646758104991105,-0.001720833932410563,-172.99862639421622,0.6328659002330637,-0.3654916512059368,-2.0832461621979284,0.06578492689341564,0.48509499572006404,1.195285165936343,-2.028890266584005,-0.1774893910983914,-0.8020428460279857,0.0938917927956234,0.5355418214767202,REIT—Healthcare Facilities,Real Estate,HR
2022Q2,2022,Q2,2022-08-09,2022-06-30,-8065000.0,145327000.0,20266000.0,-0.0539,88317000.0,0.6077122627,4548877000.0,2177867000.0,34312000.0,574710000.0,2371010000.0,0.0,-1824925000.0,4071183256.0,6257569256.0,14.550556601129822,0.05970315463451132,0.4881859852442702,1.0196664901943049,-0.005852954148110537,14.550556601129822,-0.0037031646101437785,28.01394961707047,-126.19910898946063,1.8693442969657925,-5.8283942963422195,0.0,0.011546029015206776,0.03194788515934812,0.05970315463451132,-0.001772965063684949,84.73687701113539,0.6077122626903466,-1.4491666666666667,-0.6066962594844462,0.22800079788362174,-0.2028572466190469,0.033793749268406885,-1.441023678022639,0.066070489216202,-1.6797377550545538,0.1604785034398551,-0.053444191696347294,REIT—Healthcare Facilities,Real Estate,HR
2022Q1,2022,Q1,2022-05-09,2022-03-31,18287000.0,142894000.0,19010000.0,0.12,85430000.0,0.5978557532,4410485000.0,2212882000.0,37655000.0,403818000.0,2197603000.0,0.0,-1783958000.0,4093503240.0,6134615240.0,14.85524593355397,0.09324745306053717,0.4679317580719581,0.9326326482840025,0.0018570822370850143,14.85524593355397,0.008263883930548489,28.647131720016237,55.96192978618691,1.849851569130211,2.5574451796358066,0.0,0.011424932938369922,0.03239870445087105,-0.3121381414399556,0.004146256023997361,200.22026118855467,0.5978557532156703,5.067796610169491,0.28499079747251416,0.09686552747873255,0.2710775482086504,-0.563471178265024,3.7285884810504326,-0.5238214518310705,0.873217018895392,0.16491310275394996,-0.0472182790481395,REIT—Healthcare Facilities,Real Estate,HR
2021Q4,2021,Q4,2022-03-01,2021-12-31,-6702000.0,195703000.0,39922000.0,-0.0295,195703000.0,1.0,6889689000.0,3344316000.0,6555123000.0,3420694000.0,3545373000.0,0.0,0.0,7003165960.0,9978934960.0,15.109474606824826,1.916313765569209,0.4964946893829315,1.0228381528539767,-0.002381105501484437,15.109474606824826,-0.002003997229926837,35.784663290802904,-261.23418233363174,2.0940503110352013,-10.709191286183229,0.0,0.010248650454658082,0.02840520087336308,1.8432171951071916,-0.0009727579866086844,73.80299251765202,1.0,-1.295,-1.2592834732246905,0.027845565455148925,0.26915990384576666,0.4860434036478503,-1.3092469545957919,-0.11033360818309451,-1.4077193147173421,0.05980248701887174,-0.04216567687458526,REIT—Healthcare Facilities,Real Estate,HR
2021Q3,2021,Q3,2021-11-05,2021-09-30,21672000.0,191262000.0,44873000.0,0.1,131694000.0,0.6885528751137183,6775631000.0,3106168000.0,302592000.0,228287000.0,3576294000.0,0.0,-1857714000.0,6516459600.0,9777928600.0,14.1950827163879,1.3254894058794413,0.48324724295050897,1.0541300406159615,0.006824180590389787,14.1950827163879,0.0069770855922796195,34.07085359350002,75.17141472868217,2.097909578619057,3.231127722406792,0.0,0.01074586574587219,0.028227924454563715,26.83822556693986,0.003198521289013525,116.12687516706762,0.6885528751137183,-0.411764705882353,1.1390209907996705,0.025993365462747844,0.1509170216772927,0.003719342103257473,-0.4298492541632685,-0.009426048565121413,-0.8811918233406127,0.03622638353309844,-0.1216482334720581,REIT—Healthcare Facilities,Real Estate,HR
2021Q2,2021,Q2,2021-08-05,2021-06-30,38011000.0,188615000.0,45300000.0,0.17,131206000.0,0.695628661559261,6725404000.0,3101054000.0,325324000.0,217653000.0,3565516000.0,0.0,-1807753000.0,6608424400.0,9857303400.0,14.1715823820274,1.494691090864817,0.4860191298545039,1.0540529123323876,0.006900292599824614,14.1715823820274,0.012257445371799394,35.03657927524322,43.4638946620715,2.1310252578639393,1.842150956302123,0.0,0.010595869115185763,0.02804515535423597,0.09095211184775767,0.005651853777111382,65.40792604469783,0.695628661559261,0.7000000000000001,0.8139760961592185,0.04010083436919309,0.19450967671946073,-0.004287741612342625,0.7254198819791193,0.0048802129547471165,1.3232034304038445,0.021289402448133,-0.10534000654873811,REIT—Healthcare Facilities,Real Estate,HR
2021Q1,2021,Q1,2021-05-07,2021-03-31,22030000.0,191350000.0,45080000.0,0.1,131771000.0,0.6886386203292396,6696591000.0,3129338000.0,264520000.0,162601000.0,3507604000.0,0.0,-1775745000.0,6632590960.0,9825670960.0,14.30534895521433,1.6268042631964132,0.45213034512634864,0.9675311519561006,0.007096521508064344,14.30534895521433,0.0070398275929286006,34.662090201201984,75.26771402632774,2.119486920236804,3.1774852473899227,0.0,0.010553944969945802,0.028574240236562156,0.18443921009095884,0.0032897335375566463,182.10397452089396,0.6886386203292396,-0.23076923076923075,0.32100052381547634,0.054864248175425664,0.2811993330657645,0.010467309786359524,-0.21475672785599714,0.012942656839834622,1.1069090805872044,0.021719246215682927,-0.09180324164625292,REIT—Healthcare Facilities,Real Estate,HR
2020Q4,2020,Q4,2021-02-24,2020-12-31,28055000.0,186955000.0,44504000.0,0.13,130406000.0,0.6975261426546495,6790692000.0,3174239000.0,316909000.0,200358000.0,3555773000.0,0.0,-1727752000.0,6469820000.0,9645412000.0,14.522424796980442,1.58171373241897,0.4457570745367335,0.953614078839054,0.0069541792032477,14.522424796980442,0.00883833889004577,34.60629563263887,57.65300302976297,2.0382271152235227,2.4928176795580113,0.0,0.010809574300366933,0.027531067525960535,0.5760039529242655,0.004131390438559134,63.078963019294704,0.6975261426546495,5.333333333333334,0.5720656189984218,0.0654478715550558,0.33741056708047007,0.0030459195446504114,5.1094184854255165,0.022704292673959004,-0.3829670200777226,0.007215710811758321,-0.09451821104730374,REIT—Healthcare Facilities,Real Estate,HR
2020Q3,2020,Q3,2020-11-04,2020-09-30,-6827000.0,187258000.0,43516000.0,-0.03,130010000.0,0.6942827542748508,6774572000.0,3212393000.0,421204000.0,168696000.0,3500221000.0,0.0,-1685813000.0,6582695880.0,9580536880.0,14.698731176990057,2.496822686963532,0.44674910828315056,0.9421431313042956,0.006759901400757949,14.698731176990057,-0.0021252069718742383,35.15308227151844,-241.05375274644794,2.0491564637328,-10.08202724476344,0.0,0.010456202330282953,0.02764130339156481,1.3464338217859344,-0.0010077389390798414,90.93879866272484,0.6942827542748508,-1.5,-1.6131714148123273,0.04644280760858272,0.3258702498453442,0.06156609781987425,-1.5061160945955965,0.15863464508227276,-1.4554692656540056,-0.01988660316103134,-0.0711406693891315,REIT—Healthcare Facilities,Real Estate,HR
2020Q2,2020,Q2,2020-08-07,2020-06-30,13489000.0,178670000.0,37558000.0,0.06,122470000.0,0.6854536295964627,6644496000.0,3284788000.0,265093000.0,167999000.0,3295732000.0,0.0,-1609048000.0,6399367070.0,9406860070.0,15.034524425241322,1.5779439163328353,0.4639471526508557,0.9384760903900039,0.005720078330866583,15.034524425241322,0.004106505503551523,35.81668478200034,118.60343743049891,1.9481826741938901,5.102157313366447,0.0,0.010754657335197995,0.026889925135029052,0.44763361686676706,0.002030101304899574,73.86328250882984,0.6854536295964627,-0.25000000000000006,-0.16816647683415897,0.03161492911071204,0.35174523887724346,-0.04817788278450909,-0.24646667783922685,-0.05469280914147643,2.8409553811759016,0.03427987698692393,-0.17634338502353414,REIT—Healthcare Facilities,Real Estate,HR
2020Q1,2020,Q1,2020-05-06,2020-03-31,17901000.0,185531000.0,39731000.0,0.08,128669000.0,0.6935175253731183,6824179000.0,3340280000.0,410967000.0,154842000.0,3419227000.0,0.0,-1553710000.0,6052207560.0,9200415560.0,15.414874568511989,2.6541054752586506,0.4930590185280896,1.0073176500173637,0.005755087431526975,15.414874568511989,0.005359131569808519,32.621004360457285,84.52331657449305,1.8118862969571414,3.8113513211552426,0.0,0.011273076695340568,0.027187299746973224,1.3982963278696994,0.0026231726922755104,117.22723250949097,0.6935175253731183,1.0,0.5198044426453873,0.0885958251869747,0.3605138452532463,0.04665956252592876,1.0072886297376094,0.1620649312664522,-0.13529020751961557,-0.020980343436322938,0.31896173648877085,REIT—Healthcare Facilities,Real Estate,HR
2019Q4,2019,Q4,2020-02-18,2019-12-31,8918000.0,176199000.0,34190000.0,0.04,122933000.0,0.6976940845294242,6638749000.0,3358009000.0,227309000.0,171698000.0,3208105000.0,0.0,-1502744000.0,6920771149.999999,9737833150.0,16.191369126545965,1.3238884553110695,0.42926385678988616,0.8486501971852964,0.005336822325805589,16.191369126545965,0.0026557403509043604,39.27815225966095,194.011301581072,2.060974568561311,7.318232787620543,0.0,0.009430162995636693,0.02654099439517897,0.9896271360178919,0.0013433253765129545,98.86674690361565,0.6976940845294242,2.0,-0.7515625776003614,0.09616775977210766,0.3699133562741114,0.015664631476325422,2.053763440860215,-0.09042539040676793,-0.6317883360212491,-0.012371794987666322,0.36003646840879433,REIT—Healthcare Facilities,Real Estate,HR
2019Q3,2019,Q3,2019-10-30,2019-09-30,-8463000.0,174844000.0,37589000.0,-0.04,121037000.0,0.6922570977557136,6322998000.0,3141686000.0,207119000.0,157939000.0,3108529000.0,0.0,-1443360000.0,6876779500.0,9544722500.0,15.304617662962729,1.3113860414463812,0.423958856226113,0.8532650939654695,0.006240576213591104,15.304617662962729,-0.00269377652636196,39.33094358399487,-203.14248788845563,2.188881861522762,-7.499231950844854,0.0,0.009229029373415274,0.02765207264022541,0.9583193511418966,-0.0013384473631021234,101.3153517495396,0.6922570977557136,-1.5,-1.3072600506008252,0.06814969439475715,0.37586209668462517,0.019937474193358107,-1.520511716587736,-0.06752499317804073,-1.8904040298012799,-0.00019958033343076258,0.24087652960495903,REIT—Healthcare Facilities,Real Estate,HR
2019Q2,2019,Q2,2019-07-24,2019-06-30,16259000.0,171609000.0,40311000.0,0.08,118671000.0,0.6915196755414926,6240475000.0,3152942000.0,215738000.0,159853000.0,3009473000.0,0.0,-1369763000.0,6417829320.0,9081643320.0,15.372106402480645,1.3496024472484094,0.43057748007964136,0.8522224639717445,0.006673131602611048,15.372106402480645,0.005156771041141892,37.397976329912765,98.6811814994772,2.0355050362486846,3.9178916292514914,0.0,0.009925630119437331,0.027499349007888023,1.0297398234628063,0.002605410645824236,80.99842643309691,0.6915196755414926,0.3333333333333334,2.304438677336688,0.11949875969352704,0.358618958140419,0.010765967957617518,0.2097470238095238,0.09758488305606229,-0.17220179781099898,0.0095960916655699,0.29570074493667114,REIT—Healthcare Facilities,Real Estate,HR
2019Q1,2019,Q1,2019-04-26,2019-03-31,13440000.0,168875000.0,36727000.0,0.06,117407000.0,0.6952301998519616,6242554000.0,3197494000.0,252650000.0,139462000.0,2967778000.0,0.0,-1322443000.0,6548204400.0,9226063400.0,15.591447240101424,1.8116045948000172,0.40714409518924466,0.7948784266678843,0.006186719079796497,15.591447240101424,0.004203291702814767,38.77545166543301,121.80439732142857,2.0479176505100556,4.738541666666666,0.0,0.009725719618648434,0.0270522289434741,1.3964592505485365,0.0021529649563303737,206.3076370510397,0.6952301998519616,-0.14285714285714296,0.46926480103776763,0.08010960760547993,0.36096117332716293,0.003899068840796573,-0.1232304781786157,-0.04763510009335131,-0.14035632856479888,-0.006965864250826242,0.3963833995302013,REIT—Healthcare Facilities,Real Estate,HR
2018Q4,2018,Q4,2019-02-19,2018-12-31,15329000.0,172204000.0,38564000.0,0.07,116951000.0,0.6791421802048733,6188476000.0,3256024000.0,319054000.0,185073000.0,2853562000.0,0.0,-1272305000.0,5870271960.0,8285282960.0,15.774622230619789,1.7239359604048132,0.4106393884374764,0.7804709056198603,0.006652112654676626,15.774622230619789,0.004707889131038346,34.08905693247544,95.73801226433557,1.8028957894659254,4.190553852175615,0.0,0.010942763885167597,0.02782656020642239,1.350061867479319,0.0024770234222448308,73.4601238878252,0.6791421802048733,-0.9146341463414634,1.1647420217505233,0.19009515794939286,0.34641481413788555,-0.019270601849910692,-0.9113858924999712,-0.03609278144371126,-0.09040915981951489,0.03922650322171871,0.4527289180605708,REIT—Healthcare Facilities,Real Estate,HR
2018Q3,2018,Q3,2018-10-26,2018-09-30,172986000.0,175038000.0,40008000.0,0.82,119249000.0,0.6812749231595425,6328684000.0,3353627000.0,416788000.0,160246000.0,2895155000.0,0.0,-1224006000.0,5970149010.0,8354290010.0,16.161045332099675,2.6009260761579074,0.4123541323915051,0.7781601829899389,0.006709052693431105,16.161045332099675,0.051581765056161584,34.10773094985089,8.628081188651105,1.7802066270339545,0.36584463482593965,0.0,0.010600405432761553,0.02765788274465908,2.141569836376571,0.02733364471981853,103.6178386587292,0.6812749231595425,10.714285714285714,19.09405087080675,0.19726538969020294,0.3364821655149515,-0.0035013537453621687,10.272383683044442,-0.04629320619785459,15.36313331598547,0.03017492278027172,0.45777543341810756,REIT—Healthcare Facilities,Real Estate,HR
2018Q2,2018,Q2,2018-08-03,2018-06-30,15346000.0,173221000.0,41950000.0,0.07,119668000.0,0.6908400251701583,6302130000.0,3251056000.0,225029000.0,152677000.0,2973376000.0,0.0,-1332759000.0,5968408280.0,8625748280.0,15.840187876691305,1.4738893219017928,0.42581333612603994,0.8254336437145346,0.007068731151805509,15.840187876691305,0.0047203124154121,34.455454477228514,97.23068356575003,1.8358368111776602,4.078065945523264,0.0,0.010485542721618234,0.027486103904552906,0.9898805976014724,0.0024350497371523594,75.99679480486407,0.6908400251701583,0.4000000000000001,-0.39860951606294315,0.2424939472541306,0.3429749867571596,0.0010289012505750972,0.5655988573760456,0.03680086997355478,0.007407978948251639,0.06468234127602253,0.4241819654295328,REIT—Healthcare Facilities,Real Estate,HR
2018Q1,2018,Q1,2018-04-30,2018-03-31,9802000.0,175567000.0,40461000.0,0.05,119545000.0,0.6809081433298968,6359835000.0,3230119000.0,236922000.0,134574000.0,3048572000.0,0.0,-1284826000.0,5682461990.0,8406509990.0,15.751376366003639,1.760533238218378,0.4371640144752183,0.8607394959752257,0.006731820291793738,15.751376366003639,0.0030345631229066173,32.36634441552228,144.93118725770253,1.7592113448451898,6.380942664762293,0.0,0.011006848811319544,0.027605590396606202,1.2404773581821154,0.0015412349534225337,130.74251639325402,0.6809081433298968,-0.7500000000000001,2.8405653963074204,0.22594050258915496,0.28670028332271813,-0.006556750378114248,-0.7695057141513427,0.006843179216642612,-0.12063742248135476,0.08851879346896949,0.3902134287565188,REIT—Healthcare Facilities,Real Estate,HR
2017Q4,2017,Q4,2018-02-20,2017-12-31,42526000.0,173607000.0,40186000.0,0.2,120334000.0,0.6931402535612043,6449582000.0,3278782000.0,291635000.0,167852000.0,3086134000.0,0.0,-1232069000.0,6566420079.999999,9247095080.0,16.038340002152285,1.7374532326096799,0.43119554104436536,0.848190273095314,0.00663155777249232,16.038340002152285,0.012970060223583026,37.823475320695586,38.60238489394723,2.0027010273937087,1.43935474768377,0.0,0.009321669837486243,0.026917558378201874,1.281325215070419,0.0065936056011071725,114.88190769446095,0.6931402535612043,1.857142857142857,13.146406850750664,0.3054604232729602,0.37084659734915715,0.010361041141897565,2.0898786601758337,-0.01719288806280418,0.20184714810366508,0.09568564887981264,0.3569659248513955,REIT—Healthcare Facilities,Real Estate,HR
2017Q3,2017,Q3,2017-10-25,2017-09-30,13763000.0,175431000.0,40889000.0,0.07,119100000.0,0.6788993963438616,6413522000.0,3175565000.0,199973000.0,159070000.0,3153215000.0,0.0,-1212051000.0,6489797160.000001,9412145160.0,15.824496446973699,1.2571383667567737,0.45712137574331235,0.9232240561915753,0.006695077368595046,15.824496446973699,0.004334031896686102,36.99344562819571,117.88485722589554,2.043666925413273,4.373610404708276,0.0,0.009275174326095578,0.027353301352985145,0.736285911862702,0.002145934792146967,91.33741235415818,0.6788993963438616,3.3333333333333335,3.535465839200485,0.22159552633625337,0.34227709567789993,0.24059915418428782,3.3256167624197364,0.256924164642956,-0.4888550771027386,0.09631892391402586,0.42259841702552287,REIT—Healthcare Facilities,Real Estate,HR
2017Q2,2017,Q2,2017-08-01,2017-06-30,-5918000.0,139525000.0,32531000.0,-0.03,96002000.0,0.6880630711342053,6366758000.0,3221066000.0,272096000.0,135214000.0,3059673000.0,0.0,-1164607000.0,6026245600.0,8718963600.0,18.25338879318161,2.0123360007099858,0.4372966586762054,0.8643604322295787,0.005417113222012553,18.25338879318161,-0.001837279956387109,43.19115283999283,-254.57272727272724,1.8708854770439352,-7.290807705305847,0.0,0.007159847584041381,0.0219146070888826,1.370375848654725,-0.0009295154614012344,74.97195322219457,0.6880630711342053,-1.3333333333333333,0.8008875892764724,0.18939191732910593,0.4196509541162287,0.12979416991279583,-1.4369139904023625,0.08988876976681855,-2.3979939985476912,0.05794250906915106,0.6132727301915138,REIT—Healthcare Facilities,Real Estate,HR
2017Q1,2017,Q1,2017-04-27,2017-03-31,13545000.0,123993000.0,29848000.0,0.09,84973000.0,0.6853048155944287,3753017000.0,1657001000.0,176989000.0,98222000.0,2003162000.0,0.0,-1098561000.0,4607850000.0,6573024000.0,11.687127944703061,1.801928284905622,0.527897422260544,1.1956589042493033,0.008204036656497743,11.687127944703061,0.008174406653948911,37.16217851007718,85.04706533776302,2.780837187183351,3.1403469915097824,0.0,0.009231203272675976,0.03303821965101677,1.1201156563702632,0.0036090963616738215,135.0523168908819,0.6853048155944287,-0.18181818181818185,35.76034928057554,0.40692402202432715,-0.12780027959754373,0.018067453423590726,-0.18162044589450788,0.020200293946747785,1.141845557167711,0.14711767558439134,0.020157212829992822,REIT—Healthcare Facilities,Real Estate,HR
2016Q4,2016,Q4,2017-02-21,2016-12-31,16551000.0,121917000.0,29257000.0,0.11,83465000.0,0.6846051001911136,3747844000.0,1687274000.0,172956000.0,105034000.0,1967427000.0,0.0,-1068961000.0,4297162640.0,6142836640.0,11.905099240088338,1.6466667936096884,0.49545952286167727,1.1005355383891413,0.008254944233911436,11.905099240088338,0.00980931372142284,35.24662385065249,64.9079004289771,2.54680783322685,2.568968642378104,0.0,0.009894668543427531,0.03252990252529187,0.982900774987147,0.004416138985507401,92.39620366388579,0.6846051001911136,1.7500000000000002,5.713903941449226,0.5055827476796109,-0.12880338031853203,0.025784408912704167,1.5752295005445776,0.11251806221005399,2.4040238765357236,0.22709660923173008,0.016138563972877558,REIT—Healthcare Facilities,Real Estate,HR
2016Q3,2016,Q3,2016-10-26,2016-09-30,6427000.0,118252000.0,26298000.0,0.04,81367000.0,0.6880813855156784,3715890000.0,1712006000.0,168245000.0,104202000.0,1912637000.0,0.0,-1042977000.0,4727766420.0,6449426420.0,12.333715158457426,1.6146043262125487,0.4681511024276822,1.0161167659459138,0.007619066381890854,12.333715158457426,0.003754075628239621,39.98043517234381,183.90253695347752,2.7615361277939448,6.3228566983040295,0.0,0.008595390801900063,0.03182333169173469,1.060852958676417,0.0017295991000810034,119.33078623892577,0.6880813855156784,-0.5555555555555556,22.602651435286244,0.39706906959000166,-0.11427770096600626,0.04205781027880589,-0.5084136454030901,-0.012170385395537525,0.1160888817500665,0.20920663490690997,0.01997055296163553,REIT—Healthcare Facilities,Real Estate,HR
2016Q2,2016,Q2,2016-08-03,2016-06-30,13074000.0,113144000.0,26622000.0,0.09,78083000.0,0.6901205543378349,3532289000.0,1619759000.0,146486000.0,90123000.0,1820087000.0,0.0,-1006888000.0,4777114720.0,6661608720.0,11.863932673151295,1.625400841072756,0.5358117639864688,1.1684713590108158,0.007579430708509649,11.863932673151295,0.008071571141138897,42.22154705508025,91.34761205445923,2.9492749970828998,2.9482178369282543,0.0,0.00806867790690193,0.03203135417288903,1.0672636285964736,0.00370128265269348,111.23538210776324,0.6901205543378349,0.12499999999999993,8.379425458332612,0.41268188738576356,-0.164366531965303,0.05664641325087622,0.3259634888438134,-0.09328701338510269,-0.22978453891811038,0.22002200075744716,0.005857061080595467,REIT—Healthcare Facilities,Real Estate,HR
2016Q1,2016,Q1,2016-04-27,2016-03-31,9860000.0,107250000.0,29361000.0,0.08,73897000.0,0.689016317016317,3310519000.0,1444113000.0,149932000.0,85453000.0,1841468000.0,0.0,-979332000.0,3995189040.0,5944682040.0,11.165591946557804,1.7545551355716007,0.5930550466558264,1.3595334991098342,0.008616750498102238,11.165591946557804,0.006827720545414383,37.25117986013986,101.29789655172414,2.7665349179738703,3.800507099391481,0.0,0.009379531137280052,0.03239673295939398,1.16678173966976,0.0029783849601829806,126.31810547616037,0.689016317016317,0.0,3.066917932164429,0.35750589420417334,-0.22699385158708368,0.03427667674392565,-0.04936367142306209,0.1202212895841282,5.125449583242852,0.1874200954077296,-0.08790381314805366,REIT—Healthcare Facilities,Real Estate,HR
2015Q4,2015,Q4,2016-02-22,2015-12-31,10372000.0,101983000.0,26210000.0,0.08,71448000.0,0.7005873527940931,3172300000.0,1379424000.0,146791000.0,94933000.0,1765342000.0,0.0,-950652000.0,3597631200.0,5393257200.0,10.858613767859252,1.5462589405159428,0.570152885918734,1.31119655740367,0.008221146004541862,10.858613767859252,0.007519080427772751,35.276773579910376,86.71498264558427,2.608067715220266,3.6136714230620903,0.0,0.010418244093502413,0.032147968351038676,1.0145576353849557,0.0032695520600195442,88.83917423943106,0.7005873527940931,0.6,2.0721913706952937,0.6956450443811327,-0.16259036137162192,0.006962257237083181,0.6048274794986849,0.0887716528891289,5.767443244030752,0.23411035233885544,-0.07188064764801169,REIT—Healthcare Facilities,Real Estate,HR
2015Q3,2015,Q3,2015-10-28,2015-09-30,6463000.0,103875000.0,24073000.0,0.05,70954000.0,0.6830709987966306,3179586000.0,1406416000.0,144988000.0,95029000.0,1745235000.0,0.0,-923556000.0,3152545550.0,4893364550.0,11.086100754357062,1.525723726441402,0.551004124436326,1.2456947304353763,0.0076219430144748215,11.086100754357062,0.004595368653371406,30.349415643802647,121.94590553922329,2.241545566887749,5.617669812780442,0.0,0.011516724952633912,0.03266934751882792,0.9502572898799314,0.0020326545657201912,66.65846724743096,0.6830709987966306,-0.28571428571428575,4.157219877035627,0.7889418566069237,-0.04890334835208157,0.013541696426020627,-0.30445544554455445,-0.06635898231461371,2.8833669280309144,0.1441639544705616,-0.05964659458110179,REIT—Healthcare Facilities,Real Estate,HR
2015Q2,2015,Q2,2015-07-30,2015-06-30,9292000.0,99243000.0,25784000.0,0.07,70006000.0,0.7053998770694154,3218112000.0,1392446000.0,146704000.0,85003000.0,1797230000.0,0.0,-892543000.0,2912012440.0,4764436440.0,11.122306180807387,1.7258684987588673,0.5807756224767814,1.3422430744172484,0.007905693393147275,11.122306180807387,0.006673149263957094,29.34224519613474,78.34729982780887,2.0912929047158744,3.907554885923375,0.0,0.01246869673400159,0.030838889386074816,1.2617437031634178,0.0028874072748244933,67.15276358269533,0.7053998770694154,0.4000000000000001,33.88849521935399,0.9210762156261271,0.055319346464280196,0.03322264039554276,0.36566725455614346,0.04587676956151381,1.4406615672151803,0.19246444698588605,-0.1349665116729355,REIT—Healthcare Facilities,Real Estate,HR
2015Q1,2015,Q1,2015-05-06,2015-03-31,6804000.0,98452000.0,24653000.0,0.05,67755000.0,0.6882033884532565,3049086000.0,1418256000.0,144244000.0,84823000.0,1602007000.0,0.0,-865549000.0,3477361500.0,4959442500.0,11.330185739964051,1.7005293375617463,0.49050699127541825,1.0545331731365846,0.008460616077538546,11.330185739964051,0.004797441364605544,35.32037439564458,127.76901455026454,2.451857422073307,5.3314226925338035,0.0,0.010431759827098793,0.03228902038184558,1.1440646994329369,0.002231488387011714,113.37620227576538,0.6882033884532565,-0.7058823529411765,12.418273494031432,0.9716678102801293,0.1397340271357027,0.01784668078777773,-0.6789354473386183,0.03710403432754196,20.77729079448772,0.26530548894661055,-0.1544385514335513,REIT—Healthcare Facilities,Real Estate,HR
2014Q4,2014,Q4,2015-02-23,2014-12-31,21192000.0,94896000.0,23771000.0,0.17,66567000.0,0.701473191704603,3041650000.0,1447139000.0,139394000.0,101042000.0,1565229000.0,0.0,-836044000.0,3345033480.0,4783081480.0,11.819265103439264,1.379564933394034,0.4762089655285782,1.0009135266204559,0.008209352120458627,11.819265103439264,0.014644066672240883,35.249467627718765,39.461040486976216,2.311480431389106,1.6351453378633447,0.0,0.010359238616649061,0.03119885588414183,0.9298410561944538,0.006967271053540019,98.15527098799848,0.701473191704603,0.21428571428571425,5.484241859205991,1.3740631948353488,0.2653738535573673,-0.002756513011041033,0.3218562874251497,-0.059356574729927586,8.950746220904724,0.3565040326468717,-0.13508458874812224,REIT—Healthcare Facilities,Real Estate,HR
2014Q3,2014,Q3,2014-10-29,2014-09-30,16032000.0,95277000.0,25271000.0,0.14,66751000.0,0.7005993051838324,2986801000.0,1329099000.0,190431000.0,98163000.0,1646139000.0,0.0,-820978000.0,2829381120.0,4343102120.0,11.123656723912825,1.9399468231411021,0.5129688921357667,1.1527628867375568,0.008832200081433367,11.123656723912825,0.012062306871045723,29.69637079253125,44.1208383233533,2.1287963650563277,2.1422779441117763,0.0,0.012138696959991023,0.03189934649144687,1.1066083962389088,0.005367615719962596,66.6756479321315,0.7005993051838324,6.0,2.5171030779354373,1.880768291827341,0.6423733202770046,0.07868200769205907,4.615411558669002,0.09388797506709376,67.3977494336759,0.30767274419408663,-0.201175746270335,REIT—Healthcare Facilities,Real Estate,HR
2014Q2,2014,Q2,2014-07-30,2014-06-30,2855000.0,88946000.0,23102000.0,0.02,61882000.0,0.6957254963685832,3014571000.0,1346568000.0,249943000.0,81198000.0,1656310000.0,0.0,-802366000.0,3025297750.0,4413023750.0,11.314508980149144,3.0781915810734253,0.5043652977488339,1.1291260448785356,0.00805786370693122,11.314508980149144,0.0021202048466917377,34.01274649787511,264.91223730297725,2.2466728379108964,11.947110332749562,0.0,0.011274592723972375,0.029505359137336623,2.7556959531022933,0.0009470667633968482,86.26700932447461,0.6957254963685832,-0.5,1.7565133779353554,1.812507946987218,0.6439195761034803,0.016742520086095,-0.4605064247921391,0.12835791735860116,1.349649150769332,0.27399704548297427,-0.20306506799482912,REIT—Healthcare Facilities,Real Estate,HR
2014Q1,2014,Q1,2014-04-30,2014-03-31,5292000.0,90452000.0,20474000.0,0.04,60863000.0,0.6728762216424181,2735246000.0,1359204000.0,157901000.0,78973000.0,1363750000.0,0.0,-770878000.0,2865240525.0,4145163525.0,11.456202826113525,1.9994301849999367,0.47793946138665405,0.9617997004128888,0.00767827020280624,11.456202826113525,0.0038934552870650762,31.676917315261132,135.35716765873013,2.1080283202521475,6.434618291761149,0.0,0.011884517094773396,0.03306905484917993,1.649107922961012,0.001934743712265734,102.77414989777252,0.6728762216424181,0.0,1.7446728624815124,1.9327242032298684,0.6541989775527005,0.04602560797456389,0.30280649926144754,0.0694734642707898,1.3794895652316237,0.24806749512577084,-0.206874542394389,REIT—Healthcare Facilities,Real Estate,HR
2013Q4,2013,Q4,2014-02-25,2013-12-31,4062000.0,83003000.0,19144000.0,0.04,58185000.0,0.7009987590809971,2752334000.0,1387206000.0,146052000.0,82893000.0,1352585000.0,0.0,-742060000.0,2523157275.0,3774317275.0,11.71601950972319,1.761934059570772,0.4611507905653892,0.9149621613516666,0.0072066184644376495,11.71601950972319,0.002928188026868396,30.398386504102263,155.29032957902513,1.8188771350469937,8.311915312653865,0.0,0.01338125067927048,0.030157313756251965,1.4517148613272532,0.001475838324854469,124.58190268108429,0.7009987590809971,0.0,-0.7535135932968922,0.6974747939922564,0.6520454248282394,0.0365745029573149,-0.1577856106157993,-0.09723663114212959,1.4505180940296782,0.4806877066988066,-0.09646775605551738,REIT—Healthcare Facilities,Real Estate,HR
2013Q3,2013,Q3,2013-09-30,2013-09-30,4823000.0,81906000.0,21206000.0,0.04,56132000.0,0.6853221986179279,2681520000.0,1405806000.0,209500000.0,86795000.0,1262809000.0,0.0,-712148000.0,2686699270.0,3730310270.0,12.092226704628539,2.4137335099948154,0.41983352725319967,0.8008160443190596,0.008376527394949752,12.092226704628539,0.0034307720979992974,32.80222779771934,139.26494246319717,1.9111451153288574,6.73833713456355,0.0,0.012096255194203407,0.030544616486172023,2.0637248689440635,0.001798606760344879,73.64653573092843,0.6853221986179279,-0.6666666666666666,-0.6282216102536652,-0.20758199185968423,-0.2507048738506854,0.03817415106902419,-0.656114081996435,0.12278286652194631,3.1996647132204687,0.5392769680457372,0.03741401819929054,REIT—Healthcare Facilities,Real Estate,HR
2013Q2,2013,Q2,2013-06-30,2013-06-30,14025000.0,76625000.0,18887000.0,0.12,54068000.0,0.7056182707993475,2574753000.0,1330518000.0,229269000.0,71661000.0,1231142000.0,0.0,-683076000.0,2865247000.0,3858580000.0,11.794849519081602,3.199355297860761,0.4327420921540823,0.8374212148952513,0.007725622790648589,11.794849519081602,0.010541007336992059,37.39310929853181,51.07392156862745,2.1534823279354356,2.2988948306595365,0.0,0.011252782046364589,0.02976013621500781,2.8597423982361394,0.005447124442616438,69.02546374367623,0.7056182707993475,8.72186528497408,-0.5535503239242976,-0.23442248520385597,-0.053470027973858546,0.041712425100668554,9.38119911176906,0.06796720384506644,57.44280778668543,0.6461536312049078,0.11913237091070197,REIT—Healthcare Facilities,Real Estate,HR
2013Q1,2013,Q1,2013-03-31,2013-03-31,1351000.0,75807000.0,17685000.0,0.0123433103095421,51903000.0,0.6846729193873917,2590204000.0,1328853000.0,229328000.0,66929000.0,1246548000.0,0.0,-664607000.0,3093717750.0,4108452750.0,12.241682519357171,3.426436970521,0.43845697095672775,0.8546415592996366,0.007175763812077356,12.241682519357171,0.0010166662527758901,40.810449562705294,572.4866302738712,2.3281113486593323,22.83937823834197,0.0,0.00997376053455426,0.0292668067843305,3.045271855249593,0.0005215805396022861,127.85014257376643,0.6846729193873917,1.617165515477105,-0.9095484089635356,-0.21069474701732885,-0.025079830534471093,0.08845548914753067,1.735838779956427,-0.49239380022962115,3.614407352672139,0.7506538542735289,0.23142395340360522,REIT—Healthcare Facilities,Real Estate,HR
2012Q4,2012,Q4,2012-12-31,2012-12-31,-1836000.0,69738000.0,34840000.0,-0.02,47685000.0,0.6837735524391293,2414090000.0,1254266000.0,116109000.0,135443000.0,1149495000.0,0.0,-633717000.0,2574016060.0,3595419060.0,11.699587709643117,0.8572536048374593,0.42971015993604217,0.8270645939537546,0.015203185512463862,11.699587709643117,-0.0014638043285873968,36.90980613152084,-350.4923828976035,2.0522090688896935,0.0,0.0,0.0,0.02888790393067367,0.6767053299173822,-0.0007605350256204201,9.936367728237792,0.6837735524391293,0.0,-1.1774410198725849,-0.26867831301228323,-0.12000386488696815,-0.08804911166784601,0.3780487804878049,1.7725608785611968,0.5562989651082924,0.9925743636051666,0.25256115804320484,REIT—Healthcare Facilities,Real Estate,HR
2012Q3,2012,Q3,2012-09-30,2012-09-30,-2952000.0,78098000.0,12566000.0,-0.02,52289000.0,0.6695305897718251,2403913000.0,1286589000.0,60193000.0,67260000.0,1107855000.0,0.0,-601002000.0,2520949200.0,3513088200.0,11.7892918667302,0.8949301219149569,0.41618769065269834,0.7776212916479155,,11.7892918667302,-0.0022944390166556687,32.27930548797664,-213.49502032520326,1.9594052179833652,0.0,0.0,0.0,0.03248786457746183,0.632768361581921,-0.001227997851835736,190.7786589980324,0.6695305897718251,0.8750000000000001,-1.230182843938359,-0.1829353036870411,-0.14823149909427377,0.01470959228425608,0.8472207845978678,7.905740609496811,0.694155005439539,1.5853408314401989,0.7406522789625869,REIT—Healthcare Facilities,Real Estate,HR
2012Q2,2012,Q2,2012-06-30,2012-06-30,-19322000.0,76261000.0,1411000.0,-0.16,51531000.0,0.6757189126814492,2436867000.0,1475005000.0,71923000.0,59217000.0,958221000.0,0.0,-567211000.0,2734877120.0,3570218120.0,12.85765965236493,1.2145667629228094,0.3526322938428728,0.5825864997067807,,12.85765965236493,-0.013099616611469113,35.862067373887044,-35.38553358865541,1.8541476944145951,0.0,0.0,0.0,0.031294691093112594,0.9334143911376801,-0.007929033467973426,169.84704508756676,0.6757189126814492,-57.22416302765648,-1.5753478552840787,-0.22528959031913523,0.016476274432646144,0.0619036824860387,-60.33968253968254,-0.8916282642089094,-4.311578310621597,1.501674738881943,0.8681286516703933,REIT—Healthcare Facilities,Real Estate,HR
2012Q1,2012,Q1,2012-03-31,2012-03-31,-315000.0,71243000.0,13020000.0,-0.002748,48527000.0,0.6811476215207108,2457596000.0,1535757000.0,65435000.0,43244000.0,918149000.0,0.0,-509066000.0,2521467234.0,3322813234.0,13.399600654893936,1.513157894736842,0.3403594406891938,0.5446603857250855,,13.399600654893936,-0.00020511057413379852,35.392490967533654,-2001.1644714285715,1.6418399746834949,0.0,0.0,0.0,0.028988898093909657,1.0986032744426972,-0.00012817403674159625,-12.964508375751967,0.6811476215207108,-1.1579865834586462,-1.003519980807804,-0.2678152187393747,0.030900317713931733,0.07272807657448549,-1.1578947368421053,0.08193451886322087,0.9541151255651887,1.39115952139238,0.9348126110699844,REIT—Healthcare Facilities,Real Estate,HR
2011Q4,2011,Q4,2011-12-31,2011-12-31,1995000.0,65532000.0,12034000.0,0.0173938820616328,45237000.0,0.6903039736312031,2291629000.0,1567340000.0,98867000.0,47801000.0,720504000.0,0.0,-467249000.0,2132189345.0,2701847345.0,13.665226621794229,2.068304010376352,0.27890596601805967,0.4077921829341432,,13.665226621794229,0.001272857197544885,32.53661333394372,267.19164724310775,1.3603872452690546,0.0,0.0,0.0,0.02859625183657564,1.7185623731721094,0.0008705597633822927,-166.01957058319707,0.6903039736312031,7.87442962328204,-0.8942782420328526,-0.4879719247370694,-0.22994396063880695,-0.03867649871432518,7.866666666666666,0.04307878998006414,-0.8750286538240578,0.3834945752230976,0.926898047672302,REIT—Healthcare Facilities,Real Estate,HR
2011Q3,2011,Q3,2011-09-30,2011-09-30,225000.0,69940000.0,11537000.0,0.00196,47057000.0,0.6728195596225336,2334074000.0,1597139000.0,155083000.0,48425000.0,733151000.0,0.0,-427537000.0,1932619175.0000002,2460427175.0,13.925036291746407,3.202540010325245,0.27853058643384915,0.40704722632156626,,13.925036291746407,0.000140876905516677,27.632530383185593,2147.354638888889,1.2100507062941923,0.0,0.0,0.0,0.029964774038869376,2.832028910686629,9.639797195804418e-05,87.59151445794055,0.6728195596225336,-0.8078808076847677,-0.9886756007277032,-0.4747139566645873,-0.24002042242766314,0.030708575183441025,-0.8078565328778822,-0.05426674317567014,-0.982419868021671,-0.3141376228848943,-0.1371347825571197,REIT—Healthcare Facilities,Real Estate,HR
2011Q2,2011,Q2,2011-06-30,2011-06-30,1171000.0,67284000.0,12199000.0,0.010202,45655000.0,0.6785417038226027,2380328000.0,1628393000.0,182583000.0,46509000.0,748160000.0,0.0,-386322000.0,2366168165.0,2879421165.0,14.197531725307444,3.9257563052312454,0.2804403426754632,0.4099378958273586,,14.197531725307444,0.0007191138748447089,35.166877192200225,505.1597277967549,1.4530694770856911,0.0,0.0,0.0,0.0282666926574825,3.600958954180911,0.0004919490087080436,73.16989810748964,0.6785417038226027,-0.4553414126314666,-0.9587115269571883,-0.49890642751708697,-0.24526304077229655,-0.013717865629725642,-0.4553488372093023,-0.002697841726618705,-0.9633386453534825,-0.33883104209330683,0.13934385386223072,REIT—Healthcare Facilities,Real Estate,HR
2011Q1,2011,Q1,2011-03-31,2011-03-31,2150000.0,70062000.0,12232000.0,0.018731,46290000.0,0.6607005223944507,2464070000.0,1656705000.0,247996000.0,44555000.0,803476000.0,0.0,-346574000.0,2603587850.0,3124283850.0,14.444376632038747,5.566064414768264,0.2954871411932291,0.43948741628714827,,14.444376632038747,0.0012977566917465693,37.16119793896834,302.7427732558139,1.5715458394825872,0.0,0.0,0.0,0.02843344547841579,4.996655818651106,0.0008725401469925773,-363.0717961232743,0.6607005223944507,1.2459768044996566,-0.9302518376384213,-0.44209379613376426,-0.24956784157730064,0.26644961834149544,1.246164414930158,6.099245502031341,-0.8637649763630483,-0.3095890612305938,0.15034139234241578,REIT—Healthcare Facilities,Real Estate,HR
2010Q4,2010,Q4,2010-12-31,2010-12-31,-8734000.0,54302000.0,1723000.0,-0.0761494566046619,36551000.0,0.6731059629479578,2271795000.0,1487246000.0,72334000.0,43033000.0,780682000.0,0.0,-310193000.0,2428103735.0,3105359735.0,12.96690803039352,1.6808960565147677,0.3109990117946382,0.4750565810901492,,12.96690803039352,-0.005872599422018953,44.714812253692315,-69.50148085069843,1.6326174250930916,0.0,0.0,0.0,0.023902684881338326,1.0609299839657937,-0.0038445370290893324,-7.797228489496027,0.6731059629479578,-8.714462223144757,-1.3027552728047218,-0.5762713704491887,-0.3396917267044307,0.05458899564326726,-8.70873786407767,-0.8225357915336285,-1.7889822792146768,-0.4677354981856722,-0.024681105496792834,REIT—Healthcare Facilities,Real Estate,HR
2010Q3,2010,Q3,2010-09-30,2010-09-30,1133000.0,52496000.0,9709000.0,0.009871,34659000.0,0.6602217311795184,1996907000.0,1336905000.0,258182000.0,42881000.0,655953000.0,0.0,-266387000.0,2682727745.0,3055969745.0,11.656124259452202,6.020895035097129,0.2976743533875138,0.44462994752805923,,11.656124259452202,0.0008474798134497216,51.10346969292898,591.9522826566638,2.006670440308025,0.0,0.0,0.0,0.026288655405584737,5.451738532217066,0.0005673774492252268,-38.60928767773876,0.6602217311795184,3.6429915333960494,-0.9470065386685345,-0.6107385764302848,-0.4182667877521089,0.09486353297952994,3.6434426229508197,0.014842688408069406,-0.9159394468318086,-0.47742517704579857,-0.15785277020220856,REIT—Healthcare Facilities,Real Estate,HR
2010Q2,2010,Q2,2010-06-30,2010-06-30,244000.0,47328000.0,9567000.0,0.002126,31656000.0,0.6688640973630832,1881514000.0,1208808000.0,221280000.0,38816000.0,668503000.0,0.0,-236385000.0,2519860135.0,2941541135.0,10.53928009381362,5.700741962077494,0.31813050553968775,0.4951712761662729,,10.53928009381362,0.00020185174155035374,53.24248087812711,2581.8239088114756,2.0845826094797517,0.0,0.0,0.0,0.02515421091737824,4.847099134377577,0.00012968279800203454,-13.975154650324441,0.6688640973630832,1.4466386554621846,-0.9914521854798819,-0.6165849584379666,-0.4861606035855127,0.03231697374857329,1.4468864468864469,-0.05892189651780445,-0.9927330288678449,-0.5191161013082414,-0.16680574423267056,REIT—Healthcare Facilities,Real Estate,HR
2010Q1,2010,Q1,2010-03-31,2010-03-31,-546000.0,45753000.0,10166000.0,-0.00476,30665000.0,0.6702292745830875,1728997000.0,1140197000.0,170265000.0,32821000.0,588604000.0,0.0,-208361000.0,2671258195.0,3076193195.0,9.941078769437336,5.187684714055026,0.3084672790062678,0.4677603957912536,,9.941078769437336,-0.00047886461725473757,58.38432878718336,-1223.103569139194,2.3428040899949747,0.0,0.0,0.0,0.026462162745221653,4.24136985466622,-0.000315790021613687,346.10756607929517,0.6702292745830875,0.8766770770273324,-1.0106484524584431,-0.6277935560397323,-0.5252601770304938,0.21330220780248477,0.876665913711317,0.3207743276601273,-1.006096866051014,-0.5301249947775853,-0.23518159042380124,REIT—Healthcare Facilities,Real Estate,HR
2009Q4,2009,Q4,2009-12-31,2009-12-31,-4427000.0,37444000.0,7697000.0,-0.0385978525748613,25274000.0,0.674981305416088,1673535000.0,1071317000.0,243886000.0,35247000.0,598669000.0,0.0,-182084000.0,2461365430.0,2782392430.0,9.340532104572542,6.919340653105229,0.3226870068447926,0.5040786247207876,,9.340532104572542,-0.004132296976525156,65.73457509881423,-138.99737011520216,2.2975136490879917,0.0,0.0,0.0,0.02237419593853729,6.520299599965955,-0.0026452987239585666,-15.548051760187484,0.674981305416088,0.5635849917476645,-1.20678819861523,-0.7258511276750731,-0.5836879798377768,0.18914086760139268,0.5635843848580442,1.7568051575931232,-1.2346016152985273,-0.707434852436288,-0.4736469904932463,REIT—Healthcare Facilities,Real Estate,HR
2009Q3,2009,Q3,2009-09-30,2009-09-30,-10144000.0,31748000.0,2792000.0,-0.088443,21254000.0,0.6694594935114023,1879561000.0,776823000.0,0.0,0.0,1099753000.0,0.0,-711655000.0,2423515915.0,3415464915.0,6.77291611266353,0.0,0.5304626984705472,1.283480278004127,,6.77291611266353,-0.013058315729580612,76.33601848935366,-59.72781730579653,3.1197787848711998,0.0,0.0,0.0,0.01689117831238252,0.0,-0.005397004938919247,-14.849701996899567,0.6694594935114023,-1.7891201513718067,-1.284177509967609,-0.7527386269612208,-0.7056024159290866,0.0670750075308766,-1.789111905416552,-0.11868686868686869,-1.5105542498585678,-0.761555886419607,-0.630358024324448,REIT—Healthcare Facilities,Real Estate,HR
2009Q2,2009,Q2,2009-06-30,2009-06-30,-3637000.0,30478000.0,3168000.0,-0.03171,19918000.0,0.6535205722160247,1844585000.0,789408000.0,0.0,0.0,1053231000.0,0.0,-697907000.0,1930325264.9999998,2888552265.0,6.882641428826763,0.0,0.5220328691819569,1.2198178888483522,,6.882641428826763,-0.004607249989865824,63.335037239976366,-132.68664180643384,2.4452821164720904,0.0,0.0,0.0,0.016522957738461498,0.0,-0.0019717172155254434,-26.55850506315181,0.6535205722160247,0.4706000200340579,-1.0847117487259745,-0.7450132698188311,-0.6751855425622219,0.10563419372744935,0.47059679767103346,1.7765118317265556,-1.12823755461717,-0.7730169148365997,-0.6341206370267971,REIT—Healthcare Facilities,Real Estate,HR
2009Q1,2009,Q1,2009-03-31,2009-03-31,-6870000.0,29816000.0,1141000.0,-0.059898,18015000.0,0.6042057955460156,1847468000.0,794327000.0,0.0,0.0,1051213000.0,0.0,-691810000.0,1719285545.0,2657716545.0,6.9255289004363725,0.0,0.5146541103824261,1.196996954654695,,6.9255289004363725,-0.00864883102299179,57.66318570566139,-62.564976164483255,2.164455627216499,0.0,0.0,0.0,0.01613884516538311,0.0,-0.0037186029744493546,444.834552393273,0.6042057955460156,-1.4278428571428572,-1.1401206457898854,-0.7462704019449393,-0.6775041362294077,0.0,-1.4404128469773703,0.0,-1.2228697094995562,-0.762574128993239,-0.6401963384528764,REIT—Healthcare Facilities,Real Estate,HR
2008Q4,2008,Q4,2008-12-31,2008-12-31,15599000.0,46285000.0,0.0,0.14,0.0,0.0,1864780000.0,794820000.0,0.0,0.0,1069960000.0,0.0,-689846000.0,2631532740.0,3567580740.0,7.091826491963007,0.0,0.5041806540181684,1.1828917239123324,,7.091826491963007,0.019625827231322814,56.854979799070975,42.17470254503494,3.310853702725145,1.4547086351689211,0.0,0.008623111411488653,0.024820622271796138,0.0,0.00836506183034996,-10.904246615644073,0.0,0.2727272727272728,-0.6603681238478817,-0.5634309275263899,-0.6767274258232858,0.0,1.8223267595440564,0.0,-0.4466359005926517,-0.6303863980939437,-0.6388659737198926,REIT—Healthcare Facilities,Real Estate,HR
2008Q3,2008,Q3,2008-09-30,2008-09-30,5527000.0,44037000.0,0.0,0.11,0.0,0.0,1578529000.0,799335000.0,0.0,0.0,779194000.0,0.0,-682753000.0,1443823198.95,2096962198.95,16.138136072993593,0.0,0.41703066589210586,0.8235533287044856,,16.138136072993593,0.006914497676193336,32.786593068328905,65.30772566265605,1.8062804693276284,3.535733671069296,0.0,0.013534898188512032,0.027897491905438544,0.0,0.0035013610773067835,-22.97983764045838,0.0,-0.5925925925925927,-0.7372447664848991,-0.07532925213689963,-0.27224095913379226,0.0,-0.5985035594944065,0.0,-0.4013778753062576,-0.2438572348251582,-0.19457878721367225,REIT—Healthcare Facilities,Real Estate,HR
2008Q2,2008,Q2,2008-06-30,2008-06-30,13766000.0,43859000.0,0.0,0.27,0.0,0.0,1490100000.0,615976000.0,0.0,0.0,874124000.0,0.0,-669738000.0,1174992079.48,1965762079.48,12.461147420227544,0.0,0.5339587947117643,1.2916931828512799,,12.461147420227544,0.022348273309349714,26.79021590733943,21.33866191123057,1.907528993791966,1.4190033415661776,0.0,0.016624792916599823,0.029433595060734178,0.0,0.0092383061539494,78.9963748473847,0.0,1.076923076923077,-0.35399603908597005,-0.08778799467151067,-0.430609356019155,0.0,1.0247095161053097,0.0,0.11895765136762178,-0.17557654094114095,-0.3924605464466082,REIT—Healthcare Facilities,Real Estate,HR
2008Q1,2008,Q1,2008-03-31,2008-03-31,6799000.0,43719000.0,0.0,0.13,0.0,0.0,1493361000.0,620460000.0,0.0,0.0,872901000.0,0.0,-662971000.0,1292151466.7,2073444466.7,12.556599917374067,0.0,0.530589053818869,1.2770541211359314,,12.556599917374067,0.01095799890403894,29.555833086301153,47.512555769230765,2.082570136189279,2.8729224886012648,0.0,0.015116648863066295,0.02927557368914817,0.0,0.004552817436641241,105.95747984419845,0.0,0.368421052631579,-0.6975127189454327,-0.07853713923361118,-0.43194420024643637,0.0,0.4819093286835222,0.0,-0.6922177699371762,-0.1744579891719124,-0.40035501577556865,REIT—Healthcare Facilities,Real Estate,HR
2007Q4,2007,Q4,2007-12-31,2007-12-31,4588000.0,42283000.0,0.0,0.095,0.0,0.0,1495492000.0,631995000.0,0.0,0.0,863497000.0,0.0,-650237000.0,1206942416.8700001,1983712416.8700001,13.295044424417107,0.0,0.5251041128939506,1.242555716421807,,13.295044424417107,0.007259551104043545,28.544389396920753,65.76626072744115,1.909734122690844,45.25784655623365,0.0,0.17204051916452387,0.02827363837452825,0.0,0.0030678866887953933,-11.623992765910318,0.0,-0.2083333333333333,-0.47256599616714057,-0.06626419220556135,-0.4001774685837572,0.0,-0.16368939117754283,0.0,-0.4829147296670521,-0.2530482487727862,-0.4074334587677234,REIT—Healthcare Facilities,Real Estate,HR
2007Q3,2007,Q3,2007-09-30,2007-09-30,5486000.0,40888000.0,0.0,0.12,0.0,0.0,1500782000.0,646146000.0,0.0,0.0,854636000.0,0.0,-635311000.0,1274462798.7,2038536798.7,13.840957788641022,0.0,0.5198583138657047,1.2074577572251473,,13.840957788641022,0.008490341192238286,31.16960474222266,58.07796202606635,1.9724068534046486,3.3645643456069996,0.0,0.014482964915749486,0.027244463219841388,0.0,0.0036554276370585467,59.106891693720435,0.0,-0.5862068965517241,-0.7666789800967956,-0.14204699264204534,0.0,0.0,-0.5978890273400278,0.0,-0.6224120464272153,-0.2176201876793978,-0.39837664214019525,REIT—Healthcare Facilities,Real Estate,HR
2007Q2,2007,Q2,2007-06-30,2007-06-30,13643000.0,39990000.0,0.0,0.29,0.0,0.0,1445055000.0,589501000.0,0.0,0.0,855554000.0,0.0,-622340000.0,1294649202.54,2078091202.54,12.649247184388567,0.0,0.5425980326008353,1.3300808650027736,,12.649247184388567,0.02314330255589049,32.3743236444111,23.72368985083926,2.196178127840326,18.966429670893497,0.0,0.19986804108196657,0.027673687160696306,0.0,0.009441163139119272,40.817491725203354,0.0,-0.618421052631579,-0.4652560368553875,-0.18440272932877638,0.0,0.0,-0.6246147919876733,0.0,-0.21794600769729525,-0.17660347186103914,-0.40304047455020614,REIT—Healthcare Facilities,Real Estate,HR
2007Q1,2007,Q1,2007-03-31,2007-03-31,36344000.0,39517000.0,0.0,0.76,0.0,0.0,1657856000.0,605018000.0,0.0,0.0,1052838000.0,0.0,-604390000.0,1736208769.6,2476335769.6,12.997959574411771,0.0,0.44874826281655344,1.2296493658039926,,12.997959574411771,0.06007094003814763,43.935743340840645,11.942884448602245,2.8696811823780446,0.8684514637904468,0.0,0.01817926539287767,0.023836207728536132,0.0,0.021922289993823348,162.6729850651176,0.0,3.75,0.5926961964502042,-0.14889949124390772,0.0,0.0,3.7477465708687134,0.0,0.8265492310467447,-0.17137318368754972,-0.3947338520324357,REIT—Healthcare Facilities,Real Estate,HR
