Quarters,Year,Quarter,FillingDate,Date,NetIncome,Revenue,OperatingIncome,EPSDiluted,GrossProfit,GrossProfitRatio,TotalAssets,CommonStockEquity,CurrentAssets,CurrentLiability,TotalLiability,Inventory,RetainedEarnings,MarketCap,EnterpriseValue,bookValuePerShare,currentRatio,debtToAssets,debtToEquity,roic,shareholdersEquityPerShare,roe,priceToSalesRatio,peRatio,pbRatio,payoutRatio,inventoryTurnover,dividendYield,assetTurnover,quickRatio,returnOnAssets,priceToFreeCashFlowsRatio,grossProfitMargin,epsdilutedGrowth,fiveYNetIncomeGrowthPerShare,fiveYRevenueGrowthPerShare,fiveYShareholdersEquityGrowthPerShare,grossProfitGrowth,netIncomeGrowth,operatingIncomeGrowth,threeYNetIncomeGrowthPerShare,threeYRevenueGrowthPerShare,threeYShareholdersEquityGrowthPerShare,Industry,Sector,Symbol
2023Q1,2023,Q1,2023-05-05,2023-03-31,-2500000.0,610700000.0,39300000.0,-0.021,400400000.0,0.6556410676,4712100000.0,123800000.0,826600000.0,740900000.0,4588300000.0,21900000.0,-663700000.0,1757052000.0,4844752000.0,1.0420875420875422,1.1156701309218517,0.7932344389974746,30.192245557350564,0.0030018698670316777,1.0420875420875422,-0.020193861066235864,2.877111511380383,-175.7052,14.192665589660741,0.0,9.602739726027398,0.0,0.12960251268012138,1.0168713726548793,-0.0005305490121177395,-95.49195652173913,0.6556410676273129,0.974390243902439,-1.0393191873698477,-0.23624730876314587,-0.9172842272914057,0.03757450116610521,0.9746963562753036,1.396341463414634,0.9588609831767356,0.10161606945366085,-0.903134949649695,Entertainment,Communication Services,CNK
2022Q4,2022,Q4,2023-02-24,2022-12-31,-98800000.0,599700000.0,16400000.0,-0.82,385900000.0,0.6434884109,4817700000.0,110200000.0,863600000.0,708500000.0,4698200000.0,23700000.0,-660600000.0,1048704878.26,4152004878.26,0.9100100703101691,1.2189131968948483,0.78415011312452,34.28130671506352,0.003063042875019771,0.9100100703101691,-0.896551724137931,1.7487158216775054,-2.6536054611842106,9.516378205626134,0.0,9.021097046413502,0.0,0.1244784855844075,1.1139026111503176,-0.02050771114847334,16.672573581240062,0.6434884108721027,-3.099999999999999,-1.9960983393532308,-0.23355093732319698,-0.9242138701018993,-0.08813799621928166,-3.1338912133891212,-0.6395604395604395,-4.708504988724828,-0.2485081942929167,-0.9241348772082405,Entertainment,Communication Services,CNK
2022Q3,2022,Q3,2022-11-04,2022-09-30,-23900000.0,650400000.0,45500000.0,-0.2,423200000.0,0.6506765068,4850500000.0,194800000.0,800900000.0,628400000.0,4645100000.0,19600000.0,-561300000.0,1433824000.0,4609124000.0,1.6452702702702702,1.274506683640993,0.7849087722915163,19.544147843942504,0.009982938717544203,1.6452702702702702,-0.12268993839835729,2.204526445264453,-14.9981589958159,7.360492813141684,0.0,11.591836734693878,0.0,0.13408926914751057,1.1612030553787396,-0.004927327079682507,-33.26737819025522,0.6506765067650676,0.6774193548387096,-1.6130158539921187,-0.10482489973638735,-0.8577726853644546,-0.0976545842217484,0.6717032967032966,-0.3536931818181818,-1.7491277398343708,-0.2222455719329111,-0.8709734579174083,Entertainment,Communication Services,CNK
2022Q2,2022,Q2,2022-08-05,2022-06-30,-72800000.0,744100000.0,70400000.0,-0.62,469000000.0,0.6302916275,5004000000.0,208000000.0,873000000.0,725800000.0,4785300000.0,20300000.0,-536800000.0,1775364000.0,4933464000.0,1.7597292724196278,1.2028106916505925,0.7700239808153477,18.525,0.013901277688730314,1.7597292724196278,-0.35,2.385921247144201,-6.096717032967033,8.535403846153846,0.0,13.551724137931034,0.0,0.14870103916866506,1.112427666023698,-0.01454836131095124,12.415132867132867,0.6302916274694261,-0.016393442622950834,-2.391763868000689,-0.029683448872309497,-0.8460561300885607,0.548365797292836,-0.004137931034482759,2.7382716049382716,-1.7095619303064702,-0.2354040243561712,-0.8649090315287065,Entertainment,Communication Services,CNK
2022Q1,2022,Q1,2022-05-06,2022-03-31,-72500000.0,460500000.0,-40500000.0,-0.61,302900000.0,0.6577633008,5024300000.0,286300000.0,719800000.0,645600000.0,4724900000.0,16800000.0,-463400000.0,2037312000.0000002,5349512000.0,2.42832909245123,1.1149318463444857,0.7724061063232689,13.555012224938876,-0.007128089776570163,2.42832909245123,-0.25323087670275934,4.424130293159609,-7.025213793103449,7.116004191407614,0.0,9.380952380952381,0.0,0.09165455884401807,1.0346964064436184,-0.014429870827777004,-14.816814545454546,0.6577633007600434,-12.070780399274048,-1.891825942300514,-0.4206977730399747,-0.7875607052696159,-0.2869602472687211,-12.184819500154273,-1.834758950470969,-3.182892601915415,-0.3650994469328371,-0.8056941354187072,Entertainment,Communication Services,CNK
2021Q4,2021,Q4,2022-02-25,2021-12-31,6482000.0,666630000.0,48517000.0,0.0551,424801000.0,0.637236548,5230650000.0,322904000.0,874472000.0,769144000.0,4896182000.0,15451000.0,-389402000.0,1850253600.0,5087849600.0,2.8132427252134518,1.136941847040346,0.7541959412310133,12.217052126947948,0.010488603446025807,2.8132427252134518,0.020074077744468944,2.7755330543179877,71.36121567417464,5.730042365532791,0.0,15.65134942722154,0.0,0.1274468756273121,1.069776270763342,0.0012392341296014835,10.875911687945264,0.6372365480101405,1.084769230769231,-0.9152010156230138,-0.041883784602949815,-0.7422033581121,0.46702651554395197,1.08330120543861,2.141415329600527,-0.6678043937422686,-0.16810000705944925,-0.7771394638990003,Entertainment,Communication Services,CNK
2021Q3,2021,Q3,2021-11-05,2021-09-30,-77814000.0,434821000.0,-42506000.0,-0.65,289566000.0,0.6659429972333443,5078574000.0,304136000.0,669248000.0,642777000.0,4763617000.0,15244000.0,-395143000.0,2299702981.6600003,5659879981.66,2.540524844553069,1.0411822451643415,0.7685602297022747,12.833699397637899,-0.0067952908952988705,2.540524844553069,-0.2558526448694005,5.288849852376036,-7.38846152896651,7.561429694807586,0.0,9.528667016531093,0.0,0.0856187189553603,0.9616927799221192,-0.015322017558472123,-50.86600565481852,0.6659429972333443,0.45378151260504196,-2.1444771928499646,-0.45368637825467334,-0.759577836847034,0.45351323675571487,0.4538103560824612,0.5026036486186035,-2.502694714043902,-0.4408057045800028,-0.7974930568848471,Entertainment,Communication Services,CNK
2021Q2,2021,Q2,2021-08-06,2021-06-30,-142467000.0,294652000.0,-85457000.0,-1.19,199218000.0,0.6761128381955663,5212818000.0,387158000.0,719681000.0,651722000.0,4815080000.0,14440000.0,-317329000.0,2573088750.0,5897513750.0,3.302691405416933,1.1042760563553171,0.7520517693117236,10.125863342614643,-0.015801455709240044,3.302691405416933,-0.3679815475852236,8.732636296376743,-4.5152364231716815,6.64609474684754,0.0,6.609002770083102,0.0,0.05652451322873732,1.0289310472870334,-0.02733013122652661,29.399000834066474,0.6761128381955663,0.32,-3.6057010659939097,-0.6097453257119058,-0.6788215955495266,1.3711912016758712,0.31585518701888676,0.49564442450926005,-2.717767289866281,-0.6717837703187177,-0.735838297663096,Entertainment,Communication Services,CNK
2021Q1,2021,Q1,2021-05-07,2021-03-31,-208241000.0,114361000.0,-169438000.0,-1.75,84016000.0,0.7346560453301387,5296954000.0,513589000.0,754807000.0,594510000.0,4772971000.0,12170000.0,-174866000.0,2391582570.0,5815593570.0,4.383018851822457,1.2696287699113555,0.7432269564734751,7.665349141044688,-0.026872551737384096,4.383018851822457,-0.4054623444037937,20.912571331135613,-2.871171587247468,4.656607851803679,0.0,2.493426458504519,0.0,0.021589955283734766,1.196309565860961,-0.03931334876610218,-16.87076354940427,0.7346560453301387,0.14636519042364665,-4.499488217689798,-0.8404307327141417,-0.5567399252006442,0.23687542325471836,0.1296310228374628,0.4096154650239028,-4.320510295957846,-0.8549970480520472,-0.6520975671596942,Entertainment,Communication Services,CNK
2020Q4,2020,Q4,2021-02-26,2020-12-31,-239256000.0,98242000.0,-286996000.0,-2.050056980301096,67926000.0,0.6914150770546202,5562922000.0,787973000.0,892747000.0,606441000.0,4763953000.0,12593000.0,27937000.0,2031868870.0,5307865870.0,6.75172011961579,1.4721085810491046,0.7067032397721916,4.989174755987832,-0.03366314011860956,6.75172011961579,-0.3036347692116354,20.682283239347733,-2.1231117192463302,2.578602147535512,0.0,2.407369173350274,0.0,0.01766014335631526,1.3946187675305595,-0.04300905171778429,-11.366653445739187,0.6914150770546202,-0.6400455842408768,-5.098729530510388,-0.8625683531034773,-0.2911083122327036,1.7687604451147434,-0.6210634722749201,-0.3615644451191741,-3.5029178749755983,-0.8697178447332554,-0.4377131037171733,Entertainment,Communication Services,CNK
2020Q3,2020,Q3,2020-11-05,2020-09-30,-147592000.0,35478000.0,-210784000.0,-1.25,24533000.0,0.6914989571001747,5802613000.0,1007033000.0,984009000.0,623877000.0,4784165000.0,15159000.0,267193000.0,1167070000.0,4214864000.0,8.628728353911933,1.5772483999249851,0.6675440874654229,3.8464479316963796,-0.018170259984655716,8.628728353911933,-0.14656123483540262,32.89559727154857,-1.9768517263808334,1.1589193204194896,0.0,0.7220133254172438,0.0,0.006114142025325487,1.497820884565387,-0.025435437448611514,-33.88508216712154,0.6914989571001747,0.1379310344827586,-4.14293931637573,-0.9499912288885157,-0.08390294722847054,2.9524730143386497,0.1337938481944257,0.01629214794073037,-4.840532285035634,-0.9504616671040108,-0.25407947577215745,Entertainment,Communication Services,CNK
2020Q2,2020,Q2,2020-08-04,2020-06-30,-170389000.0,8974000.0,-214275000.0,-1.45,6207000.0,0.6916648094495208,5690115000.0,1086921000.0,744739000.0,596119000.0,4591335000.0,15584000.0,414785000.0,1347492300.0,4429342300.0,9.316518951536866,1.249312637241893,0.6420968644746196,3.3614264514164325,-0.021705915655552608,9.316518951536866,-0.15676300301493853,150.15514820592824,-1.9770822940448034,1.2397334304885086,0.0,0.17755390143737165,0.0,0.0015771210247947536,1.1857632452580777,-0.029944737496518086,-8.916408933002481,0.6916648094495208,-1.8431372549019607,-3.3936346469935734,-0.9889275153728441,-0.04598575510159095,-0.9823758401076701,-1.8593076135658069,-3.9925440946899973,-4.300265662574243,-0.9881439132412216,-0.18497634608828475,Entertainment,Communication Services,CNK
2020Q1,2020,Q1,2020-06-03,2020-03-31,-59591000.0,543616000.0,-42919000.0,-0.51,352187000.0,0.6478598863903933,5632893000.0,1253280000.0,587667000.0,600427000.0,4367328000.0,17972000.0,585174000.0,1187094240.0,4137128240.0,10.758137618459003,0.9787484573478541,0.6088226777962941,2.7363661751563897,-0.006540653288226732,10.758137618459003,-0.047548033958891865,2.1836999646809514,-4.980174187377288,0.9471899655304481,-0.7100233256699837,10.651513465390607,0.035642494567238406,0.0965074252253682,0.9265639286707626,-0.010579110947074621,-23.88327378078223,0.6478598863903933,-3.318181818181818,-2.3814909000780022,-0.16969923100686135,0.1412589822524509,-0.2893495350939498,-3.2628920786815523,-1.6460202299957853,-1.7418661570606027,-0.30789723303433814,-0.05883795759707355,Entertainment,Communication Services,CNK
2019Q4,2019,Q4,2020-02-21,2019-12-31,26334000.0,788803000.0,66436000.0,0.22,495584000.0,0.6282734725907483,5828017000.0,1435814000.0,634990000.0,708800000.0,4379695000.0,21686000.0,687332000.0,4051845000.0,6938786000.0,11.995104427736006,0.8958662528216704,0.5791427856164455,2.350759917370913,0.0065316334918103965,11.995104427736006,0.01834081573239988,5.13670079855173,38.46590909090909,2.821984602462436,1.5124553808764336,13.521119616342341,0.009829842948089081,0.13534672256446748,0.812806151241535,0.0045185180482486586,85.0067135214518,0.6282734725907483,-0.18518518518518523,-0.46490709620140785,0.14894499372271477,0.2402774134293318,-0.03832279322302278,-0.16008037508372405,0.13505663665408074,-0.6696528796831375,0.08711117448902897,0.0991933304760962,Entertainment,Communication Services,CNK
2019Q3,2019,Q3,2019-11-05,2019-09-30,31353000.0,821817000.0,58531000.0,0.27,515333000.0,0.627065392903773,5751603000.0,1483703000.0,594768000.0,639779000.0,4255152000.0,19346000.0,748558000.0,4495995840.0,7379882840.0,12.751409467496304,0.9296460183907256,0.5853427296703198,2.2690922644221923,0.006315135447581798,12.751409467496304,0.021131587656020107,5.470799265529918,35.84980576021434,3.030253251493055,1.2704366408318184,15.842241290189186,0.008859438802327717,0.1428848618376477,0.8668040057582383,0.005451175959119571,201.6774700578657,0.627065392903773,-0.686046511627907,-0.18860981159957285,0.25355103614328867,0.30770194381424054,-0.14158951516988877,-0.6894850996820869,-0.6249263066157434,-0.5255569329496559,0.06233683447618829,0.20672759961298304,Entertainment,Communication Services,CNK
2019Q2,2019,Q2,2019-08-02,2019-06-30,100971000.0,957756000.0,156052000.0,0.86,600334000.0,0.6268130922698474,5902248000.0,1515279000.0,662551000.0,700195000.0,4374529000.0,21761000.0,757226000.0,4201658999.9999995,7105438000.0,13.026254029658284,0.9462378337463135,0.5786220775541794,2.2538232233139905,0.01728772886844064,13.026254029658284,0.06663525330978652,4.386982697054364,10.40313307781442,2.772861631422332,0.3944003723841499,16.42488856210652,0.009477922887126252,0.162269697918488,0.8849591899399453,0.017107210676338913,29.6528388439959,0.6268130922698474,2.071428571428571,0.3890108334310596,0.31652518850066086,0.3036214094266052,0.3006207008611818,2.0851564409679786,1.7201924417793892,0.8610333210594185,0.2783235264839638,0.2667703311154616,Entertainment,Communication Services,CNK
2019Q1,2019,Q1,2019-05-07,2019-03-31,32728000.0,714723000.0,57368000.0,0.28,461575000.0,0.6458096353412441,5790748000.0,1451942000.0,544506000.0,656978000.0,4326962000.0,18142000.0,696267000.0,4645998210.0,7645954210.0,12.49745651107343,0.8288040086578241,0.5914866265981528,2.359012963327736,0.006472404586627561,12.49745651107343,0.022540845295473236,6.500417938138272,35.489475449156686,3.199851102867745,1.2159924223906136,13.953698599933855,0.008565866408286885,0.12342498758364204,0.783084060653477,0.005651774174942512,99.45409846944236,0.6458096353412441,0.6470588235294118,-0.09247415167747117,0.16629745544470836,0.30818442698004744,-0.09595429386210598,0.6832793293216067,-0.25207618997953146,-0.4452816885155405,0.005828195119042767,0.2638831123431587,Entertainment,Communication Services,CNK
2018Q4,2018,Q4,2019-02-28,2018-12-31,19443000.0,798476000.0,76703000.0,0.17,510566000.0,0.639425605779009,4481838000.0,1443738000.0,559030000.0,474689000.0,3025721000.0,19319000.0,686459000.0,4094467050.3999996,5708388050.4,12.623332844979341,1.177676331240033,0.45520230762468433,1.4130978058345767,0.007349383926034521,12.623332844979341,0.013467124921557789,5.127852371768218,52.64705871521884,2.8360180658817593,1.9227485470349226,14.902945287023138,0.009130370214201102,0.17815815743451682,1.1051319916829756,0.004338175543158856,38.355663235597184,0.639425605779009,-0.6046511627906977,0.24878912519611684,0.2265536805304051,0.3222946407997589,0.06059901037403873,-0.6129051525045791,-0.07294109115521284,-0.6601148025076266,0.13981396644399063,0.3253771731039965,Entertainment,Communication Services,CNK
2018Q3,2018,Q3,2018-11-02,2018-09-30,50228000.0,754235000.0,82738000.0,0.43,481394000.0,0.6382546553792916,4397573000.0,1456756000.0,485394000.0,391356000.0,2928046000.0,16319000.0,704608000.0,4587861690.0,6258050690.0,12.545371558487414,1.2402876153681048,0.46320663693359954,1.3983021178563877,0.016729831797927246,12.545371558487414,0.03447935000782561,6.082801368273814,22.83518002906745,3.1493686588557037,0.7443059648005097,16.719222991604877,0.008148676339020151,0.17151164972133492,1.1436978096669017,0.011421754681502728,-346.98696793223417,0.6382546553792916,-0.3857142857142857,-0.38348340888558596,-0.02213655977919536,0.30154335560077644,-0.12603165496882796,-0.38847020149753453,-0.3468121388195914,0.07501043990200791,0.06853155861414263,0.331920236594736,Entertainment,Communication Services,CNK
2018Q2,2018,Q2,2018-08-08,2018-06-30,82135000.0,889053000.0,126668000.0,0.7,550814000.0,0.6195513653291761,4455238000.0,1451432000.0,628187000.0,439834000.0,2991428000.0,17685000.0,691910000.0,4072472280.0,5616202280.0,12.502536803025214,1.4282365619756545,0.45978284437329725,1.4113248157681517,0.02752234575149661,12.502536803025214,0.056588941128485525,4.580685605920007,12.395666524624094,2.8058305728411663,0.4550678760577099,19.125756290641785,0.009177963023483122,0.19955230225635534,1.3410400287381148,0.018435603215810243,35.77836397979354,0.6195513653291761,0.32075471698113195,2.980289114976023,0.20323422273546662,0.34206153331434125,0.10553717946659387,0.3243095080698473,0.2389037773126504,0.1595522571676645,0.10238279949637773,0.2802633976808554,Entertainment,Communication Services,CNK
2018Q1,2018,Q1,2018-05-09,2018-03-31,62021000.0,779971000.0,102242000.0,0.53,498232000.0,0.6387827239730708,4413471000.0,1459942000.0,591740000.0,387349000.0,2941480000.0,17083000.0,647298000.0,4365312610.0,5946531610.0,12.59841391748574,1.5276662647896342,0.46567996028522674,1.4077716786009307,0.019233213385463865,12.59841391748574,0.042481824620430125,5.596762712972661,17.596107004079265,2.99005892699847,0.602150884377872,16.492360826552712,0.008555171951362264,0.1767250764760888,1.4334566502043378,0.014052658327198706,1251.1644052737174,0.6387827239730708,-0.3536585365853658,0.8628350004518903,0.3939625934967921,0.29971960811322457,0.067143016252431,-0.3476555104444959,0.1527629012436156,0.44543112869822044,0.19760320336326798,0.33648160633256546,Entertainment,Communication Services,CNK
2017Q4,2017,Q4,2018-02-23,2017-12-31,95074000.0,749994000.0,88693000.0,0.82,466884000.0,0.6225169801358411,4470893000.0,1393795000.0,657570000.0,468913000.0,3065205000.0,17507000.0,582222000.0,4041766320.0,5583361320.0,12.007607085013268,1.4023283636836683,0.46168450016585055,1.4809509289386171,0.0296948058938439,12.007607085013268,0.0682123267768933,5.38906487251898,10.627948545343628,2.8998283965719494,0.35524959505227505,16.171245787399325,0.008356494989052212,0.167750380069485,1.329728542394858,0.02126510296712536,40.85068041237113,0.6225169801358411,1.4848484848484846,2.354870838863442,0.20403625963053323,0.26225169910839463,0.050733558235679356,1.4928288628438082,0.19572632288506908,0.9921674645666065,0.1265233269061813,0.24157017111412354,Entertainment,Communication Services,CNK
2017Q3,2017,Q3,2017-11-03,2017-09-30,38139000.0,710748000.0,74175000.0,0.33,444341000.0,0.6251737606015071,4371650000.0,1339828000.0,590331000.0,392674000.0,3019830000.0,16844000.0,521058000.0,4193950830.0,5790438830.0,11.56789238752234,1.5033615671014633,0.47257534340580787,1.5419397116644824,0.012288490348211263,11.56789238752234,0.028465594091181854,5.900756428438772,27.491221780854243,3.130215841137818,0.8856026639397991,15.816136309665163,0.00805350405121464,0.16258117644367687,1.4171475575159038,0.00872416593277138,-1056.6769538926683,0.6251737606015071,-0.24999999999999997,-0.21227561762688635,0.09790523677619731,0.21824248151664993,-0.03988547968885048,-0.2556646304572689,-0.2448152635383472,-0.008451585710520177,0.08912197053003801,0.18632809961573019,Entertainment,Communication Services,CNK
2017Q2,2017,Q2,2017-08-04,2017-06-30,51239000.0,751195000.0,98221000.0,0.44,462800000.0,0.6160850378397087,4354525000.0,1323536000.0,618409000.0,405886000.0,3019104000.0,18388000.0,516830000.0,4498247250.0,6035176250.0,11.430979833311742,1.5236026864686143,0.4687326401846355,1.5421628123451119,0.01731703343287172,11.430979833311742,0.03871371840282395,5.988121925731668,21.947380169402216,3.3986587822318395,0.6590292550596225,15.683869915162063,0.007506923946877309,0.17250905667093425,1.43066772443494,0.011766840240898834,-667.9903846153846,0.6160850378397087,-0.35294117647058826,-0.029014655178136558,0.13157698032391235,0.2371748554182854,-0.04516682759360584,-0.35732741320489664,-0.2513243846851585,-0.2918416472459725,0.03740357699914349,0.1439720127905311,Entertainment,Communication Services,CNK
2017Q1,2017,Q1,2017-05-03,2017-03-31,79728000.0,779610000.0,131193000.0,0.68,484692000.0,0.6217108554277139,4383326000.0,1321720000.0,707868000.0,439518000.0,3050292000.0,17394000.0,499494000.0,5126989860.0,6584096860.0,11.430696451582216,1.6105551991044735,0.46572511376064657,1.5445215325484973,0.023358945643240446,11.430696451582216,0.06032139938867536,6.5763520991264866,16.076503424142086,3.8790287352843267,0.42343969496287376,16.955156950672645,0.00658476043874992,0.17785809223407065,1.4938273290286177,0.018188927768548357,86.3449402135471,0.6217108554277139,0.02107291734302969,0.8476771385361419,0.3142377732078203,0.22283663645745438,0.11707467722531309,0.035361340172716055,0.5478904148378876,1.2213207380355857,0.27823244075629483,0.19652019386875724,Entertainment,Communication Services,CNK
2016Q4,2016,Q4,2017-02-23,2016-12-31,77005000.0,700918000.0,84756000.0,0.6659661503602038,433894000.0,0.6190367489492351,4306633000.0,1261818000.0,676317000.0,443225000.0,3033673000.0,16961000.0,453679000.0,4435528440.0,5917825440.0,10.912643022079235,1.5258999379547633,0.4745080437548312,1.6195140662124015,0.024494575195642083,10.912643022079235,0.06102702608458589,6.3281702567204725,14.400131290175961,3.51518875146812,0.4074151029153951,15.743411355462532,0.007073114381834512,0.1627531298812785,1.4520728749506457,0.01788055773501016,57.61025093516209,0.6190367489492351,0.1892252685003638,3.1141997981925202,0.2762787279042855,0.21556610424176853,-0.09021638849282898,0.1728733531338055,-0.2804482553697258,3.8920663800446578,0.06497518962415423,0.14309981066492847,Entertainment,Communication Services,CNK
2016Q3,2016,Q3,2016-11-08,2016-09-30,65655000.0,768574000.0,117790000.0,0.56,476920000.0,0.6205258049322512,4176619000.0,1221548000.0,626920000.0,347209000.0,2943003000.0,15482000.0,408241000.0,4425206280.0,5917470280.0,10.566932811999896,1.8055983571854417,0.4834951428416142,1.6531278345181688,0.020970962876188267,10.566932811999896,0.05374737627993333,5.757684074662947,16.850225725382682,3.6226216898558223,0.4779072424034727,18.838263790207982,0.0070905169193604236,0.18401822143700444,1.7090311599065693,0.015719652666427077,-206.15915583508036,0.6205258049322512,0.21739130434782614,0.3655976419331588,0.17195206644513208,0.17079657466443174,0.048694409323291735,0.21795347456683858,0.11583713836418408,-0.1905157845207956,0.0009189515068595353,0.09628647716166336,Entertainment,Communication Services,CNK
2016Q2,2016,Q2,2016-08-09,2016-06-30,53906000.0,744404000.0,105562000.0,0.46,454775000.0,0.610924981596015,4215693000.0,1188473000.0,699185000.0,426337000.0,3015627000.0,15977000.0,374059000.0,4213900960.0,5652008960.0,10.283043192358274,1.6399819860814333,0.47956717910910496,1.7010971221054243,0.01938896831782214,10.283043192358274,0.04535736192576525,5.660771516542093,19.542819723221903,3.5456429889446377,0.5819945831632842,18.127871315015334,0.007445120399792215,0.17657927178283617,1.5628364415943257,0.012786984251462333,85.24814306811516,0.610924981596015,-0.07999999999999996,0.30662452001263957,0.17493845951907286,0.09000404188328918,0.04293753955950208,-0.07892353695002136,-0.08068659809975005,1.6239427596460148,0.011957129610660245,0.10381412438911364,Entertainment,Communication Services,CNK
2016Q1,2016,Q1,2016-05-10,2016-03-31,58525000.0,704869000.0,114827000.0,0.5,436052000.0,0.6186284259912126,4128715000.0,1139559000.0,685907000.0,389894000.0,2977741000.0,15300000.0,351611000.0,4129228350.0,5572849350.0,9.888142652609657,1.7592140427911176,0.49107603697518476,1.7792084481803927,0.02160615430042314,9.888142652609657,0.051357586575157585,5.858150025040114,17.638737078171722,3.6235318662745852,0.5359589918838104,17.569738562091505,0.007596334554856963,0.17072357864371845,1.6739139355824917,0.014175112595565448,206.79228515625,0.6186284259912126,0.0,1.289481729849413,0.42472664998068005,0.07221994767197233,0.00661841938201923,0.013402365327007325,0.15876844208529275,0.7675621159126421,0.26671441437377913,0.020113561722245384,Entertainment,Communication Services,CNK
2015Q4,2015,Q4,2016-02-24,2015-12-31,57751000.0,707223000.0,99094000.0,0.5,433185000.0,0.6125154300694406,4126497000.0,1099708000.0,715151000.0,439793000.0,3015684000.0,15954000.0,324632000.0,3859928090.0,5280456090.0,9.52433247014195,1.626108191808419,0.4868698559577288,1.8269095068872827,0.019674159077291708,9.52433247014195,0.052514849396385226,5.457865609574349,16.709356071756332,3.5099572704754354,0.5018268081937975,17.17675817976683,0.007508170961806701,0.1713858025342076,1.5591494180216603,0.013995163452196863,29.65548360082668,0.6125154300694406,0.24999999999999994,0.48080937274418134,0.3132401392621618,0.04927861846269946,0.013056533879635736,0.2462720386715294,-0.0003329062717523984,1.0486753586251076,0.1413996882543689,0.0012073811371423398,Entertainment,Communication Services,CNK
2015Q3,2015,Q3,2015-11-05,2015-09-30,46339000.0,700056000.0,99127000.0,0.4,427602000.0,0.6108111351091913,4044256000.0,1084731000.0,631117000.0,351537000.0,2948150000.0,13236000.0,296157000.0,3741678360.0,5272394360.0,9.419011149317495,1.7953074640791724,0.5028440336121156,1.8747781708091684,0.018075870537599945,9.419011149317495,0.0427193470086132,5.344827213822894,20.186443168821082,3.4494066823940686,0.6254342994022314,20.584315503173165,0.007745721895775135,0.1730988344951457,1.682881176092417,0.01145797892121567,-120.29572916666666,0.6108111351091913,-0.34426229508196715,0.3541915754467004,0.21718717639571336,0.07445769622276252,-0.09736429919404888,-0.340445216203137,-0.26295792346070057,-0.0374357829783715,0.0875771169505712,-0.008061353652061065,Entertainment,Communication Services,CNK
2015Q2,2015,Q2,2015-08-06,2015-06-30,70258000.0,799932000.0,134493000.0,0.61,473726000.0,0.5922078376662017,4164070000.0,1124489000.0,714281000.0,419143000.0,3028533000.0,13969000.0,278898000.0,4625495160.0,6088095160.0,9.765597318233924,1.7041463176052087,0.4896385027148919,1.8131693595935576,0.024796303346524554,9.765597318233924,0.062479935330625735,5.782360450638304,16.45896253807396,4.11341965995221,0.41243701784850123,23.35213687450784,0.006264626596215053,0.19210339883815594,1.6104646862765213,0.01687243490143057,53.95862440651867,0.5922078376662017,0.6486486486486487,0.7099285198279528,0.4323290967124535,0.14502178379264816,0.19255555891208248,0.6523129747654101,0.48712930405360577,0.3387630382119092,0.21165892793863028,0.05693051920632857,Entertainment,Communication Services,CNK
2015Q1,2015,Q1,2015-05-07,2015-03-31,42521000.0,645398000.0,90438000.0,0.37,397236000.0,0.6154899767275387,4046287000.0,1082517000.0,628821000.0,351626000.0,2953054000.0,13460000.0,237716000.0,5175703590.0,6676685590.0,9.42655241777476,1.7883233890554169,0.5026403218555678,1.878794513157761,0.016822983442630196,9.42655241777476,0.039279752650535744,8.019398247283071,30.430279097387174,4.7811753441285445,0.6802050751393429,18.4369985141159,0.005588225735314955,0.15950376233816335,1.675348239322462,0.01050864656906443,-85.3611661966256,0.6154899767275387,-0.09756097560975606,0.16640157133923902,0.2025752902098284,0.1290647551213127,-0.02921144019022994,-0.10116896019616547,-0.05857492322906366,-0.007789962150931409,0.09549169801556455,0.00843668631809451,Entertainment,Communication Services,CNK
2014Q4,2014,Q4,2015-02-27,2014-12-31,47307000.0,659944000.0,96065000.0,0.41,409189000.0,0.6200359424436013,4151980000.0,1112800000.0,741010000.0,414407000.0,3028851000.0,13419000.0,224219000.0,4093905960.0,5496505960.0,9.671307642836036,1.7881213396491855,0.4916856535917803,1.83453360891445,0.018529903137057224,9.671307642836036,0.04251168224299066,6.203414168474901,21.634778996765807,3.6789234004313442,0.6114317120087936,18.686563827408897,0.007065379684490848,0.15894681573610664,1.7039673557637782,0.01139384101079485,28.63912723507849,0.6200359424436013,0.2424242424242423,0.14020086394059933,0.18211595050576523,0.18814850549057524,0.02846191547384163,0.240709171496761,0.1674809197413835,1.5399590353242352,0.2075920731173307,0.07729298306011072,Entertainment,Communication Services,CNK
2014Q3,2014,Q3,2014-11-06,2014-09-30,38129000.0,646903000.0,82284000.0,0.33,397865000.0,0.6150303832259242,4060429000.0,1119552000.0,667838000.0,319045000.0,2931047000.0,11610000.0,205990000.0,3908268560.0,5403008560.0,9.751005974881112,2.093240765409268,0.5027559895764708,1.8234124006745556,0.014657874879789428,9.751005974881112,0.034057372949179675,6.041506315475427,25.625302001101524,3.490921868747499,0.7586876131028876,21.450301464254952,0.0074017431391664645,0.15931887985235058,1.9601216129386136,0.009390387074863272,398.92503419414106,0.6150303832259242,-0.46774193548387094,0.7156933654189221,0.23102451953884742,0.22138210679240924,-0.08184081840818408,-0.46844460554014306,-0.29591155682576625,-0.20149597215027842,-0.006815189387441142,0.08039339305333759,Entertainment,Communication Services,CNK
2014Q2,2014,Q2,2014-08-05,2014-06-30,71731000.0,717863000.0,116866000.0,0.62,433329000.0,0.603637462858512,4116472000.0,1146983000.0,704048000.0,341834000.0,2960051000.0,13316000.0,196892000.0,4058832960.0,5523815960.0,9.99235969543324,2.0596195814342635,0.49632889522872986,1.7813027743218512,0.025728681706637523,9.99235969543324,0.06253885192718636,5.6540495331281875,14.14602110663451,3.5387036773866747,0.4032705524807963,21.36782817662962,0.007126925469729112,0.174387922473419,1.9333272875138225,0.017425358413709603,84.36042150770062,0.603637462858512,1.0,2.6310759419654923,0.31098362276452984,0.2751379615926082,0.166210942756412,1.023841096972604,0.7222901775845553,0.750649967106597,0.14084522506141417,0.05919154983886051,Entertainment,Communication Services,CNK
2014Q1,2014,Q1,2014-05-06,2014-03-31,35443000.0,602280000.0,67855000.0,0.31,371570000.0,0.6169389652653251,4088878000.0,1090813000.0,680334000.0,353338000.0,2988811000.0,11687000.0,154191000.0,3312419820.0,4797918820.0,9.55328335464434,1.9254481544583373,0.500920301363846,1.8776838926562114,0.012757603180840786,9.55328335464434,0.03249227869488171,5.499800458258617,23.364414835087327,3.036652313457944,0.8138419434020823,19.74073757166082,0.00870813531118166,0.1472971313890999,1.8099015673377898,0.008668148083655222,365.16589350677987,0.6169389652653251,1.3846153846153846,0.9167535987100721,0.3436209020794872,0.2785167955387777,-0.054331947123827364,1.2731528989225245,-0.15867977632574115,0.39942839281557274,0.22870047276374636,0.0359095068181393,Entertainment,Communication Services,CNK
2013Q4,2013,Q4,2014-02-28,2013-12-31,15592000.0,651933000.0,80653000.0,0.13,392918000.0,0.6026969029025989,4144163000.0,1093422000.0,729599000.0,395712000.0,3041746000.0,13735000.0,147764000.0,3817484880.0,5266711880.0,9.546535587064328,1.843762635452046,0.4944680023445024,1.87407606578247,0.005743054845453118,9.546535587064328,0.014259819173201198,5.855639889375135,61.20903155464341,3.4913188869439247,1.8505643919958954,18.85802693847834,0.00755837964183371,0.1573135516146445,1.7237713286430536,0.0037624002723831086,123.18043561033849,0.6026969029025989,-0.8115942028985507,1.1648885071101192,0.5138415980564452,0.2763491294730126,-0.15283428524610665,-0.8051462777590322,-0.40341884135155925,-0.5969654315938474,0.2203701116273792,0.05172469601437191,Entertainment,Communication Services,CNK
2013Q3,2013,Q3,2013-11-07,2013-09-30,80019000.0,757566000.0,135192000.0,0.69,463803000.0,0.6122278454946499,4082898000.0,1099310000.0,600460000.0,325276000.0,2972791000.0,12324000.0,161324000.0,3619947000.0,5189019000.0,9.638842612889084,1.8460015494533872,0.5018129279741987,1.8637609045674104,0.026093030270291317,9.638842612889084,0.07279020476480702,4.778391585683623,11.309648333520787,3.2929264720597464,0.360251940164211,23.83666017526777,0.007963376259376173,0.1855461488383986,1.7113159286267663,0.019598579244448428,-885.0726161369194,0.6122278454946499,2.8333333333333335,2.67485763826713,0.49385465494057035,0.051314316612420856,0.0756947440197047,2.9486306439674315,0.008767544416006924,1.3612828952439118,0.3300455433997806,0.09953459698888201,Entertainment,Communication Services,CNK
2013Q2,2013,Q2,2013-08-06,2013-06-30,20265000.0,725622000.0,134017000.0,0.18,431166000.0,0.5942019398529813,4111617000.0,1062080000.0,641713000.0,385509000.0,3037877000.0,13075000.0,110296000.0,3244639220.0,4784846220.0,9.315919197943986,1.6645863001901382,0.4999689903023555,1.9355236893642664,0.028236218735267223,9.315919197943986,0.019080483579391384,4.471528178583339,40.027624228966204,3.054985707291353,1.1949666913397483,22.520535372848947,0.007463387562701039,0.1764809319545084,1.5562516050208945,0.004928717825614594,186.50567454158764,0.5942019398529813,-0.3571428571428572,0.22686034256373194,0.4914067427278737,-0.0333869536206783,0.26895264891209336,-0.37825980241762286,1.042039342363894,-0.5018574235470304,0.3122756397705396,0.09229677101073398,Entertainment,Communication Services,CNK
2013Q1,2013,Q1,2013-05-07,2013-03-31,32594000.0,547773000.0,65629000.0,0.28,339781000.0,0.6202952682954436,3857199000.0,1099662000.0,820745000.0,321726000.0,2746216000.0,10825000.0,114380000.0,3335341800.0,4527564800.0,9.693178312339683,2.5510683003549603,0.496869878893985,1.742831888343873,0.015665909880450253,9.693178312339683,0.029640016659664516,6.088912377937576,25.582482972326194,3.0330608859813286,0.7408725532306559,19.2140415704388,0.007240037587751876,0.14201315514185295,2.4340432541976713,0.008450173299329384,585.3530712530712,0.6202952682954436,0.16666666666666682,4.852539082858775,0.28791618451737155,0.03370592516763247,-0.08865828407128067,0.1715189418445834,-0.238218497539233,-0.09495304771100381,0.03317551457962882,0.16099985578317366,Entertainment,Communication Services,CNK
2012Q4,2012,Q4,2013-02-28,2012-12-31,27822000.0,611534000.0,86152000.0,0.24,372836000.0,0.6096733787491783,3863226000.0,1084065000.0,845161000.0,338204000.0,2768242000.0,12571000.0,106111000.0,2960628840.0,4132145840.0,9.512846838308851,2.498968078437866,0.4954877089769017,1.7657437515278143,0.011861018568881075,9.512846838308851,0.02566451273678239,4.841315184437824,26.603307095104594,2.7310436551313804,0.8673352023578463,18.98798822687137,0.008150633295864266,0.15829620115416493,2.3858824851273197,0.007201753146204752,63.220773862908395,0.6096733787491783,-0.4146341463414634,1.4857195377315735,0.45952388453982523,-0.0016300363522219732,-0.035719920237322414,-0.412852168407724,-0.08497870487398171,-0.32293337856704984,0.10601419409183978,0.16868113096058893,Entertainment,Communication Services,CNK
2012Q3,2012,Q3,2012-11-06,2012-09-30,47385000.0,633573000.0,94153000.0,0.41,386647000.0,0.6102643262891569,3581318000.0,1076369000.0,633426000.0,282061000.0,2493220000.0,10662000.0,102854000.0,2556155250.0,3716424250.0,9.49555820210842,2.2457057161394167,0.4749726218112996,1.5803390844589542,0.020012055474295014,9.49555820210842,0.04402300697994833,4.034507862550961,13.486099240265908,2.3747945639460077,0.5092328796032499,23.15944475708122,0.009439958703603781,0.17691056756199813,2.1309043079333905,0.013231162382117422,55.739445910290236,0.6102643262891569,-0.08888888888888896,2.9022406119713464,0.26206598685133686,-0.07044106909045086,-0.00991247522521369,-0.08236182656183431,-0.17343669069169249,1.1596297816287804,0.22117629607795133,0.189385475912656,Entertainment,Communication Services,CNK
2012Q2,2012,Q2,2012-08-06,2012-06-30,51638000.0,649606000.0,113909000.0,0.45,390518000.0,0.6011613193227895,3542360000.0,1046854000.0,627246000.0,290264000.0,2484224000.0,12495000.0,79749000.0,2588927850.0,3770671850.0,9.23958305751935,2.1609500316952843,0.48160717713614654,1.6296694668024385,0.02474324959960897,9.23958305751935,0.0493268402279592,3.985381677509136,12.534024603973817,2.4730553162141047,0.4671753359928735,20.73533413365346,0.00931814302974878,0.18338226493072415,2.0465610616542182,0.014577287458078795,83.42499436084168,0.6011613193227895,0.21621621621621626,-0.019836347085592926,0.34138803232507325,-0.154759489014698,0.10019946358944308,0.22643929317879535,0.27289692472733773,1.648213767076789,0.20187943311988854,0.1790751599259759,Entertainment,Communication Services,CNK
2012Q1,2012,Q1,2012-05-07,2012-03-31,42104000.0,578818000.0,89488000.0,0.37,354952000.0,0.6132359394490151,3574703000.0,1054653000.0,619310000.0,295810000.0,2508716000.0,11273000.0,52386000.0,2476508750.0,3659987750.0,9.347688898736981,2.0936073831175417,0.4789334946147974,1.6233253970737294,0.01862478260359977,9.347688898736981,0.039922135527040645,4.2785620868735945,14.704711844480332,2.348173996565695,0.5695895876876307,19.85860019515657,0.00968379376814235,0.16192058473109514,1.9890808289104494,0.011778321164023976,48.79243340688785,0.6132359394490151,1.2857827301100586,-0.7077946511171798,0.256167776362792,0.07108284393111475,0.09748533654069129,1.3054262716968734,0.45587062976881904,1.304366076582128,0.3068105788226007,0.25100207047627593,Entertainment,Communication Services,CNK
2011Q4,2011,Q4,2012-02-29,2011-12-31,18263000.0,535871000.0,61467000.0,0.16187015289164636,323423000.0,0.60354637590017,3522408000.0,1012877000.0,627118000.0,305027000.0,2498769000.0,11284000.0,34423000.0,2086134249.9999998,3278119250.0,8.977416352758697,2.05594258868887,0.4864266149747559,1.6916101362751845,0.01328947372413227,8.977416352758697,0.018030817167336212,3.8929784407068113,28.55683964846958,2.0596126183139707,1.3131467995400536,18.82736618220489,0.011495904446226316,0.15213200742219526,1.9472079520829304,0.005184805394491496,52.16248468481984,0.60354637590017,-0.605194749044765,1.222122572928593,-0.6615772626031223,-0.636682001261348,-0.1542639429312581,-0.6107630008525149,-0.39327805744743854,1.1960637697866667,0.26320662383711113,0.20025923983214494,Entertainment,Communication Services,CNK
2011Q3,2011,Q3,2011-11-04,2011-09-30,46920000.0,640013000.0,101310000.0,0.41,382416000.0,0.5975128630199699,3458188000.0,1018221000.0,583574000.0,261377000.0,2428587000.0,11746000.0,40317000.0,2129984960.0,3328288960.0,9.025421700630224,2.2326907111184227,0.4943915715397775,1.6791040451925465,0.021899889433424646,9.025421700630224,0.04608036958577755,3.32803389931142,11.34902472293265,2.0918690146834527,0.51114663256607,21.930614677336965,0.011259703918284944,0.18507177747421483,2.1204543628551864,0.013567799090159356,30.85459070299712,0.5975128630199699,0.17142857142857143,0.6440130987497901,-0.42736711552935025,-0.5394505674969255,0.03820059998099608,0.16107000569151964,0.044422222451314934,1.17834240552682,0.27584350737331115,-0.015591868400376407,Entertainment,Communication Services,CNK
2011Q2,2011,Q2,2011-08-05,2011-06-30,40411000.0,620593000.0,97001000.0,0.35,368345000.0,0.5935371491460587,3503509000.0,1068008000.0,634083000.0,264030000.0,2424418000.0,12925000.0,17555000.0,2344558390.0,3501602390.0,9.43394959764683,2.4015566412907625,0.48749639290208757,1.599190268237691,0.021241616195925427,9.43394959764683,0.03783773155257264,3.777932380803522,14.504456645467819,2.1952629474685583,0.5933038034198609,19.516286266924563,0.010226232838671167,0.1771346955295391,2.296871567624891,0.011534435904117842,32.525815934408946,0.5935371491460587,0.5909090909090908,0.41104368764776356,-0.4466652383233977,0.0,0.2498939603191031,0.6188358770981052,0.9895192386578062,1.4637615961284676,0.2845265845418382,-0.021140204609875934,Entertainment,Communication Services,CNK
2011Q1,2011,Q1,2011-05-05,2011-03-31,24963000.0,483136000.0,48756000.0,0.22,294701000.0,0.6099752450655715,3404139000.0,1037876000.0,536466000.0,239662000.0,2354398000.0,10505000.0,1294000.0,2177687700.0,3382788700.0,9.222121519077323,2.238427451994893,0.49011189026065033,1.6075224786005264,0.012631081440086808,9.222121519077323,0.024052006212688222,4.507401021658498,21.809154548732124,2.0982156827983305,0.9572967992629091,17.93764873869586,0.010973566136227889,0.14192604943570167,2.141991638223832,0.007333131813947668,86.16656906580145,0.6099752450655715,-0.3486638781469497,-0.12319308778730459,-0.5666719460137194,0.0,4.0515264231474655,-0.34330360666087917,-0.27866136024026866,3.518370349886871,0.145077194601194,-0.01652880513397409,Entertainment,Communication Services,CNK
2010Q4,2010,Q4,2011-03-01,2010-12-31,38013000.0,524909000.0,67591000.0,0.3377672335661353,58339000.0,0.11114116923123818,3421478000.0,1021547000.0,577053000.0,271940000.0,2388326000.0,11686000.0,388000.0,1940224079.9999998,3149776080.0,9.077029020276875,2.121986467603148,0.48942269978062114,1.639228542592754,0.01817575324291152,9.077029020276875,0.03721121005690389,3.6963056072576386,12.760266750848393,1.8992998657917841,0.6269171073053955,39.9255519424953,0.012282601914723171,0.1534158629691613,2.009035081267927,0.011110110893596276,45.09003207064838,0.11114116923123818,0.16471459850391493,2.475391949390112,-0.5269891091371218,-0.5150635753672345,-0.8248998274180236,0.14043561742469698,-0.0839838456117526,1.671984974210019,0.2685418736511821,-0.04736896461851472,Entertainment,Communication Services,CNK
2010Q3,2010,Q3,2010-11-05,2010-09-30,33332000.0,560235000.0,73788000.0,0.29,333175000.0,0.5947057931046793,3312311000.0,983394000.0,506956000.0,216143000.0,2316919000.0,9594000.0,-13423000.0,1806081900.0000002,3048014900.0,8.766293156473136,2.3454657333339504,0.5049042798215506,1.7006408418192505,0.01798896515297135,8.766293156473136,0.03389485801214976,3.223793408123377,13.546156096243852,1.8365801499704089,0.6125045001800072,23.666875130289764,0.011304027796303146,0.1691371975638761,2.2346548349934996,0.010063064730334803,125.06626272418809,0.5947057931046793,-0.17142857142857143,2.297895424555703,-0.443513701915563,0.0,0.28472824724776835,-0.1600221763015977,-0.07414331781622897,2.352119433060976,0.12767708533179414,-0.1418317995500795,Entertainment,Communication Services,CNK
2010Q2,2010,Q2,2010-08-05,2010-06-30,39682000.0,539369000.0,79697000.0,0.35,259335000.0,0.4808118375360838,3305151000.0,948456000.0,513413000.0,250446000.0,2345217000.0,10302000.0,-26237000.0,1462372050.0,2703543050.0,8.528743694191913,2.0499948092602795,0.5073719778612232,1.7680746392030837,0.023054020605860287,8.528743694191913,0.04183852492893714,2.7112645517261837,9.213069212741294,1.5418449037171993,0.5092737261226753,27.182488837119006,0.013819328672207596,0.1631904260955097,1.9579829584022104,0.012006108041659821,54.988796345040235,0.4808118375360838,0.12903225806451607,2.55865974880303,-0.4595572946704511,0.0,0.06858103514345402,0.13076681959365116,0.11009429888707813,-0.23259548296638466,0.13472859619146188,-0.2197873396165044,Entertainment,Communication Services,CNK
2010Q1,2010,Q1,2010-05-06,2010-03-31,35093000.0,516631000.0,71793000.0,0.31,242691000.0,0.4697569445116534,3282680000.0,922956000.0,486245000.0,246880000.0,2343546000.0,9817000.0,-45606000.0,2027431980.0,3273627980.0,8.348991831528672,1.9695601101749838,0.5116018009675022,1.8196154529576707,0.01700607973542187,8.348991831528672,0.038022397600752364,3.924332802328935,14.44327914398883,2.1966724090855902,0.5712250306328898,27.90465518997657,0.009887384729918288,0.15738085954159406,1.8784632209980556,0.010690350567219467,82.4695728929385,0.4697569445116534,-0.14029476694596352,2.38663905369222,-0.47924997051211643,0.0,-0.04887483245937875,-0.11963775023832221,-0.025438798919461904,-0.7514328792082879,0.1443120289624459,-0.04335049959999824,Entertainment,Communication Services,CNK
2009Q4,2009,Q4,2010-03-10,2009-12-31,39862000.0,536367000.0,73667000.0,0.36058870887495814,255162000.0,0.4757227793656209,3276448000.0,899832000.0,507297000.0,280832000.0,2361820000.0,9854000.0,-60595000.0,1588560390.0,2834697390.0,8.13981383483948,1.8064073894712853,0.5139935076033558,1.8715415766498635,0.02021280403227941,8.13981383483948,0.04429938032877248,2.9617041876178063,9.962874354021373,1.7653966407062651,0.49405448798354323,28.537142277247817,0.012397388304513876,0.16370380363124945,1.723703139243391,0.012166223910771665,10.193011074893485,0.4757227793656209,0.8978353098682007,2.5750778205989593,-0.5079413863911043,-0.5651338990515892,0.08210278114689443,0.8971967064870782,0.32325627346374236,1.4948095146232392,-0.6542838163478919,-0.6705799579329634,Entertainment,Communication Services,CNK
2009Q3,2009,Q3,2009-11-09,2009-09-30,21011000.0,496825000.0,55671000.0,0.19,235802000.0,0.47461782317717505,3178716000.0,866610000.0,410097000.0,212446000.0,2296004000.0,8532000.0,-80704000.0,1124567640.0,2464885640.0,7.983583450791809,1.9303587735236247,0.5346249869444141,1.9609986037548608,0.013241356707770921,7.983583450791809,0.024245046791520983,2.2635085593518847,13.380701061348818,1.297662893343026,0.9366522297843987,30.593413033286453,0.017500058955991302,0.1562973854852085,1.8309264471912863,0.00660990160807068,-27.235835311213368,0.47461782317717505,0.11764705882352934,1.8454945030222687,-0.48999619446044645,0.0,-0.03145485911443358,0.12538832351365828,-0.2109000708717222,-0.23485681786216264,-0.5380024736415836,-0.5926135144082676,Entertainment,Communication Services,CNK
2009Q2,2009,Q2,2009-08-07,2009-06-30,18670000.0,517508000.0,70550000.0,0.17,243460000.0,0.47044683367213647,3208046000.0,850105000.0,444323000.0,243203000.0,2343737000.0,9179000.0,-81978000.0,1228027560.0,2555459560.0,7.8362969313164275,1.8269634831807173,0.5330874307912044,2.0117150234382812,0.02142031164633478,7.8362969313164275,0.02196199293028508,2.3729634324493536,16.443861274772363,1.4445598602525571,1.053776111408677,29.855975596470202,0.016020813083380638,0.16131564198268977,1.7417301595786236,0.005819741986243339,-23.9353596070635,0.47044683367213647,0.06250000000000006,1.7517484196005497,-0.46844135767015,0.0,0.19801790186941182,0.06290919442072303,0.39465464753093743,-0.31969376987764353,-0.5184765776188253,0.0,Entertainment,Communication Services,CNK
2009Q1,2009,Q1,2009-05-07,2009-03-31,17565000.0,425800000.0,50586000.0,0.16,203219000.0,0.47726397369657114,3087741000.0,810453000.0,346613000.0,203472000.0,2264445000.0,7705000.0,-80914000.0,1018467570.0000001,2371631570.0,7.472161013433152,1.7034923724148778,0.5371784744899265,2.0465936951309947,0.010762359373110564,7.472161013433152,0.021673064323285866,2.3918918976045096,14.495695559350983,1.2566645690743325,1.1155707372615997,28.887865022712525,0.01923968968398277,0.13790016714484796,1.6161093418259023,0.0056886247907450786,-50.054925541848924,0.47726397369657114,1.1937985638826538,1.707385957290895,-0.5625586360676647,0.0,-0.17588304473011881,1.1961539750075378,1.6368706643669189,-0.35984025865757746,-0.6037346665486459,0.0,Entertainment,Communication Services,CNK
2008Q4,2008,Q4,2009-03-13,2008-12-31,-89547000.0,407814000.0,-79429000.0,-0.8255995131980491,246590000.0,0.6046629100521316,3065708000.0,811256000.0,403381000.0,231170000.0,2241481000.0,8024000.0,-78859000.0,805880090.0,2099226090.0,7.479564459769691,1.744953930008219,0.5359117698097796,2.025191801354936,-0.029308817402352676,7.479564459769691,-0.11038069364047846,1.97609716684567,-2.249880202575184,0.9933733494729161,-0.2187677979161781,20.092721834496512,0.024308827383984634,0.13302441067446735,1.657823246961111,-0.029209239757993912,15.263747750819176,0.6046629100521316,-5.345260595779206,-2.606278981925862,-0.6186864237154003,-0.6004074418150996,-0.12703470053881066,-5.379254694835681,-2.5078211017882226,-2.606278981925862,-0.6186864237154003,-0.6004074418150996,Entertainment,Communication Services,CNK
2008Q3,2008,Q3,2008-11-10,2008-09-30,20448000.0,476223000.0,52678000.0,0.19,282474000.0,0.5931548875211823,3249573000.0,981942000.0,421025000.0,211406000.0,2249239000.0,7283000.0,30303000.0,1456573600.0,2748422600.0,9.168373778022614,1.9915470705656415,0.5118044740031998,1.693731401651014,0.012640759711932811,9.168373778022614,0.02082404052377839,3.0585956579165643,17.808264866979655,1.4833601169926534,0.9461071987480438,26.60291088837018,0.013281855444860458,0.14654940818378293,1.8897382288109137,0.006292519047887215,128.4909668313338,0.5931548875211823,0.35714285714285704,1.833963806898345,-0.5045353854992723,0.0,0.045309551123117346,0.317271146041358,-0.003989487417043242,1.833963806898345,-0.5045353854992723,0.0,Entertainment,Communication Services,CNK
2008Q2,2008,Q2,2008-08-08,2008-06-30,15523000.0,457234000.0,52889000.0,0.14,270230000.0,0.5910102923229681,3333041000.0,1032592000.0,450453000.0,225412000.0,2282153000.0,8195000.0,29225000.0,1399261460.0,2660442460.0,9.637692386668036,1.9983541248913101,0.4972789113605263,1.6051363946263384,0.010671291211590127,9.637692386668036,0.015033043060569906,3.0602743015611265,22.53529375764994,1.3550961657653748,1.2451201443020035,22.81928004881025,0.013813001038419223,0.13718223088164833,1.9059455574681028,0.00465730844595071,15.019175226748242,0.5910102923229681,1.8,1.6328632169002937,-0.5244692299040655,0.0,1.7843549400842837,1.9561988192725195,0.5518162079690159,1.6328632169002937,-0.5244692299040655,0.0,Entertainment,Communication Services,CNK
2008Q1,2008,Q1,2008-05-09,2008-03-31,5251000.0,401016000.0,34082000.0,0.05,97053000.0,0.24201777485187623,3240885000.0,1003023000.0,356059000.0,167846000.0,2219714000.0,7670000.0,33055000.0,1368082350.0,2715124350.0,9.377114009255363,2.1213433742835694,0.5097515030616637,1.6470669167107832,0.007244704898421894,9.377114009255363,0.005235174068790048,3.41154056197259,65.1343720243763,1.363959101635755,3.6697771852980385,39.63011734028683,0.014085409405362185,0.12373657195488269,2.003092120157764,0.0016202364477604112,-223.7988467201047,0.24201777485187623,1.0994745652376081,1.2144323056542543,-0.5822506261266382,0.0,1.2871942829242309,1.0976657676927368,1.5579405583908736,1.2144323056542543,-0.5822506261266382,0.0,Entertainment,Communication Services,CNK
2007Q4,2007,Q4,2008-03-28,2007-12-31,-53765000.0,393284000.0,13324000.0,-0.502641050811013,-337935000.0,-0.8592645518251442,3296892000.0,1019203000.0,414035000.0,218322000.0,2261507000.0,7000000.0,47074000.0,1818405000.0,3125277000.0,9.5283784415463,1.896441952712049,0.4989289913045377,1.6139228397090668,0.022272778362493008,9.5283784415463,-0.05275200328099505,4.623643473927238,-8.455338045196688,1.7841440812085523,-0.3575002324932577,104.45985714285715,0.01057025250150544,0.1192893185460731,1.794367951924222,-0.016307783209155775,50.99856966569441,-0.8592645518251442,-1.2847320491409682,-1.195572826795083,-0.627122367272407,-0.49095042401324807,-2.1977946414963263,-1.2980424004103266,-0.7994702305701041,-1.195572826795083,-0.627122367272407,-0.49095042401324807,Entertainment,Communication Services,CNK
2007Q3,2007,Q3,2007-11-13,2007-09-30,-23396000.0,471499000.0,66444000.0,-0.22,282131000.0,0.5983703040727552,3290320000.0,1087553000.0,388549000.0,189936000.0,2184656000.0,6539000.0,120060000.0,2057968449.9999998,3375593450.0,10.21512234067534,2.045683809283127,0.5016840307325732,1.5178120054838706,-0.01487795961337723,10.21512234067534,-0.02151251479238253,4.364735556172971,-21.99060149170798,1.8922925595350293,0.0,28.959779782841412,0.0,0.1432988280775122,1.937073540561031,-0.007110554596513409,3266.616587301587,0.5983703040727552,-1.488888888888889,0.040102972547712244,-0.5065198137632608,0.0,0.09232859952610305,-1.4887403384165447,0.5268164897283882,0.040102972547712244,-0.5065198137632608,0.0,Entertainment,Communication Services,CNK
2007Q2,2007,Q2,2007-08-13,2007-06-30,47870000.0,440036000.0,43518000.0,0.45,258284000.0,0.5869610668218055,3361459000.0,1125378000.0,439579000.0,243013000.0,2218781000.0,6786000.0,157296000.0,1841775500.0,3147429500.0,10.931306459446333,1.8088703073498125,0.5034096801418669,1.503664546490157,0.032038490052725306,10.931306459446333,0.04253681874001446,4.18551095819433,9.618631188635888,1.636583885592219,0.0,26.78337754199823,0.0,0.13090625231484304,1.7281297708353052,0.014240840063793728,-51.65546206703127,0.5869610668218055,-0.64,3.031079716376955,-0.5237251382018044,0.0,0.11199417921307438,-0.5950461462977219,5.214410226612435,3.031079716376955,-0.5237251382018044,0.0,Entertainment,Communication Services,CNK
2007Q1,2007,Q1,2007-05-15,2007-03-31,118211000.0,378022000.0,-10326000.0,1.25,232271000.0,0.6144377840443149,3114760000.0,807810000.0,205835000.0,293149000.0,2290096000.0,6388000.0,109426000.0,1750328510.0,3270092510.0,8.727325763550523,0.7021514656369287,0.5402852868278776,2.0832361570171205,-0.0030542393023984754,8.727325763550523,0.14633515306817196,4.630229219463417,3.701703965789986,2.166757665787747,0.0,22.816374452097683,0.0,0.12136472794051548,0.6414963039273543,0.03795188072275232,13.557823022284877,0.6144377840443149,2.715283585026317,6.578529651369944,-0.5449230486897437,0.0,1.080871154431922,6.814894977618181,-1.3538482626276471,6.578529651369944,-0.5449230486897437,0.0,Entertainment,Communication Services,CNK
