Quarters,Year,Quarter,FillingDate,Date,NetIncome,Revenue,OperatingIncome,EPSDiluted,GrossProfit,GrossProfitRatio,TotalAssets,CommonStockEquity,CurrentAssets,CurrentLiability,TotalLiability,Inventory,RetainedEarnings,MarketCap,EnterpriseValue,bookValuePerShare,currentRatio,debtToAssets,debtToEquity,roic,shareholdersEquityPerShare,roe,priceToSalesRatio,peRatio,pbRatio,payoutRatio,inventoryTurnover,dividendYield,assetTurnover,quickRatio,returnOnAssets,priceToFreeCashFlowsRatio,grossProfitMargin,epsdilutedGrowth,fiveYNetIncomeGrowthPerShare,fiveYRevenueGrowthPerShare,fiveYShareholdersEquityGrowthPerShare,grossProfitGrowth,netIncomeGrowth,operatingIncomeGrowth,threeYNetIncomeGrowthPerShare,threeYRevenueGrowthPerShare,threeYShareholdersEquityGrowthPerShare,Industry,Sector,Symbol
2023Q1,2023,Q1,2023-05-05,2023-03-31,79592000.0,106994000.0,112703000.0,1.0,120254000.0,1.1239321831,4293255000.0,2172922000.0,39752000.0,76466000.0,2120333000.0,0.0,88950000.0,3139129812.0,5089018812.0,27.314417451685813,0.5198650380561295,0.4634341542722247,0.9156522875648551,0.02457054389668966,27.314417451685813,0.03662901843692502,29.339306989176965,9.86006700422153,1.444658304347786,0.7489320534727109,0.0,0.018989020387794018,0.02492141743269384,1.6328041220934795,0.018538847564377146,157.19227901852778,1.1239321831130717,-0.27007299270073,0.705875244287746,0.8430515529258393,0.15102032013447755,-0.07774309576581205,-0.2513568170060669,-0.7119066060331848,1.376630377304329,1.5081287002720063,0.3192753240625186,Asset Management,Financial Services,MAIN
2022Q4,2022,Q4,2023-02-24,2022-12-31,106315000.0,130391000.0,391203000.0,1.37,130391000.0,1.0,4241885000.0,2108586000.0,132233000.0,86348000.0,2133299000.0,0.0,77271000.0,2874797830.15,4824778830.15,27.101819781161698,1.531396210682355,0.4712768026478794,0.948077052584054,0.09027129111797505,27.101819781161698,0.05042004452272755,22.04751731446189,6.7600946013027325,1.363377083102136,0.48063772750787753,0.0,0.01777481514146467,0.030738928565955937,1.531396210682355,0.025063149991100656,276.63566494899925,1.0,0.8513513513513515,0.2971932650713951,0.17865106430599784,0.14517516615931136,0.7284754165727694,0.9211933933282735,22.68651255612839,4.441922104086185,3.2936632365486656,0.12498685655568399,Asset Management,Financial Services,MAIN
2022Q3,2022,Q3,2022-11-04,2022-09-30,55338000.0,75437000.0,-18039000.0,0.74,75437000.0,1.0,4134966000.0,1979420000.0,95212000.0,73620000.0,2155546000.0,0.0,25665000.0,2524228600.08,4501454600.08,26.37942094384385,1.293289866883999,0.49296269908869866,1.0297885239110447,-0.004328629460036089,26.37942094384385,0.027956674177284254,33.46141283561117,11.403685532906865,1.2752364834547494,0.8855397737540207,0.0,0.019413455658670108,0.01824368084284127,2.124015213257267,0.013382939545331207,-11.584716351970922,1.0,2.7,0.20682174455829774,0.15539526360772696,0.13299512369403785,0.8086070486693838,2.7519831853006984,-0.08400937443663241,0.37694007646796146,0.5899800349681419,0.08988455589155368,Asset Management,Financial Services,MAIN
2022Q2,2022,Q2,2022-08-05,2022-06-30,14749000.0,41710000.0,-16641000.0,0.2,41710000.0,1.0,3825745000.0,1865163000.0,60862000.0,60619000.0,1960582000.0,0.0,27123000.0,2824426970.07,4637984970.07,25.444003740064456,1.004008644154473,0.4853802331310634,0.995591806185304,-0.0026303678169386988,25.444003740064456,0.007907619870220458,67.71582282594103,47.874889315716324,1.514305704150254,3.223879585056614,0.0,0.01683491926109938,0.010902451679346115,1.7196753493129218,0.0038551968309440384,275.7690851464558,1.0,-0.7802197802197801,-0.7361404346324103,-0.4236700663776531,0.11410125260701469,-0.5011541267506249,-0.7737987515911845,-0.24998122136257794,-0.6692749003309715,-0.3246034209500624,0.05183010890628109,Asset Management,Financial Services,MAIN
2022Q1,2022,Q1,2022-05-06,2022-03-31,65203000.0,83613000.0,-13313000.0,0.91,83613000.0,1.0,3780983000.0,1873654000.0,68320000.0,59319000.0,1907329000.0,0.0,65192000.0,3057643020.64,4854190020.639999,26.128820801088008,1.151738903218193,0.47990139072299454,0.9684280021818329,-0.003347952255904856,26.128820801088008,0.03479991503233788,36.56899071484099,11.723551909574713,1.63191444132161,0.713494777847645,0.0,0.015214987389293866,0.022114090436270144,1.4543738094033951,0.017244986290602206,-61.550476490931416,1.0,-0.32089552238805974,0.593776012025932,0.5653593979008208,0.15790362556173618,-0.3155115673657842,-0.30891689366077013,0.2449951794929961,0.35872006758115477,0.27485584372494287,0.061710694121052186,Asset Management,Financial Services,MAIN
2021Q4,2021,Q4,2022-02-25,2021-12-31,94349000.0,122154000.0,-17633000.0,1.34,122154000.0,1.0,3690290000.0,1788846000.0,91613000.0,75665000.0,1901444000.0,0.0,51793000.0,3147307932.42,4910734932.42,25.49722915046851,1.2107711623604045,0.4866977933983508,1.0040305314152251,-0.004439996879556578,25.49722915046851,0.05274294153884683,25.765082866054325,8.339537070928149,1.7594068647720373,0.4882510678438563,0.0,0.014636635813572694,0.03310146357061369,1.6420009251305094,0.025566825371447773,-8.82436804814656,1.0,0.09836065573770501,0.49838940087016265,0.6323559710744293,0.13478160353576077,0.09327676941252282,0.12379103339844681,-0.1382003614768913,7.656895885366762,4.7033639313062015,0.05693722388644791,Asset Management,Financial Services,MAIN
2021Q3,2021,Q3,2021-11-05,2021-09-30,83956000.0,111732000.0,-15492000.0,1.22,111732000.0,1.0,3243772000.0,1684307000.0,62639000.0,62844000.0,1559465000.0,0.0,7696000.0,2836797048.6,4250808048.6,24.402527397637957,0.9967379542995354,0.45427977058806845,0.8748880103211588,-0.0042796379248469145,24.402527397637957,0.04984601975768076,25.38929803995274,8.447273121039593,1.6842517715594605,0.4555957882700462,0.0,0.013483516566289759,0.03444508430308912,1.9446247851823564,0.025882213669764707,-56.15418362959737,1.0,-0.12230215827338126,0.48206738872818583,0.6332668673971449,0.12194427707608245,-0.05237178454205433,-0.11727473451792661,-0.18521918751434474,0.07599444590763592,0.17927469011928363,-0.014344739876527042,Asset Management,Financial Services,MAIN
2021Q2,2021,Q2,2021-08-06,2021-06-30,95110000.0,117907000.0,-13071000.0,1.39,117907000.0,1.0,3090155000.0,1604841000.0,54386000.0,58862000.0,1485314000.0,0.0,-33427000.0,2815268324.4700003,4171214324.4700003,23.423314970310816,0.9239577316435051,0.4578223422449683,0.8815465208079803,-0.003927150838842475,23.423314970310816,0.059264438034671345,23.877024472423184,7.400032395305437,1.7542350453845585,0.40138786668068555,0.0,0.013560341537671005,0.03815569121937249,1.9228364649519214,0.030778391375189916,-33.819880644258376,1.0,0.6547619047619047,1.310159727403444,1.1635387965674442,0.09627356942478361,0.6927527493037011,0.6585289296550763,-0.12429038362291416,0.49776294858306697,0.4818348789232003,-0.03175886552059955,Asset Management,Financial Services,MAIN
2021Q1,2021,Q1,2021-05-07,2021-03-31,57346000.0,69654000.0,-11626000.0,0.84,69654000.0,1.0,2912705000.0,1540164000.0,45012000.0,68336000.0,1372541000.0,0.0,-86397000.0,2667155450.4,3903719450.4,22.607388928514474,0.6586864902833061,0.44685781773300076,0.8450820821678731,-0.004043087936915939,22.607388928514474,0.03723369719068878,38.29149008527867,11.627469441634988,1.7317347051352974,0.6634290098699125,0.0,0.014264260448071858,0.02391385327384682,1.60988351674081,0.019688227953053947,-106.89573365396177,1.0,-0.29411764705882354,1.5309668490277033,1.2961093554923733,0.06109624782111238,-0.24418932702532606,-0.27645507652320933,0.04618918697185987,0.4352138331701311,0.4010697393027286,-0.04733227102753552,Asset Management,Financial Services,MAIN
2020Q4,2020,Q4,2021-02-26,2020-12-31,79257000.0,92158000.0,-12189000.0,1.19,92158000.0,1.0,2769364000.0,1514767000.0,49761000.0,43380000.0,1254597000.0,0.0,-101850000.0,2156777882.7799997,3333483882.7799997,22.657123763256138,1.1470954356846472,0.4364269196826419,0.797894989790509,-0.004435819686218756,22.657123763256138,0.052322898505182645,23.403045669176844,6.8031148125086744,1.4238347434159841,0.4641735114879443,0.0,0.017057389309176548,0.03327767675177405,1.8828953434762563,0.028619206431512795,-83.57336702367574,1.0,0.00847457627118645,6.89529925590333,4.04216136846109,0.06271508204093251,0.01723015110875636,0.01358143103779014,-0.11877007801743919,0.12538100013534573,-0.030556539849276365,-0.042633458572619916,Asset Management,Financial Services,MAIN
2020Q3,2020,Q3,2020-11-06,2020-09-30,78195000.0,90597000.0,-10895000.0,1.18,90597000.0,1.0,2657468000.0,1423182000.0,42758000.0,46082000.0,1234286000.0,0.0,-147121000.0,1954889111.35,3115241111.35,21.52730377168971,0.92786771407491,0.4468437625589471,0.8343788777542156,-0.004094374048025994,21.52730377168971,0.054943780907852964,21.57785700795832,6.250045115896157,1.37360443804798,0.46509367606624463,0.0,0.018603612751664018,0.03409147353796922,1.516405537954082,0.029424625244781875,-28.755981161925213,1.0,0.7878787878787877,1.8635122623007143,1.735021067822009,-0.012671277769279964,0.9486159206762308,0.8030159791556181,-0.025991147942367454,0.935532840822718,0.5749322771050595,-0.07540312383935531,Asset Management,Financial Services,MAIN
2020Q2,2020,Q2,2020-08-07,2020-06-30,43369000.0,46493000.0,-10619000.0,0.66,46493000.0,1.0,2545795000.0,1370944000.0,54515000.0,42574000.0,1174851000.0,0.0,-184642000.0,2032900445.3999999,3096249445.3999996,20.993397299198605,1.2804763470662845,0.44461081901724214,0.825626721441576,-0.005129222353718733,20.993397299198605,0.03163440665701881,43.72487138709052,11.71862646936752,1.482847180774707,0.8223846526320644,0.0,0.017544390863165088,0.018262664511478732,2.8903556161037254,0.01703554292470525,-93.86371989103333,1.0,1.2481203007518797,-0.18807423054809932,-0.21110402145951207,-0.039966065444165616,1.272175389298677,1.25297191987774,-0.19556406214816482,-0.12906844490725428,-0.2788710884478498,-0.08077476852883707,Asset Management,Financial Services,MAIN
2020Q1,2020,Q1,2020-05-08,2020-03-31,-171438000.0,-170820000.0,-8882000.0,-2.66,-170820000.0,1.0,2475487000.0,1336170000.0,45135000.0,46905000.0,1139317000.0,0.0,-187832000.0,1323643020.21,2353493020.21,20.704106984715665,0.9622641509433962,0.4379089851815017,0.8113024540290532,-0.003501162414559536,20.704106984715665,-0.128305529984957,-7.7487590458377245,-1.9302065764445455,0.9906247110846674,-0.20788273311634528,0.0,0.026924933275699788,-0.06900460394257776,2.117535443982518,-0.06925425178964785,21.570702544041197,1.0,-11.64,-4.455561859994796,-3.8668130258509685,-0.11979367567322356,-7.86217008797654,-11.705507680779318,0.12302527646129542,-5.656195106481379,-4.553393856496738,-0.08249359111444939,Asset Management,Financial Services,MAIN
2019Q4,2019,Q4,2020-02-28,2019-12-31,16014000.0,24893000.0,-10128000.0,0.25,24893000.0,1.0,2711549000.0,1536390000.0,50458000.0,44998000.0,1175159000.0,0.0,23312000.0,2749340250.0,3808106250.0,24.09078792630341,1.1213387261656074,0.41083970822581484,0.7250841257753565,-0.004144558890450236,24.09078792630341,0.010423134750942144,110.44632025067288,42.92088563132259,1.7894806982602074,3.059198201573623,0.0,0.017818820351537066,0.009180361483417781,2.3490821814302856,0.005905849387195289,-76.95197744066279,1.0,-0.5370370370370371,-0.48633305129544785,-0.3320312379046321,0.153102605738363,-0.37803263123703873,-0.5276384874048728,0.0004934372841211882,-0.7202199684345666,-0.6340566003780264,0.07218642434125822,Asset Management,Financial Services,MAIN
2019Q3,2019,Q3,2019-11-08,2019-09-30,33902000.0,40023000.0,-10133000.0,0.54,40023000.0,1.0,2665378000.0,1532055000.0,52145000.0,55462000.0,1133323000.0,0.0,49720000.0,2735104117.03,3742806117.03,24.203867098809198,0.9401932854927698,0.3976858066660714,0.6918700699387424,-0.004434004025169812,24.203867098809198,0.02212844839121311,68.3383083984209,20.169194420904372,1.785251911341303,1.033596837944664,0.0,0.0128115780974548,0.015015881424698485,1.8828387003714255,0.012719396648430354,-257.3973383239225,1.0,-0.11475409836065566,0.11520851802566133,-0.27937710717392805,0.1472370301940544,-0.24447842337750594,-0.11376588069221519,0.10224151678922655,-0.34741305800349664,-0.36205084603409765,0.11281055982945311,Asset Management,Financial Services,MAIN
2019Q2,2019,Q2,2019-08-09,2019-06-30,38254000.0,52974000.0,-11287000.0,0.61,52974000.0,1.0,2629778000.0,1521082000.0,46810000.0,45146000.0,1108696000.0,0.0,54774000.0,2590657442.0,3560976442.0,24.190221904297605,1.036858193416914,0.3958003299137798,0.6842938119049466,-0.004042818609735766,24.190221904297605,0.025149203001547583,48.904319892777586,16.93063105818999,1.7031675097069061,1.2511371359857792,0.0,0.018474461047637034,0.02014390568329342,2.599521552296992,0.014546475025648552,69.8629373280837,1.0,-0.08955223880597023,-0.10183608568156588,-0.08758824056829155,0.13377722099772968,-0.06378240814378877,-0.07601265669911354,0.06819119953768678,0.012426626386459949,0.05915310345652581,0.13216685792830912,Asset Management,Financial Services,MAIN
2019Q1,2019,Q1,2019-05-10,2019-03-31,41401000.0,56583000.0,-12113000.0,0.67,56583000.0,1.0,2594899000.0,1522497000.0,46714000.0,40721000.0,1072402000.0,0.0,70343000.0,2325493621.92,3290119621.92,24.61011360794384,1.1471722207214952,0.389993598980153,0.6646935921712818,-0.004449432939414451,24.61011360794384,0.027192828622979226,41.09880391495679,14.042496690418108,1.52742082376517,0.7822516364339026,0.0,0.013926505622174574,0.021805472968312062,2.3104049507625057,0.0159547635572714,-94.67851241429851,1.0,3.1875,-0.019575999331839972,0.04745367577948956,0.22066120051769914,2.0292306868676055,3.3557075223566546,-0.7015030200870909,1.0121849327566015,1.0540272997219948,0.15509576494716554,Asset Management,Financial Services,MAIN
2018Q4,2018,Q4,2019-03-01,2018-12-31,9505000.0,18679000.0,-7119000.0,0.16,18679000.0,1.0,2553426000.0,1476049000.0,40875000.0,64205000.0,1077377000.0,0.0,65491000.0,2068722090.3300002,3010687090.33,24.123693038942307,0.6366326610077097,0.3901213506872727,0.6748732596275598,-0.002367721165039787,24.123693038942307,0.006439488119974337,110.75122278119815,54.41141742056812,1.4015267042828525,4.984744871120463,0.0,0.02290302801979651,0.00731526975913929,1.480507748617709,0.003722449759656242,-363.50765952029525,1.0,-0.8584070796460177,-0.708187025619499,-0.4787206574844446,0.21030605514101747,-0.7762190008386246,-0.8617253418679081,0.34980363503516304,0.03458735103846563,0.11666112899337362,0.1315033935854493,Asset Management,Financial Services,MAIN
2018Q3,2018,Q3,2018-11-02,2018-09-30,68740000.0,83470000.0,-10949000.0,1.13,83470000.0,1.0,2524463000.0,1505442000.0,42702000.0,60297000.0,1019021000.0,0.0,13155000.0,2343505479.84,3237761479.84,24.757669729861792,0.7081944375342056,0.37416234660599107,0.6274296851024483,-0.004235980360945236,24.757669729861792,0.04566100852772807,28.076021083503058,8.52307782892057,1.5566893177153287,0.45353505964503926,0.0,0.013303147898817163,0.033064457668819075,1.5424482146707132,0.027229553374321588,77.29749587175935,1.0,0.21505376344086002,0.4967774974575562,0.7024567863879391,0.15794992736006772,0.20133561693124738,0.239653026996808,0.14017590702057484,1.736819345667574,1.7396419825306877,0.1354862958704827,Asset Management,Financial Services,MAIN
2018Q2,2018,Q2,2018-08-03,2018-06-30,55451000.0,69481000.0,-12734000.0,0.93,69481000.0,1.0,2461345000.0,1447354000.0,52038000.0,51442000.0,1013991000.0,0.0,-1168000.0,2277082263.06,3188312263.06,24.19161315936547,1.0115858636911472,0.38666420188961725,0.657554406178447,-0.0051866717458880175,24.19161315936547,0.038311981726654294,32.772733021401535,10.266191155524698,1.5732725118112085,0.8227083370904041,0.0,0.020034410148491825,0.028228874863133774,1.7985692624703549,0.022528739368109712,240.604634727388,1.0,0.5762711864406781,0.3438215656240588,0.4104288362421767,0.28468139770392226,0.6178312804153957,0.6064837616247066,-0.35338505686045274,0.13311334311937492,0.2868421752313224,0.10628924102364824,Asset Management,Financial Services,MAIN
2018Q1,2018,Q1,2018-05-04,2018-03-31,34517000.0,42947000.0,-9409000.0,0.59,42947000.0,1.0,2401175000.0,1396600000.0,54470000.0,56610000.0,1004575000.0,0.0,10015000.0,2171648098.7999997,3081836098.7999997,23.730612721497895,0.9621974916092563,0.39117432090539006,0.6725461835887154,-0.004145617169438203,23.730612721497895,0.02471502219676357,50.5657694088062,15.728829988121795,1.5549535291422025,0.9233710925051424,0.0,0.014676410979113833,0.017885826730663114,1.4760642995937114,0.014375045550615844,-15.169695500743936,1.0,-0.43809523809523815,-0.1387129967172393,-0.10149351659611172,0.276236442061778,-0.48216072828118406,-0.43821815696103644,-0.0004253056884635832,-0.2370663848447544,-0.20962060207377958,0.008874008090852285,Asset Management,Financial Services,MAIN
2017Q4,2017,Q4,2018-02-23,2017-12-31,61442000.0,82935000.0,-9405000.0,1.05,82935000.0,1.0,2265395000.0,1380368000.0,38725000.0,77303000.0,885027000.0,0.0,7921000.0,2317324836.71,3062967836.71,23.666091076752725,0.500950803979147,0.3518905091606541,0.5775061432893257,-0.0036090561248805554,23.666091076752725,0.04451131872080489,27.94145821076747,9.428911968645226,1.678773223307118,0.7498779336610136,0.0,0.019882408918299573,0.0366095095998711,1.1675226058497084,0.02712198093489215,18.705904301754895,1.0,0.7213114754098362,0.38926137944044975,-0.24172924840848886,0.18860234901668083,0.6689809224824922,0.7605662053353964,0.07992565055762081,1.1549106039645962,1.4333180564007981,0.13277454318748766,Asset Management,Financial Services,MAIN
2017Q3,2017,Q3,2017-11-03,2017-09-30,34899000.0,49692000.0,-10222000.0,0.61,49692000.0,1.0,2269682000.0,1329666000.0,65464000.0,52073000.0,940016000.0,0.0,29099000.0,2270086884.0,3126703884.0,23.28290774794856,1.257158220190886,0.390698344525797,0.6669050724016408,-0.004077822342408368,23.28290774794856,0.02624644083551809,45.68314585848829,16.261833319006275,1.70726098433742,0.8550961345597295,0.0,0.013145752354384335,0.021893815961883646,1.8360378699133908,0.015376162828096623,-34.06390690555506,1.0,-0.1973684210526316,-0.39632862849594735,0.19706457232637914,0.3291866944508555,-0.10387362042847868,-0.18515491839641365,0.021724566944205187,0.27241268978792194,-0.008325506929333733,0.10358455655017193,Asset Management,Financial Services,MAIN
2017Q2,2017,Q2,2017-08-04,2017-06-30,42829000.0,55452000.0,-10449000.0,0.76,55452000.0,1.0,2164718000.0,1282745000.0,58748000.0,61151000.0,881973000.0,0.0,22751000.0,2160174435.7200003,2959197435.7200003,22.83814301485173,0.960703831499076,0.3791819534923256,0.63989491286265,-0.004727318336557183,22.83814301485173,0.03338855345372619,38.95575336723653,12.609297647154966,1.6840248340239097,1.0252866048705316,0.0,0.02032798799665632,0.025616269648055773,1.3171820575297215,0.01978502511643549,-53.864313677438666,1.0,0.3333333333333335,-0.1360376983312465,0.29630072174883215,0.17168805429622375,0.35044566752715406,0.36181240063593006,-1.6293407146451937,0.12577063358786014,0.06924826397949245,0.07040631634417227,Asset Management,Financial Services,MAIN
2017Q1,2017,Q1,2017-05-05,2017-03-31,31450000.0,41062000.0,-3974000.0,0.57,41062000.0,1.0,2076489000.0,1243934000.0,46164000.0,39545000.0,832555000.0,0.0,33943000.0,2109640255.9,2869045255.9,22.565626554983865,1.1673789353900619,0.38189944661397196,0.637501668094931,-0.001654382809763078,22.565626554983865,0.0252826918469951,51.37694841702791,16.76979535691574,1.6959422733842795,0.9091573926868044,0.0,0.013553495635113318,0.01977472551022423,2.01717031230244,0.015145758056026302,37.830223718753366,1.0,-0.36666666666666675,-0.3554557494275866,-0.0264161594955948,0.42493901026376635,-0.2800687285223368,-0.3446824470745124,0.5705176699448827,-0.16417253466332515,-0.14693555908669345,0.11925467878171413,Asset Management,Financial Services,MAIN
2016Q4,2016,Q4,2017-02-24,2016-12-31,47992000.0,57036000.0,-9253000.0,0.9,57036000.0,1.0,2080279000.0,1201481000.0,37123000.0,30540000.0,878798000.0,0.0,19033000.0,1966209711.0800002,2789987711.08,22.468842525314173,1.215553372626064,0.40776165120159363,0.7060103322482836,-0.004533978263406845,22.468842525314173,0.03994403573589595,34.47313470579985,10.242382642315388,1.6364883931414649,0.8515377562927154,0.0,0.020784659830386333,0.027417476213527126,2.017125081859856,0.023069982439855422,-37.68273431484534,1.0,0.09756097560975618,0.1717169753944026,-0.17365426884099183,0.4881592757771876,0.09375419487218824,0.11141474259512285,0.025384453338950917,0.6859399404081173,0.8213219744473679,0.12728080715082965,Asset Management,Financial Services,MAIN
2016Q3,2016,Q3,2016-11-04,2016-09-30,43181000.0,52147000.0,-9494000.0,0.82,52147000.0,1.0,2007510000.0,1144350000.0,34003000.0,54025000.0,863160000.0,0.0,38421000.0,1806213799.4099998,2583566799.41,21.75021335394106,0.6293937991670523,0.4030540321094291,0.7070695154454494,-0.004920194368020869,21.75021335394106,0.03773408485166251,34.636964722994605,10.457225396644358,1.5783753217197534,0.5889164215743035,0.0,0.01407917490626343,0.025975960269189195,1.217677001388246,0.02150973096024428,40.310074080744506,1.0,0.36666666666666664,0.3186838979987906,0.3454809077439534,0.4990603281377429,0.27445804922159495,0.396946070977969,-0.15316409571237702,0.08667411905332369,0.22923218445533125,0.017287097213515585,Asset Management,Financial Services,MAIN
2016Q2,2016,Q2,2016-08-09,2016-06-30,30911000.0,40917000.0,-8233000.0,0.6,40917000.0,1.0,1985036000.0,1099112000.0,56847000.0,46590000.0,885924000.0,0.0,22111000.0,1689849037.3500001,2510489037.3500004,21.366304564472046,1.2201545396007727,0.4228306186890313,0.7636473807946779,-0.00401681898952766,21.366304564472046,0.028123612516285874,41.29943635530464,13.667052484148039,1.537467553215687,1.2045873637216524,0.0,0.022034512655871,0.02061272440399066,1.6213994419403306,0.015572009777152656,-53.52027102521062,1.0,0.818181818181818,-0.21535991024319764,0.13504934829182533,0.48958978428011046,0.8178062108489937,0.8386271710682845,-0.0342964824120603,-0.12875022163040967,-0.033979586084319204,0.13464504540604214,Asset Management,Financial Services,MAIN
2016Q1,2016,Q1,2016-05-06,2016-03-31,16812000.0,22509000.0,-7960000.0,0.33,22509000.0,1.0,1901150000.0,1076998000.0,43244000.0,28691000.0,824152000.0,0.0,7061000.0,1584735603.0,2362973603.0,21.305691142473815,1.5072322331044579,0.4184104357888646,0.7385909723137833,-0.004912323825003229,21.305691142473815,0.015610056843188195,70.40453165400507,23.56554251427552,1.4714378327536357,1.426956935522246,0.0,0.015138171916239835,0.011839675985587671,2.1075250078421806,0.008843068668963523,-418.57781378763866,1.0,1.2000000000000002,-0.3808345320815445,-0.36017939547727834,0.2834811595280376,0.639163996504515,1.2291169451073987,-0.01105042550489013,-0.511597308389899,-0.45173767902071565,0.14582374161393322,Asset Management,Financial Services,MAIN
2015Q4,2015,Q4,2016-02-26,2015-12-31,7542000.0,13732000.0,-7873000.0,0.15,13732000.0,1.0,1878928000.0,1070894000.0,37638000.0,27636000.0,808034000.0,0.0,7181000.0,1460672842.1999998,2220739842.2,21.320035958973484,1.361919235779418,0.4153421525465585,0.7287350568777116,-0.0054742970171239875,21.320035958973484,0.007042713844694246,106.37000016020971,48.4179541964996,1.3639751854058384,4.669848846459825,0.0,0.02411217555530999,0.007308422675057266,2.097590099869735,0.004013990956545434,20.25870434806729,1.0,-0.6341463414634146,-0.8079713091608134,-0.5673625872470223,0.6686925865325651,-0.4522755374735751,-0.6350880588349139,-0.03049738219895288,-0.801977314605889,-0.8542092234984691,0.07077441474264311,Asset Management,Financial Services,MAIN
2015Q3,2015,Q3,2015-11-06,2015-09-30,20668000.0,25071000.0,-7640000.0,0.41,25071000.0,1.0,1955367000.0,1090981000.0,35276000.0,28379000.0,864386000.0,0.0,13927000.0,1333980448.16,2134029448.16,21.803583028610795,1.2430318193030057,0.42720573682587465,0.7656815288258916,-0.0047026206607729696,21.803583028610795,0.01894441791378585,53.20810690279606,16.135819239403908,1.2227348122102952,1.0636249274240372,0.0,0.016479252023762284,0.012821633995050546,2.4867331477500967,0.01056988278926667,-12.797203071373755,1.0,-0.5,-0.36293463294714845,-0.06097790337278694,0.5481817125460645,-0.44308943089430897,-0.49345620312729765,0.006760270410816433,-0.5919606212296072,-0.31068332346079364,0.24473423881248055,Asset Management,Financial Services,MAIN
2015Q2,2015,Q2,2015-08-07,2015-06-30,40802000.0,45018000.0,-7692000.0,0.82,45018000.0,1.0,1889706000.0,1090816000.0,35495000.0,80123000.0,798890000.0,0.0,11733000.0,1591776773.11,2265547773.1099997,21.867349208766594,0.443006377694295,0.37855782857227527,0.6558053787256513,-0.00465530872008707,21.867349208766594,0.03740502522881953,35.358673710737925,9.7530560579751,1.4592532316265987,0.8314543404735062,0.0,0.02131266178342182,0.023822753380684614,0.9621082585524756,0.021591718500126474,-239.94223290774795,1.0,0.06493506493506485,0.3963721988448158,0.5654364911439724,0.7827746048682999,0.05812668938770713,0.15181797651309847,-0.037776578521316787,-0.07325021665240859,0.1849470068898646,0.12188245035394961,Asset Management,Financial Services,MAIN
2015Q1,2015,Q1,2015-05-08,2015-03-31,35424000.0,42545000.0,-7412000.0,0.77,42545000.0,1.0,1830969000.0,1083893000.0,47758000.0,85246000.0,747076000.0,0.0,23135000.0,1423878303.6,2055147303.6,23.5218793736243,0.5602374304952725,0.35679686548488804,0.6027200101855072,-0.004302032662976699,23.5218793736243,0.03268219279947375,33.46758264425902,10.048824974593495,1.313670540911326,0.5517445799457995,0.0,0.013726594436184791,0.02323633005255687,0.8184900171269033,0.019347132583894103,-15.373501156350208,1.0,0.5714285714285715,1.5790975597237529,0.868836164286154,0.8735216236468903,0.6182343767829295,0.6106210784759479,-0.15613788800499143,-0.1315091707168862,0.20675007628233705,0.4853229726427987,Asset Management,Financial Services,MAIN
2014Q4,2014,Q4,2015-02-27,2014-12-31,21994000.0,26291000.0,-6411000.0,0.49,26291000.0,1.0,1693785000.0,939982000.0,46406000.0,37985000.0,753803000.0,0.0,23665000.0,1315569676.52,1961741676.52,20.892145942968728,1.2216927734632093,0.4171745528505684,0.7517207776319121,-0.0043075388097503255,20.892145942968728,0.023398320393369233,50.03878424251645,14.95373370601073,1.399569009321455,1.4183868327725744,0.0,0.023712921144945335,0.01552204087295613,2.812636567065947,0.012985119126689633,-38.53003972938144,1.0,0.020833333333333353,3.2592598645531132,20.393574241437598,1.313309767455227,-0.3328173374613003,0.019704205109184476,0.5690084033613445,-0.36179850934860247,-0.5472905571589305,0.3837313044003774,Asset Management,Financial Services,MAIN
2014Q3,2014,Q3,2014-11-07,2014-09-30,21569000.0,39406000.0,-14875000.0,0.48,39406000.0,1.0,1579343000.0,947506000.0,47151000.0,18743000.0,631837000.0,0.0,28886000.0,1376065563.84,1952252563.84,21.097529509411956,2.515659179426986,0.38022836078040045,0.6337806831830088,-0.008448819007746978,21.097529509411956,0.022763971943185583,34.920204127290255,15.949575360934674,1.452302744088164,0.8680513700217906,0.0,0.013606183086038616,0.024950881474131964,3.8134236781731845,0.013656944691558452,-67.73309528647371,1.0,-0.2941176470588236,-0.26964809583120375,1.0859030246370625,0.7493603219247024,-0.03480539838832145,-0.2798330550918197,-1.094480428048437,-0.2283453017570495,0.1911200925165426,0.45407628856864524,Asset Management,Financial Services,MAIN
2014Q2,2014,Q2,2014-08-08,2014-06-30,29950000.0,40827000.0,-7102000.0,0.68,40827000.0,1.0,1548751000.0,943410000.0,64648000.0,36999000.0,605341000.0,0.0,14478000.0,1456062714.58,1983328714.58,21.335956884907326,1.7472904673099272,0.36013600636900317,0.591218028216788,-0.004201412955860292,21.335956884907326,0.031746536500567094,35.66421031621231,12.15411280951586,1.5434039437572211,0.9849749582637729,0.0,0.020260116342934616,0.02636124205892361,2.571501932484662,0.019338163462041348,-12.161828159600415,1.0,0.0,0.724599958092108,1.4417401573126625,0.6304695148752761,0.17187634547489883,0.09972828082543879,-0.19562289562289562,-0.11553948412315512,0.31759704693895346,0.4874740420224914,Asset Management,Financial Services,MAIN
2014Q1,2014,Q1,2014-05-09,2014-03-31,27234000.0,34839000.0,-5940000.0,0.68,34839000.0,1.0,1376572000.0,804407000.0,21673000.0,25306000.0,572165000.0,0.0,23760000.0,1311067108.78,1826626108.78,20.161297498033324,0.8564372085671382,0.39222140214968776,0.6712037563074413,-0.004163991351111942,20.161297498033324,0.033855995783229134,37.632168224690716,12.03520515513696,1.6298554199304582,0.6064478225747227,0.0,0.012597371934201594,0.02530852000476546,1.8191338022603336,0.019783927030333322,-78.34750261623043,1.0,0.28301886792452835,14.315256079843618,1.2180657795716199,0.7188364137203761,0.49613501674826077,0.28662540747389803,-0.08751373123398022,0.2707516590573482,0.254670272302303,0.21454147238525034,Asset Management,Financial Services,MAIN
2013Q4,2013,Q4,2014-02-28,2013-12-31,21167000.0,23286000.0,-5462000.0,0.53,23286000.0,1.0,1360175000.0,792533000.0,16054000.0,46770000.0,567642000.0,0.0,22778000.0,1299821414.5,1780052414.5,19.93189485954572,0.34325422279238826,0.3785777565386807,0.6497294118983058,-0.004961074629725491,19.93189485954572,0.026708036132249383,55.81986663660569,15.351979667643029,1.6400849106598716,1.1398875608258137,0.0,0.01856255000174872,0.017119855900895105,1.0852041907205474,0.015561968129101034,-19.178761980995663,1.0,-0.3026315789473684,7.529971456260298,2.968728254872175,0.6188474133258371,-0.2225041736227045,-0.2454908390960291,-2.8437719915552426,-0.31918567020379307,-0.07322362049078132,0.5600445164198447,Asset Management,Financial Services,MAIN
2013Q3,2013,Q3,2013-11-08,2013-09-30,28054000.0,29950000.0,-1421000.0,0.76,29950000.0,1.0,1239324000.0,794176000.0,40068000.0,28897000.0,445148000.0,0.0,17939000.0,1111740661.49,1499307661.49,21.380604760954682,1.3865799217911894,0.3269048287614861,0.5101400697074704,-0.001165113761416194,21.380604760954682,0.03532466355064872,37.11988853055092,9.907149261157054,1.399866857585724,0.7223568831539174,0.0,0.018228172002668342,0.024166400392472025,1.9947399384019102,0.022636534110531226,-62.67918258386424,1.0,0.10144927536231894,1.534672177945502,0.623165455495052,0.6622030070675218,0.04511986600132603,0.16872187968671887,0.6328165374677003,0.16485771864331425,0.5111011210464205,0.5181477856483471,Asset Management,Financial Services,MAIN
2013Q2,2013,Q2,2013-08-09,2013-06-30,24004000.0,28657000.0,-3870000.0,0.69,28657000.0,1.0,1228449000.0,655383000.0,43381000.0,42937000.0,573066000.0,0.0,26879000.0,953970211.89,1431873211.8899999,18.83082700707157,1.0103407317698023,0.4225840877399062,0.7920910368441049,-0.0031909160364083254,18.83082700707157,0.03662591187137903,33.28925609414802,9.93553378489002,1.455591939201963,0.6837610398266956,0.0,0.0172049397302277,0.023327789757653757,1.970351910939283,0.019540086727247122,-7.2880569302876355,1.0,0.014705882352941025,0.37686051595749787,0.7662170161790982,0.4462727198513263,0.016854729969484068,0.015870328833213425,-0.5467625899280576,0.17742415432752776,0.42826752239224997,0.5352167222635611,Asset Management,Financial Services,MAIN
2013Q1,2013,Q1,2013-05-10,2013-03-31,23629000.0,28182000.0,-2502000.0,0.68,28182000.0,1.0,1028256000.0,645210000.0,11409000.0,16209000.0,383046000.0,0.0,25437000.0,1110384160.0,1437842160.0,18.59421337566631,0.7038682213585046,0.3439600644197554,0.5481610638396801,-0.0023047318187328554,18.59421337566631,0.03662218502503061,39.400474061457665,11.748107833594313,1.7209655151036096,0.9468872995048457,0.0,0.02014978311650267,0.027407571655307626,2.3215497563082237,0.022979685992593285,-45.69482139917695,1.0,-0.1052631578947368,0.9050607199561953,0.8068486374974334,0.44484738788611733,-0.5346049046321526,-0.03499959160336519,-2.6194174757281554,1.284581350442281,0.6439387245770934,0.4810322032804203,Asset Management,Financial Services,MAIN
2012Q4,2012,Q4,2013-03-08,2012-12-31,24486000.0,60555000.0,1545000.0,0.76,60555000.0,1.0,1036225000.0,642976000.0,14580000.0,38004000.0,393249000.0,0.0,35869000.0,985251314.34,1265201314.3400002,19.910856727089133,0.3836438269655826,0.3314598663417694,0.5341832354551336,0.0013568297075126242,19.910856727089133,0.038082292340616136,16.270354460242753,10.05933303050723,1.5323298448775695,0.4509924038225925,0.0,0.011208307808650305,0.05843808053270284,2.054967898115988,0.023630003136384473,49.22318716726619,1.0,-0.24752475247524752,2.037387160755634,0.0,0.5492565212703989,1.6381022915396009,-0.2340225857915976,-0.9004638577502899,5.60662160698878,67.65274756197506,1.2046552551811192,Asset Management,Financial Services,MAIN
2012Q3,2012,Q3,2012-11-08,2012-09-30,31967000.0,22954000.0,15522000.0,1.01,22954000.0,1.0,871798000.0,553154000.0,33440000.0,124561000.0,318644000.0,0.0,-29158000.0,943888598.38,1221387598.38,17.516657249994317,0.2684628414993457,0.34077045370601905,0.5370710507381308,0.016149886787911502,17.516657249994317,0.05779041641206608,41.12087646510412,7.381742096380642,1.7063757983852597,0.35508493133543967,0.0,0.01202578357179202,0.026329493758875337,0.2684628414993457,0.03666789783871952,77.31721808486239,1.0,0.14772727272727273,0.5931615685337693,0.0,2.5013143620322538,0.10133384512042991,0.32352088767440895,0.21019803524091688,0.5394286937274609,0.7280077218654356,0.4524423417549627,Asset Management,Financial Services,MAIN
2012Q2,2012,Q2,2012-08-03,2012-06-30,24153000.0,20842000.0,12826000.0,0.88,20842000.0,1.0,843011000.0,533404000.0,48224000.0,106211000.0,309607000.0,0.0,-29159000.0,662251343.6,921671343.6,19.49165815176762,0.4540396004180358,0.3456609700229297,0.5462951158971436,0.014934577599370023,19.49165815176762,0.045280875284024864,31.774846156798773,6.8547524489711416,1.2415567629789053,0.38798492940835505,0.0,0.014150216667072687,0.024723283563322426,0.4540396004180358,0.0286508716968106,44.962410455563855,1.0,-0.011235955056179785,1.9728332404604674,1.066658805788686,2.9760772331528447,0.013765260956272193,0.015471936094177002,-0.0017900225698497937,1.2472091476177969,1.0140592229041772,0.48953030708963746,Asset Management,Financial Services,MAIN
2012Q1,2012,Q1,2012-05-04,2012-03-31,23785000.0,20559000.0,12849000.0,0.89,20559000.0,1.0,779443000.0,425536000.0,111199000.0,152321000.0,353907000.0,0.0,2032000.0,661834798.92,912465798.92,15.836205193657241,0.7300306589373756,0.43567778529026496,0.7980194390133855,0.015568262453565684,15.836205193657241,0.05589421341555121,32.191974265285275,6.95643051208745,1.5552968466122725,0.3429472356527223,0.0,0.012324827907675471,0.026376527853864875,0.7300306589373756,0.030515380855303084,345.42526039665967,1.0,0.15584415584415584,1.438261445127446,1.7040699644384643,0.0,0.045099986264603514,0.1556013725736076,0.07706627566257725,18.26686217376178,0.9434926561423755,0.3501038881382026,Asset Management,Financial Services,MAIN
2011Q4,2011,Q4,2012-03-09,2011-12-31,20582357.0,34684565.0,11929628.0,0.77,19671802.0,0.5671630018,737691831.0,405710709.0,169644363.0,124616786.0,326503714.0,0.0,12531357.0,570741824.16,943978671.16,15.098412442162735,1.3613283446421094,0.5637678370875169,1.02508245105258,0.01275420279303949,15.098412442162735,0.050731608861722205,16.455210672528256,6.932415759769398,1.4067704191658397,0.4363013915267333,0.0,0.015734103617194423,0.04701768888098207,1.3613283446421094,0.02790102334751217,40.33326988463989,0.5671630017559683,0.24193548387096778,0.213575870604302,0.0,1.9750981270153227,0.15131795687231425,0.4257587226110591,0.15135712853194397,11.273458412437648,5.339210450430874,0.22627708502165206,Asset Management,Financial Services,MAIN
2011Q3,2011,Q3,2011-11-04,2011-09-30,14436073.0,17086333.0,10361362.0,0.62,17086333.0,1.0,665955625.0,336540116.0,168965882.0,123646814.0,324919739.0,0.0,-19624729.0,411941352.96000004,702087820.96,14.509231513691633,1.3665203051653236,0.47341431345369295,0.9368063716956703,0.01574408886666024,14.509231513691633,0.04289554889200787,24.10940679664853,7.133888713364085,1.224048288377009,0.5387088995740047,0.0,0.01887851497335627,0.0256568641491691,1.3358761027194765,0.02167722962021681,54.199386480853846,1.0,-0.19480519480519484,-0.6058155493266824,0.0,0.0,0.05937039681036895,-0.1809799846045894,0.0776145540380221,1.0887209286758301,0.48292495798856283,0.12799841360615483,Asset Management,Financial Services,MAIN
2011Q2,2011,Q2,2011-08-05,2011-06-30,17626032.0,16128762.0,9615091.0,0.77,16128762.0,1.0,617253379.0,330131722.0,141809410.0,94988620.0,282625887.0,0.0,-20499798.0,436147856.09999996,682652385.0999999,14.34375073591013,1.4929094664181877,0.42225328506464116,0.7894947671826581,0.014658198619380123,14.34375073591013,0.053390906796893636,27.04162018758786,6.1861321949829655,1.3211328298223943,0.3925363916280193,0.0,0.015863563017064663,0.026129888549382894,1.4929094664181877,0.028555586084527535,38.667108655065086,1.0,0.4259259259259259,1.5795085732282674,0.9015746497267866,1.9259624961101443,0.20592733733834623,0.7074971446506884,-0.06601424598921754,0.5288403371609781,0.5031960465877299,0.10164972477862039,Asset Management,Financial Services,MAIN
2011Q1,2011,Q1,2011-05-06,2011-03-31,10322730.0,13374572.0,10294687.0,0.54,13374572.0,1.0,529815967.0,319012215.0,137289512.0,20946239.0,206465582.0,0.0,0.0,354566380.5,526021452.5,16.599925121073344,6.554375322462424,0.3784697998729812,0.6285632134807126,0.017751094333575985,16.599925121073344,0.03235841611895645,26.51048426072999,8.587030284139951,1.1114507966411256,0.45092596628992526,0.0,0.013128111563865542,0.025243806968920587,6.3493663946066885,0.01948361439246696,85.94850612132106,1.0,-0.30769230769230765,0.4796387173978491,1.4596869320604031,0.0,0.1453878060381468,-0.3130398730790833,0.5739313873476531,0.5027271892847577,0.5482887244488868,0.2898829310884198,Asset Management,Financial Services,MAIN
2010Q4,2010,Q4,2011-03-11,2010-12-31,15026680.0,12143737.0,6540747.0,0.78,11676894.0,0.9615568914,448924302.0,245534645.0,97569583.0,43383289.0,198941264.0,0.0,9261405.0,349569781.1,560793416.1,12.77649108711817,2.249013047397121,0.5202613758254504,0.9512220770311253,0.013507882560471484,12.77649108711817,0.0611998359742675,28.786013819304554,5.815818615622347,1.4237085813287165,0.3175529125528726,0.0,0.01365039616692428,0.02705074540607071,2.2038667930409797,0.03347263655154049,44.33508005735649,0.9615568914247731,0.2,0.23885040498471327,0.0,1.517570297454955,0.2965747663629232,0.373139478376819,0.37481009188736086,2.0697682230111956,0.0,-0.00586587473452494,Asset Management,Financial Services,MAIN
2010Q3,2010,Q3,2010-11-05,2010-09-30,10943302.0,9005955.0,4757564.0,0.65,9005955.0,1.0,418900000.0,237700000.0,63400000.0,23600000.0,181200000.0,0.0,0.0,268192818.32000002,367492818.32000005,14.08334877742076,2.6864406779661016,0.3762234423490093,0.6630206142196046,0.011671216403467851,14.08334877742076,0.04603829196466134,29.77949793442228,6.1268714488552,1.1282827863693732,0.41189770692611793,0.0,0.016807016042546506,0.021499057054189544,2.6864406779661016,0.02612390069228933,130.43630132662426,1.0,0.10169491525423738,-0.5893536316180764,0.0,0.0,0.031347816631717554,0.23337247226481872,0.0032635412923589778,0.020417511805273056,0.0,1.8150480217855884,Asset Management,Financial Services,MAIN
2010Q2,2010,Q2,2010-08-06,2010-06-30,8872666.0,8732219.0,4742088.0,0.59,8732219.0,1.0,334490286.0,185792824.0,25575730.0,18911819.0,145051357.0,0.0,-18677108.0,226146068.63,360055441.63,12.265907955527567,1.3523675327053415,0.41448001273196916,0.7462050202757023,0.014558314923257779,12.265907955527567,0.04775569803492518,25.89789246353075,6.371987535369865,1.2171948504857215,0.4197624479496918,0.0,0.016469054812947248,0.026106046619243227,1.2131023462100605,0.026525930262740128,34.46094144844834,1.0,0.9666666666666667,0.9730216369277902,0.5643439897023987,1.502106131052721,0.23113170903780558,1.0733923944085235,0.47258243374045455,0.9730216369277902,0.5643439897023987,1.502106131052721,Asset Management,Financial Services,MAIN
2010Q1,2010,Q1,2010-05-10,2010-03-31,4279299.0,7092839.0,3220253.0,0.3,7092839.0,1.0,307108269.0,180248021.0,64101637.0,5493008.0,123350907.0,0.0,-11595553.0,224109413.85,311402130.85,12.554901462966813,11.669678434839344,0.390604588377267,0.6655157617514147,0.009842301342502045,12.554901462966813,0.023741170506387972,31.59657421379507,13.092647525330666,1.2433391091156558,0.7616013744307186,0.0,0.01454253948556298,0.023095565036706973,10.706012989604238,0.01393417055794092,2217.1708648680733,1.0,1.7272727272727273,-0.1789346252126282,0.7460795645001471,0.0,0.6463754545450325,1.597059137683675,0.29152011204059386,-0.1789346252126282,0.7460795645001471,0.0,Asset Management,Financial Services,MAIN
2009Q4,2009,Q4,2010-03-10,2009-12-31,1647748.0,392143.0,2493382.0,0.11,4308154.0,10.9861810615,196450462.0,129660131.0,52916893.0,1790331.0,66790331.0,0.0,-8652154.0,231431374.20000002,265811376.20000002,9.03127900849668,29.55704447948452,0.33087221754663015,0.5013106149028956,0.14311856616451843,9.03127900849668,0.012708208662846407,590.1708667501397,35.1132840397925,1.7849077616619098,1.6357610508402984,0.0,0.01164631204095404,0.001996141907775203,27.19658264309784,0.008387600534123458,66.2658538889977,10.986181061500524,-0.8333333333333334,-0.8181595032310865,0.0,0.779587182802015,-0.04297229561591239,-0.7658498293767555,-0.05015502615006775,-0.8181595032310865,0.0,0.779587182802015,Asset Management,Financial Services,MAIN
2009Q3,2009,Q3,2009-11-06,2009-09-30,7037142.0,4501598.0,2625041.0,0.66,4501598.0,1.0,191630272.0,129062825.0,50410117.0,7567447.0,62567447.0,0.0,830071.0,152283810.69,199067111.69,12.060139494989675,6.661443020347549,0.2870110208892257,0.42614904795397124,0.017716996422597192,12.060139494989675,0.05452493388394373,33.82883382523273,5.410002053745682,1.1799200171699327,0.373670021153474,0.0,0.017267554496340664,0.02349105886568903,6.359995781932797,0.036722496537499046,99.59426274098422,1.0,0.6923076923076923,-0.583523666331015,0.0,0.0,0.25041957517492713,0.8820230443548872,0.32101462403252917,-0.583523666331015,0.0,0.0,Asset Management,Financial Services,MAIN
2009Q2,2009,Q2,2009-08-07,2009-06-30,3739137.0,3600070.0,1987140.0,0.39,3600070.0,1.0,182792314.0,124580685.0,52164032.0,3211629.0,58211629.0,0.0,2065469.0,130333098.66,150920211.66,13.085774796923715,16.242234703946192,0.3008879246421707,0.4414809566988655,0.009701675480521608,13.085774796923715,0.030013777817965923,36.20293457071668,8.714116296086504,1.0461742015626259,0.6477711300762716,0.0,0.018583959292785224,0.019694865288482535,15.629527881333741,0.020455657670595494,47.33474587006625,1.0,8.60233918128655,0.3229001152882829,0.02611620467081542,1.6693496696429224,0.0021280889649749127,8.993058969897263,-0.06101595924141861,0.3229001152882829,0.02611620467081542,1.6693496696429224,Asset Management,Financial Services,MAIN
2009Q1,2009,Q1,2009-05-08,2009-03-31,-467798.0,3592425.0,2116266.0,-0.0513,3592425.0,1.0,164989542.0,107037941.0,37122973.0,2951601.0,57951601.0,0.0,3240048.0,91071891.2,127209089.2,11.72961972244626,12.57723283058923,0.33335446194523044,0.5138364909317529,0.014882449081937147,11.72961972244626,-0.004370394232452585,25.351090475096907,-48.67052189192771,0.8508374726677524,-7.312741824462695,0.0,0.03756247899242044,0.021773652780974446,11.777016608952227,-0.0028353191016191803,337.72483136359085,1.0,-1.8221153846153846,-1.1412104539082124,0.39134560446745037,0.0,-0.22473874175222414,-1.8214130190481541,-0.21461245848100796,-1.1412104539082124,0.39134560446745037,0.0,Asset Management,Financial Services,MAIN
2008Q4,2008,Q4,2009-03-13,2008-12-31,569504.0,-2714527.0,2694550.0,0.0624,4633825.0,-1.7070469367,170629277.0,112356056.0,41987224.0,3273221.0,58273221.0,0.0,3658495.0,89155548.8,108780722.8,12.31239874460848,12.827494385499788,0.3223362424491783,0.4895152247067127,-0.029050965177726394,12.31239874460848,0.0050687432460249406,-32.843861490418035,39.137367252907794,0.7935090637214962,5.955122352081812,0.0,0.038039875763739336,-0.015908916967397102,12.148468129710764,0.0033376687167232153,23.356458359585336,-1.7070469367223093,-0.7919999999999999,-0.9011219307693672,0.0,1.4261222552020467,0.0395979740310554,-0.7869980323169776,0.06506057431965058,-0.9011219307693672,0.0,1.4261222552020467,Asset Management,Financial Services,MAIN
2008Q3,2008,Q3,2008-11-12,2008-09-30,2673703.0,4457324.0,2529950.0,0.3,4457324.0,1.0,172387034.0,115417819.0,47637096.0,1730907.0,56969215.0,0.0,8093056.0,103637976.75,111795429.75,12.862811985086346,27.521464758071925,0.3190495173784358,0.4765295383029201,0.01454969709802339,12.862811985086346,0.02316542647543877,23.25116521706746,9.6904907491595,0.8979374038422958,1.349216049800595,0.0,0.03480773277446291,0.025856492199987615,27.062428541799186,0.015509884577514108,43.666607433580296,1.0,-0.4,-0.8112795035173915,0.0,0.0,0.06713406151100658,-0.4042680004465144,-0.02189188405516948,-0.8112795035173915,0.0,0.0,Asset Management,Financial Services,MAIN
2008Q2,2008,Q2,2008-08-13,2008-06-30,4488097.0,4176911.0,2586575.0,0.5,4176911.0,1.0,173585682.0,116657735.0,42062429.0,1446545.0,56927947.0,0.0,5685966.0,105903866.76,120045391.76,13.02024628453708,29.07785723914569,0.316846409025832,0.4714646654163138,0.03597646808891832,13.02024628453708,0.038472348190199304,25.3545902127194,5.899152066009269,0.9078169292417687,0.6987150678784348,0.0,0.029610826270457132,0.02406253183946358,28.245560974598096,0.025855225778356535,32.684663693571636,1.0,0.38888888888888895,0.6872321527167163,0.2650210556656134,1.6559825961905674,0.03713220998538499,0.4013759290784216,0.0329516601426003,0.6872321527167163,0.2650210556656134,1.6559825961905674,Asset Management,Financial Services,MAIN
2008Q1,2008,Q1,2008-05-14,2008-03-31,3202636.0,4027366.0,2504062.0,0.36,4027366.0,1.0,199087141.0,115305540.0,74999779.0,28781601.0,83781601.0,0.0,6136139.0,122568046.2682,128613739.2682,12.869326914083679,2.6058237344058797,0.4018340893247344,0.6938088143900111,0.011869894429052506,12.869326914083679,0.027775213576034595,30.433798733018055,9.567747182961162,1.0629848857929984,0.9511864601534485,0.0,0.02485398187170384,0.02022916186234248,2.569499417353468,0.016086604006232626,82.70671696145645,1.0,1.4931506849315066,-0.015364380209223405,0.5886487405221713,0.0,0.0,1.4890362798356724,-0.30220221645630607,-0.015364380209223405,0.5886487405221713,0.0,Asset Management,Financial Services,MAIN
2007Q4,2007,Q4,2008-03-21,2007-12-31,-6548872.0,0.0,3588521.0,-0.73,0.0,0.0,174848022.0,115149208.0,67527473.0,1673142.0,59698814.0,0.0,6067131.0,125525649.17999999,138636325.18,12.851878597071916,40.35967837756748,0.3145588916070209,0.477641148864871,0.04218087221422741,12.851878597071916,-0.05687292265179974,0.0,-4.791880539885342,1.0901130052062538,0.0,0.0,0.0,0.0,39.41840262213249,-0.03745465304720462,53.43440625007981,0.0,-2.140625,-2.1580549677364536,0.0,1.5324251863727738,0.0,-2.2087513164738546,3.596165352012206,-2.1580549677364536,0.0,1.5324251863727738,Asset Management,Financial Services,MAIN
2007Q3,2007,Q3,2007-11-16,2007-09-30,5417882.0,0.0,-1382239.0,0.64,0.0,0.0,98785830.0,42658191.0,10160541.0,1100000.0,56127639.0,0.0,0.0,126195544.80000001,116892854.80000001,5.0028804725283775,9.236855454545454,0.002645247805277336,0.006125740306240366,-0.06441076299483796,5.0028804725283775,0.12700683908513608,0.0,5.823103234806517,2.9582957420768263,0.0,0.0,0.0,0.0,9.236855454545454,0.05484472823683316,310.4410898785744,0.0,1.1333333333333335,-0.5975702458737424,0.0,0.0,-1.0,1.1401991321299554,-2.4236721299993715,-0.5975702458737424,0.0,0.0,Asset Management,Financial Services,MAIN
2007Q2,2007,Q2,2007-06-30,2007-06-30,2531485.0,3142284.0,970897.0,0.3,3142284.0,1.0,99000000.0,41800000.0,17800000.0,2200000.0,57200000.0,0.0,0.0,126195544.80000001,163495544.8,4.902233283912254,8.090909090909092,0.5555555555555556,1.3157894736842106,0.019077818560014923,4.902233283912254,0.06056184210526316,40.16045169691855,12.462600489436044,3.019032172248804,0.0,0.0,0.0,0.03174024242424242,8.090909090909092,0.025570555555555555,55.504530596303326,1.0,-0.16666666666666666,0.0,0.0,0.0,0.3024595691660826,-0.1821844704261744,-0.17030044121454924,0.0,0.0,0.0,Asset Management,Financial Services,MAIN
2007Q1,2007,Q1,2007-03-31,2007-03-31,3095423.0,2412577.0,1170179.0,0.36,2412577.0,1.0,,,,,,,,126195544.80000001,,,0.0,0.0,0.0,0.0,,0.0,52.307364614683806,10.192108219135156,0.0,0.0,0.0,0.0,0.0,0.0,0.0,335.93826397374164,1.0,-0.4285714285714286,0.0,0.0,0.0,0.0,-0.42483200700438445,-0.6603048892356926,0.0,0.0,0.0,Asset Management,Financial Services,MAIN
