Quarters,Year,Quarter,FillingDate,Date,NetIncome,Revenue,OperatingIncome,EPSDiluted,GrossProfit,GrossProfitRatio,TotalAssets,CommonStockEquity,CurrentAssets,CurrentLiability,TotalLiability,Inventory,RetainedEarnings,MarketCap,EnterpriseValue,bookValuePerShare,currentRatio,debtToAssets,debtToEquity,roic,shareholdersEquityPerShare,roe,priceToSalesRatio,peRatio,pbRatio,payoutRatio,inventoryTurnover,dividendYield,assetTurnover,quickRatio,returnOnAssets,priceToFreeCashFlowsRatio,grossProfitMargin,epsdilutedGrowth,fiveYNetIncomeGrowthPerShare,fiveYRevenueGrowthPerShare,fiveYShareholdersEquityGrowthPerShare,grossProfitGrowth,netIncomeGrowth,operatingIncomeGrowth,threeYNetIncomeGrowthPerShare,threeYRevenueGrowthPerShare,threeYShareholdersEquityGrowthPerShare,Industry,Sector,Symbol
2023Q1,2023,Q1,2023-05-04,2023-03-31,-40200000.0,275900000.0,30500000.0,-5.34,139900000.0,0.5070677782,12627000000.0,416300000.0,9670400000.0,238600000.0,12210700000.0,0.0,-128100000.0,204310174.32,10730310174.32,55.25939193961528,40.52975691533948,0.8507642353686544,25.804948354552007,0.002864933626000054,55.25939193961528,-0.09656497717991833,0.740522560057992,-1.27058566119403,0.49077630151333174,0.0,0.0,0.0,0.02185000395976875,37.44844928751048,-0.003183654074602043,-0.8552121151946421,0.5070677781805002,0.3972911963882618,-19.58597233870248,0.2488432711561727,-0.22210317943396085,0.10363434125099595,0.4954502667085033,1.2643416160373024,-0.8821891473462302,0.29711424488694127,0.1557726592602448,Mortgage Finance,Financial Services,OCN
2022Q4,2022,Q4,2023-02-28,2022-12-31,-79675000.0,265466000.0,-115381000.0,-8.86,126763000.0,0.4775112444,12399200000.0,456700000.0,9342200000.0,255700000.0,11942500000.0,0.0,-87900000.0,264437461.42,10519337461.42,52.81356856553052,36.535784122017986,0.8438366991418801,22.909787606744032,-0.010662384223835983,52.81356856553052,-0.17445806875410555,0.9961255355488084,-0.8297378770630687,0.5790178704182176,0.0,0.0,0.0,0.021409929672882123,62.702776691435275,-0.006425817794696432,-2.3680683939893252,0.4775112443778111,-3.1247002398081536,-0.8074650446892373,-0.03209708863777218,-0.1544397867548843,0.032768186669491044,-3.156934405371017,-1.6916911456147714,-3.374119694022718,0.05434944383625912,0.1518397150140547,Mortgage Finance,Financial Services,OCN
2022Q3,2022,Q3,2022-11-03,2022-09-30,36939000.0,263454000.0,166810000.0,4.17,122741000.0,0.4658915788,12360069000.0,546106000.0,9277901000.0,270060000.0,11813963000.0,0.0,-8229000.0,198497963.43,10396976963.43,64.02023678435077,34.354961860327336,0.843445857786069,19.089790260498877,0.017003498718664092,64.02023678435077,0.06764071444005376,0.7534444852991414,1.3434172786891903,0.36347881808659854,0.0,0.0,0.0,0.02131492955257774,31.58309634895949,0.002988575549214167,-1.7522617511321406,0.4658915787955393,2.756756756756756,6.944904698956204,-0.06871084262450294,-0.06360377493700209,0.34782465464608087,2.5676067220397916,1.036155461159123,1.9085714512629628,-0.02251186488503118,0.507036894550374,Mortgage Finance,Financial Services,OCN
2022Q2,2022,Q2,2022-08-04,2022-06-30,10354000.0,231905000.0,81924000.0,1.11,91066000.0,0.3926866605,12107690000.0,543915000.0,9284065000.0,242524000.0,11563775000.0,7383817000.0,-45168000.0,253644238.6,10291234238.6,58.7565918400482,38.28101548712705,0.8501601048589781,18.9247860419367,0.008285451510058411,58.7565918400482,0.019036062620078505,1.09374200038809,6.124305548580258,0.4663306557090722,0.0,0.01907401009532062,0.0,0.019153529698893845,65.51707872210585,0.0008551589939947257,3.480156395867349,0.39268666048597484,-0.8153078202995008,1.20872407351869,-0.3316196173355786,-0.1553363890975194,-0.2323526932479137,-0.821734788746944,-0.39959105000476375,1.1117338362289249,-0.18139905813918603,0.24551111701492043,Mortgage Finance,Financial Services,OCN
2022Q1,2022,Q1,2022-05-05,2022-03-31,58082000.0,238675000.0,136447000.0,6.01,118630000.0,0.497035718,12297809000.0,534130000.0,9544795000.0,281023000.0,11763679000.0,0.0,-55522000.0,218951298.72000003,10440002298.72,57.962336255559066,33.96446198353871,0.8529764936176842,19.638930597420103,0.011699733578152505,57.962336255559066,0.10874131765675023,0.9173616789357915,0.9424232065011535,0.4099213650609403,0.0,0.0,0.0,0.019407928680629207,30.839038085850625,0.0047229551215179875,1.8190460655002245,0.49703571802660523,34.388888888888886,2.5924248872101545,-0.3346988029429293,-0.22832655723099463,0.17619647230291793,35.266666666666666,2.654079965721325,2.2647132994192236,-0.23906886609962846,0.011517736634709326,Mortgage Finance,Financial Services,OCN
2021Q4,2021,Q4,2022-02-25,2021-12-31,-1695000.0,293959000.0,37341000.0,-0.18,100859000.0,0.3431056712,12147123000.0,476694000.0,2190108000.0,1185269000.0,11670429000.0,-8136168000.0,-113604000.0,367285529.09999996,10645772529.1,51.87642221213773,1.8477729528064937,0.8620377845848766,21.96645856671156,0.0014302210992288272,51.87642221213773,-0.003555740160354441,1.2494447494378467,-54.17190694690265,0.7704849003763421,0.0,-0.023733531559328665,0.0,0.024199886672753704,7.179523804300964,-0.00013953921434729853,-3.382034172506192,0.3431056711990448,-1.0786026200873362,0.8540088702582669,-0.18361676053813403,-0.34328328782457374,-0.37552473531050706,-1.0786469933184855,-0.7317726665421581,0.2968549909146902,-0.08148211334513485,-0.1650899442418477,Mortgage Finance,Financial Services,OCN
2021Q3,2021,Q3,2021-11-08,2021-09-30,21552000.0,283101000.0,139214000.0,2.29,161510000.0,0.5705031066651125,12040238000.0,469871000.0,2223818000.0,1217272000.0,11570367000.0,0.0,-111909000.0,258487413.89999998,10472603413.9,51.13390640796689,1.8268866777515624,0.8679386570265472,22.24054687350358,0.026721704165863336,51.13390640796689,0.04586790842592967,0.9130572265728485,2.9984156215200444,0.5501242126030336,0.0,0.0,0.0,0.023512907302995174,6.9512754749965495,0.001789997838913151,-0.9601523462659954,0.5705031066651125,2.991304347826087,1.0643962567694685,-0.2915280552357487,-0.3606413045652406,1.3531040109561898,3.0879674481689596,1.9385540897097626,1.5088754371675257,0.1543022546613524,-0.1841746962243738,Mortgage Finance,Financial Services,OCN
2021Q2,2021,Q2,2021-08-05,2021-06-30,-10322000.0,265445000.0,47375000.0,-1.15,68637000.0,0.25857333910979674,11767710000.0,447100000.0,1982310000.0,1274227000.0,11320610000.0,0.0,-133461000.0,278805873.12,10379866873.12,49.68029491272002,1.5556961200790753,0.8790701844284062,23.13720196823977,0.002033466502949873,49.68029491272002,-0.023086557817043166,1.0503338662246418,-6.752709579538849,0.6235872805188996,0.0,0.0,0.0,0.022557065053438605,6.455474573996627,-0.000877146020763598,-0.3683270182521481,0.25857333910979674,-2.1979166666666665,0.8915819659969778,-0.3469557330235052,-0.36960297025738764,-0.4069161575750244,-2.2082406648718247,-0.49118774769356344,0.6568968660417662,0.03797401520744422,-0.26113568754249467,Mortgage Finance,Financial Services,OCN
2021Q1,2021,Q1,2021-05-04,2021-03-31,8543000.0,207594000.0,93109000.0,0.96,115729000.0,0.5574775764232107,10771788000.0,440010000.0,1870178000.0,243883000.0,10331778000.0,0.0,-123139000.0,247000095.87,9397183095.87,50.645665767611426,7.668340966775052,0.8735124567991869,21.38426626667576,0.0069219340033848725,50.645665767611426,0.019415467830276586,1.1898229036966386,7.2281428031721875,0.5613510962705394,0.0,0.0,0.0,0.019272009437987455,32.8367864918834,0.0007930902464846133,-1.4371918089990283,0.5574775764232107,2.1522591720891593,1.0730690370280274,-0.4023528670301862,-0.43103275566050886,0.22100187799371188,2.1827495500484564,0.3390042567878509,2.42491412593984,-0.18519988458855505,-0.2870514677554466,Mortgage Finance,Financial Services,OCN
2020Q4,2020,Q4,2021-02-19,2020-12-31,-7223000.0,231011000.0,69536000.0,-0.8331458956923946,94782000.0,0.4102921505902316,10651127000.0,415372000.0,1809132000.0,1221223000.0,10235755000.0,0.0,-131682000.0,250636690.5,9226537690.5,47.91159864122129,1.4814100291265395,0.8694575700768566,22.29496210625656,0.06398111730270567,47.91159864122129,-0.017389231821114567,1.0849556536268836,-8.674951214869168,0.6034029508488776,0.0,0.0,0.0,0.021688878557170523,6.442066682334021,-0.0006781442001395721,-1.408166227498483,0.4102921505902316,0.2356459672546839,0.9689649299122992,-0.3859180874204882,-0.5300289769980209,0.0053032392185146686,0.2332271762208068,0.0005179856115107913,0.83656149075925,-0.15987386940270884,-0.23292171568148376,Mortgage Finance,Financial Services,OCN
2020Q3,2020,Q3,2020-11-03,2020-09-30,-9420000.0,249035000.0,69500000.0,-1.09,94282000.0,0.37858935490995244,10423851000.0,424467000.0,1851720000.0,1055846000.0,9999384000.0,0.0,-124459000.0,183100896.0,8895964896.0,48.96067269927505,1.7537784866353616,0.8666968666378674,21.283913708250584,0.006063303450373998,48.96067269927505,-0.022192537935811264,0.7352416166402312,-4.859365605095542,0.4313666221402371,0.0,0.0,0.0,0.02389088255386613,7.363417581730669,-0.000903696723984255,-14.773349685331612,0.37858935490995244,-5.831663193449335,0.8641745045106854,-0.4070494195331272,-0.6201281610559506,-0.031952687023841304,-5.820880245649949,0.1147288562400757,-0.4916735257275417,-0.13382976731996882,-0.2838734844643223,Mortgage Finance,Financial Services,OCN
2020Q2,2020,Q2,2020-08-04,2020-06-30,1954000.0,227024000.0,62347000.0,0.22559519493780084,97394000.0,0.4290031009937275,10310438000.0,432769000.0,1852911000.0,240543000.0,9877669000.0,0.0,-115039000.0,86167107.36000001,8677801107.36,50.023487756082424,7.703034384704606,0.8637237331721503,20.577652281009037,-0.0021102597322790644,50.023487756082424,0.004515110832799946,0.37955065261822546,11.02445078812692,0.19910646871656706,0.0,0.0,0.0,0.022018851187505323,31.472647302145564,0.00018951668202650556,2.5364154998233843,0.4290031009937275,1.0791565975895323,-0.8062359662272429,-0.5267683489776213,-0.6340794991297456,4.620729395144801,1.0766605202244106,2.201360386920246,1.042148410818262,-0.299871724759166,-0.280880349339984,Mortgage Finance,Financial Services,OCN
2020Q1,2020,Q1,2020-05-08,2020-03-31,-25489000.0,253842000.0,-51897000.0,-2.849986,-26899000.0,-0.10596749158925631,9986024000.0,429857000.0,1882160000.0,810484000.0,9556167000.0,0.0,-116993000.0,67429755.0,8309287755.0,47.81164487398775,2.3222666949625164,0.8517316801962422,19.786610430910745,-0.00168682864293908,47.81164487398775,-0.059296463707698144,0.2656367149644267,-0.661361322531288,0.15686555063660707,0.0,0.0,0.0,0.02541972660991001,9.051698738038011,-0.002552467328338085,0.48137635015027447,-0.10596749158925631,-1.7307692011832878,-1.6891887944111181,-0.5380545000561666,-0.6430789670181583,-1.1772761722740304,-1.7309092994580335,-1.3652043573720656,0.28372307236305727,-0.27475352697253047,-0.3634663647495633,Mortgage Finance,Financial Services,OCN
2019Q4,2019,Q4,2020-02-26,2019-12-31,34873000.0,261634000.0,142104000.0,3.899981,151735000.0,0.5799513824655816,10406199000.0,412011000.0,2073331000.0,199911000.0,9994188000.0,0.0,-138542000.0,184657594.05,8382599594.05,45.85149120759922,10.371270215245785,0.8289559905590889,20.937016244711913,0.014649815680771252,45.85149120759922,0.08464094405246461,0.7057859225100713,1.3237862676712644,0.4481860776775377,0.0,0.0,0.0,0.025142129225089776,3.149196392394616,0.003351175582938593,-2.798139106420378,0.5799513824655816,1.8125001041671873,1.0622507449501881,-0.5059034235914331,-0.6303690086408849,-0.4409483632076341,1.8154184300979728,-0.456096636773875,4.07156987468348,-0.2569537914150828,-0.4195544089170103,Mortgage Finance,Financial Services,OCN
2019Q3,2019,Q3,2019-11-05,2019-09-30,-42767000.0,283515000.0,261267000.0,-4.799976,271415000.0,0.9573214821085304,9956653000.0,381185000.0,1921043000.0,940203000.0,9575468000.0,0.0,-173415000.0,253041363.6,8069330363.6,42.480868926205865,2.0432215170553594,0.8196904120290222,21.410530319923396,0.033944392103922465,42.480868926205865,-0.11219486600994268,0.8925149060896249,-1.4791858418874366,0.6638282293374608,0.0,0.0,0.0,0.028474930280285957,0.528934708780976,-0.0042953189189178335,6.021496885039145,0.9573214821085304,0.5223880715824457,0.4497041732102446,-0.46467503971123997,-0.7706034343118544,20.584024821415685,0.5234184338678582,7.048827356284583,-5.195092387527875,-0.2734181362544392,-0.46883555656991105,Mortgage Finance,Financial Services,OCN
2019Q2,2019,Q2,2019-08-06,2019-06-30,-89737000.0,274338000.0,-43193000.0,-10.04995,-13859000.0,-0.050517974177839015,9627793000.0,422894000.0,1878696000.0,717162000.0,9204899000.0,0.0,-130648000.0,282379450.5,7953605450.5,47.17468277671289,2.619625691266408,0.8266640132375094,18.820200806821568,-0.005447311064554973,47.17468277671289,-0.21219738279568875,1.0293122006430024,-0.7866862344963615,0.6677310401660936,0.0,0.0,0.0,0.02849438079942101,0.6633215368354709,-0.009320620000866243,-12.169429861230823,-0.050517974177839015,-1.030303183349411,-2.3378255795513603,-0.504876330045309,-0.7796272777541567,-1.203644111380501,-1.0168337303906145,-1.855696653921588,0.053747174768141615,-0.32243336875040024,-0.4013968726688147,Mortgage Finance,Financial Services,OCN
2019Q1,2019,Q1,2019-05-07,2019-03-31,-44494000.0,303888000.0,50477000.0,-4.949975,68055000.0,0.2239476386036961,9537210000.0,511594000.0,1888991000.0,326425000.0,9025616000.0,0.0,-40911000.0,246412165.20000002,7642319165.2,57.302342960784955,5.786906640116412,0.803075008309558,14.97104148993147,0.006641758280673003,57.302342960784955,-0.08697130928040595,0.8108650726583478,-1.3845246842270869,0.48165569807308145,0.0,0.0,0.0,0.03186340659375226,1.4099134563835491,-0.004665305681640647,4.785445607084596,0.2239476386036961,-15.499971666572224,-1.5923661109639675,-0.44335576150801864,-0.7328197977350344,0.004160949050506839,-17.998292058070025,3.165456345931672,0.6296676702433125,-0.1486447988868459,-0.3562498256377073,Mortgage Finance,Financial Services,OCN
2018Q4,2018,Q4,2019-02-27,2018-12-31,-2342000.0,310929000.0,12118000.0,-0.299999,67773000.0,0.21796937564524377,9394216000.0,554705000.0,2076257000.0,635052000.0,8839511000.0,0.0,3567000.0,179443533.9,7253913533.9,62.13414469541942,3.2694283302784655,0.7881021683980867,13.346917731046231,0.0007357457085850032,62.13414469541942,-0.0042220639799533085,0.5771206092066035,-19.15494597566183,0.32349362976717355,0.0,0.0,0.0,0.03309791897482451,0.8304737249863003,-0.00024930233667184147,-7.685277052550431,0.21796937564524377,0.9354837669089546,-1.022525259529249,-0.4337004017397897,-0.6974835583077899,0.10915994304698623,0.943082120203174,-0.5096904713736597,0.9902279246747071,-0.19736207728425084,-0.3905181965534409,Mortgage Finance,Financial Services,OCN
2018Q3,2018,Q3,2018-11-06,2018-09-30,-41147000.0,238278000.0,24715000.0,-4.649977,61103000.0,0.25643575991069256,8461037000.0,559556000.0,1799316000.0,316292000.0,7900293000.0,0.0,5909000.0,526278424.05,7285289424.05,62.67751952693794,5.688781252766431,0.8289591453151665,12.534677494299052,0.0033318630798715825,62.67751952693794,-0.07353508853448092,2.2086740028454157,-3.197550392798989,0.9405286049117515,0.0,0.0,0.0,0.028161796243179174,1.298736610473866,-0.004863115478634593,5.763897488116882,0.25643575991069256,-0.40909077134919447,-1.6227165408548463,-0.5451866856661864,-0.6850215336716607,-0.32077590040017784,-0.37933693138010793,-0.518094606715283,0.42385291175888756,-0.449056763334236,-0.5137030745187857,Mortgage Finance,Financial Services,OCN
2018Q2,2018,Q2,2018-07-26,2018-06-30,-29831000.0,253581000.0,51286000.0,-3.299984,89960000.0,0.354758440103951,8420196000.0,600024000.0,1847914000.0,287071000.0,7819013000.0,0.0,47056000.0,530072888.4,7201467888.4,67.23872580539246,6.437132277380857,0.8194354383199631,11.49921836459875,0.007162808156623137,67.23872580539246,-0.04971634467954615,2.0903493889526423,-4.442299021152492,0.8834194772209112,0.0,0.0,0.0,0.030115807280495607,1.4181578773195482,-0.0035427916404796277,5.654472695852534,0.354758440103951,-11.999983333277777,-1.3941522138379687,-0.5149573428975249,-0.6767645711066766,-0.06159703750065196,-12.707613814756671,-0.09157574039960323,-3.8678038814068696,-0.48754970086261196,-0.5081504843373248,Mortgage Finance,Financial Services,OCN
2018Q1,2018,Q1,2018-05-02,2018-03-31,2548000.0,260257000.0,56456000.0,0.299999,95865000.0,0.3683474411831382,8463318000.0,630439000.0,1997789000.0,341850000.0,7830976000.0,0.0,76887000.0,548463134.4,7129903134.4,71.03691708034698,5.844051484569255,0.8113948926413966,10.892557408409061,0.003968955651543495,71.03691708034698,0.004041628135315232,2.107390519371237,53.813101883830456,0.8699701864890972,0.0,0.0,0.0,0.030751178202213365,1.3297352640046805,0.0003010639562403303,5.687799543701,0.3683474411831382,1.05882362168442,-0.942494994512714,-0.3479105807218051,-0.6443447797326776,-0.43276154861156313,1.0572803093316547,-0.4974138928701783,-0.9302063058271076,-0.5201991297243942,-0.4696988591171183,Mortgage Finance,Financial Services,OCN
2017Q4,2017,Q4,2018-02-28,2017-12-31,-44483000.0,276770000.0,112331000.0,-5.099975,169003000.0,0.6106261516782888,8403164000.0,545040000.0,2187446000.0,814903000.0,7856290000.0,0.0,-2083000.0,409697202.75,7176026202.75,62.4598552985849,2.6843023034643387,0.8361117312478966,12.890767650080727,0.014820263904579465,62.4598552985849,-0.08161419345369147,1.4802803871445604,-2.3025493039475755,0.7516828173161604,0.0,0.0,0.0,0.03293640347849929,0.5634830157699751,-0.00529360131493328,45.175565415150515,0.6106261516782888,-5.800002933348977,-1.7054641985739125,0.22908941478268433,-0.6799623713132136,1.0321897959429074,-6.115003198976328,6.36017559952824,0.9182331520113924,-0.4617740638835502,-0.4964809731131173,Mortgage Finance,Financial Services,OCN
2017Q3,2017,Q3,2017-11-02,2017-09-30,-6252000.0,284642000.0,15262000.0,-0.749996,83163000.0,0.29216700276136337,8097605000.0,586808000.0,2285830000.0,511905000.0,7508183000.0,0.0,42400000.0,442882077.6,6834530077.6,68.36874719357576,4.465340248678954,0.8263598928325103,11.403280118880451,0.0004844844503293305,68.36874719357576,-0.010654251475780835,1.5559266643713858,-17.7096160268714,0.7547308107592262,0.0,0.0,0.0,0.03515138117999087,1.0380871450757465,-0.0007720801397450234,3.679981367522788,0.29216700276136337,0.8611111574076389,-1.1274770450149663,0.2827608693160229,-0.5962512036068559,-0.0857994019875121,0.8595277147415014,-0.5646766878690208,0.915897208905955,-0.43811887750544265,-0.6308089687654117,Mortgage Finance,Financial Services,OCN
2017Q2,2017,Q2,2017-08-03,2017-06-30,-44507000.0,311300000.0,35059000.0,-5.399973,90968000.0,0.2922197237391584,7932392000.0,577750000.0,2386785000.0,629091000.0,7352145000.0,0.0,48652000.0,335127974.1,6586953974.1,69.56212044848213,3.794021850574877,0.8198407239581705,11.256249242752055,0.005287618378295937,69.56212044848213,-0.07703504976200778,1.0765434439447479,-1.8824453125351068,0.5800570733016011,0.0,0.0,0.0,0.039244152331352256,0.8015835546844574,-0.0056107918015146,1.7395419438057027,0.2922197237391584,-0.38461520709972696,-2.074595103204101,0.58640623766496,-0.5744377207881631,-0.24399345117887092,-0.3600721183229434,-0.2880553976118918,-1.7161626432854817,-0.3935957531446743,-0.6750461699767385,Mortgage Finance,Financial Services,OCN
2017Q1,2017,Q1,2017-05-15,2017-03-31,-32724000.0,321864000.0,49244000.0,-3.899981,120327000.0,0.37384423234658115,7863144000.0,621008000.0,2564316000.0,685582000.0,7239710000.0,0.0,93159000.0,678365031.15,6814218031.15,75.11251916040041,3.7403490756758493,0.8144544980989792,10.312545087985985,0.007498050145653166,75.11251916040041,-0.05269497333367686,2.107613871542018,-5.182473346397139,1.0923611791635535,0.0,0.0,0.0,0.04093324502260165,0.7037363874780843,-0.00416169410098556,8.567053927610724,0.37384423234658115,-2.25000041666875,-2.7817302155235666,1.0342154257944456,-0.5412164940379968,-0.20741033494713962,-2.1332822673305247,-0.45645599240601337,-1.4704606821197612,-0.3633441012154412,-0.6497773559513809,Mortgage Finance,Financial Services,OCN
2016Q4,2016,Q4,2017-02-23,2016-12-31,-10444000.0,323904000.0,90598000.0,-1.199994,151815000.0,0.46870368998221695,7655663000.0,652958000.0,2696770000.0,587041000.0,7000380000.0,0.0,126167000.0,668302866.0,6495965866.0,78.99360751806203,4.593835864956621,0.7947335194874696,9.317922439115533,0.013748018048808418,78.99360751806203,-0.01599490319438616,2.063274507261411,-15.997291890080428,1.023500540616701,0.0,0.0,0.0,0.042309072382104594,0.9462592902369681,-0.001364218879540544,5.664303648768911,0.46870368998221695,-2.0,-2.1403028269035915,1.2241193632180485,-0.4878061853286092,0.10438217450133123,-2.1121286337983176,-0.025073174931129476,-1.1084896311465096,-0.3628527815559539,-0.6153988249144301,Mortgage Finance,Financial Services,OCN
2016Q3,2016,Q3,2016-10-27,2016-09-30,9391000.0,359448000.0,92928000.0,1.199994,137466000.0,0.3824364024838085,7585450000.0,661076000.0,2844297000.0,649713000.0,6922063000.0,0.0,136611000.0,455034492.0,6154002492.0,79.9768686546074,4.377774494276704,0.7860445985406271,9.019389601195627,0.05622634376828671,79.9768686546074,0.014205628399760391,1.265925786205515,12.113579278032159,0.6883240232590503,0.0,0.0,0.0,0.04738650969949047,0.8748201128806103,0.0012380280668912193,2.785112663039154,0.3824364024838085,1.1126760536930371,-0.6217523042415521,1.3713576477819178,-0.44911330620022905,1.1735129494355374,1.107475565931928,14.617819460726846,-0.846499841820656,-0.25897978308764513,-0.5980856992953507,Mortgage Finance,Financial Services,OCN
2016Q2,2016,Q2,2016-07-28,2016-06-30,-87378000.0,373054000.0,-6824000.0,-10.649947,63246000.0,0.16953577766221511,7488252000.0,650924000.0,3007657000.0,385809000.0,6835100000.0,0.0,127220000.0,211859355.6,5533200355.6,78.80794573699723,7.79571497813685,0.7398597162595489,8.511371527244348,-0.0009972491791902934,78.80794573699723,-0.13423686943483418,0.5679053316678014,-0.6061576014557439,0.3254747952141878,0.0,0.0,0.0,0.04981856914003428,1.3641128122983135,-0.011668677816932442,8.277049367088607,0.16953577766221511,0.21111112181075278,-3.6989122075954763,1.8720462321652889,-0.44499866574986124,-0.06866541990016051,0.21515121574404253,-2.0848966613672495,-2.247346542187006,-0.2290542926431282,-0.621148083409143,Mortgage Finance,Financial Services,OCN
2016Q1,2016,Q1,2016-04-28,2016-03-31,-111331000.0,330757000.0,6290000.0,-13.499933,67909000.0,0.20531387090824987,7407110000.0,736401000.0,3106901000.0,588365000.0,6668642000.0,0.0,214598000.0,306512056.5,5700222056.5,89.0133241789789,5.280567334902654,0.766050861942107,7.705343963411239,0.0010683829866900748,89.0133241789789,-0.15118257579769717,0.9266986231583912,-0.6882900012126002,0.4162298211164841,0.0,0.0,0.0,0.04465398785761248,0.8805690345278866,-0.015030288466081914,2.6236854825593836,0.20531387090824987,0.49720668997007283,-5.095295763935451,1.3718864917371636,-0.35719620761228577,-0.22549925297384837,0.5035207656048626,0.3605883625351503,-3.6953921060997237,-0.11097618515089311,-0.5543436466732619,Mortgage Finance,Financial Services,OCN
2015Q4,2015,Q4,2016-02-29,2015-12-31,-224241000.0,362457000.0,4623000.0,-26.849866,87681000.0,0.24190731590230014,7404809000.0,851562000.0,3322244000.0,604418000.0,6550171000.0,0.0,325929000.0,873314618.55,6181707618.55,101.94585686407207,5.496600035075064,0.7516284349805646,6.5358306265427535,0.0012497352839173918,101.94585686407207,-0.26332903534915836,2.4094295835092163,-0.9736339680856757,1.0255443743966968,0.0,0.0,0.0,0.04894886552779417,0.9004579612122736,-0.030283157877536073,-4.083447275877064,0.24190731590230014,-2.377358628219513,-19.17700928471235,1.5896843930186173,-0.24292924500757462,-0.36628818814550346,-2.353437317740657,-0.7982368087984987,-4.715152458551525,0.6815185613625528,-0.47764031585965955,Mortgage Finance,Financial Services,OCN
2015Q3,2015,Q3,2015-10-29,2015-09-30,-66869000.0,404946000.0,22913000.0,-7.94996,138361000.0,0.34167765578620357,8011054000.0,1077363000.0,4065667000.0,317572000.0,6930599000.0,0.0,550373000.0,841328418.1500001,5979678418.15,128.8873448354943,12.802347184260578,0.6986626229207792,5.195114367209566,0.00409798354972176,128.8873448354943,-0.06206728836984378,2.0776311363737388,-3.1454351723145257,0.7809145275547796,0.0,0.0,0.0,0.05054840474174809,2.582866247654075,-0.00834709140644914,3.7404177235927785,0.34167765578620357,-7.6249997916656245,-5.056306182415423,2.4020796393912622,-0.029662059633558415,-0.4048502888408085,-7.866810433353871,-0.8025371217801218,-2.3999885110064825,0.8738311711803332,-0.2388611392819455,Mortgage Finance,Financial Services,OCN
2015Q2,2015,Q2,2015-07-31,2015-06-30,9738000.0,463251000.0,116037000.0,1.199994,232481000.0,0.5018467310378175,8004639000.0,1142057000.0,4056972000.0,580862000.0,6859609000.0,0.0,617286000.0,1278179901.0,6765112901.0,136.70589004199965,6.984399048310959,0.7254559512302804,5.0846962979956345,0.013232994020782636,136.70589004199965,0.008526719769678746,2.7591519521814307,32.814230360443624,1.1191909869647487,0.0,0.0,0.0,0.057872816000821524,1.204001983259363,0.0012165445562254587,6.301357218919159,0.5018467310378175,-0.7037037219936888,-0.5146410792428598,3.841476983020351,0.014701592306841352,-0.057128488402746515,-0.7165478096346966,-0.12150417152461275,-0.7662493137077381,1.3470278469500458,-0.1636702594331919,Mortgage Finance,Financial Services,OCN
2015Q1,2015,Q1,2015-05-11,2015-03-31,34355000.0,510444000.0,132086000.0,4.04998,246567000.0,0.4830441733079437,8386774000.0,1118735000.0,4304188000.0,686232000.0,7265234000.0,0.0,607562000.0,1033500971.25,6855676971.25,133.95580662353441,6.2722053183180035,0.7231037822170956,5.420861955691026,0.014764469363827111,133.95580662353441,0.03070879162625644,2.0247098041117146,7.520746407000436,0.9238121371459729,0.0,0.0,0.0,0.06086297305734004,0.7900651674652304,0.004096330722635426,3.2517107136452164,0.4830441733079437,1.0566037772767614,0.3143653932439075,4.046011526285463,0.0024980547786907525,0.192919900141273,1.0658299401197604,1.3367650808219878,0.8517600039385373,2.1936831576774143,-0.1818046406422026,Mortgage Finance,Financial Services,OCN
2014Q4,2014,Q4,2015-05-11,2014-12-31,-521875000.0,493292000.0,-392220000.0,-71.549642,206692000.0,0.4190053761261079,8267278000.0,1038394000.0,4349755000.0,731478000.0,7226113000.0,0.0,530361000.0,1896030367.5,7788984367.5,124.04666350893771,5.946528808795343,0.7284655239608491,5.799751346791295,-0.05576487471560675,124.04666350893771,-0.5025789825441981,3.8436268325859735,-0.9082780203592814,1.8259257733577041,0.0,0.0,0.0,0.059668006809496424,0.5469323752730773,-0.06312537209949877,-8.889114607263078,0.4190053761261079,-7.2241374296447685,-45.25641385993164,4.335977881705158,-0.04485684149102458,0.016304775391393283,-5.923163661930725,-7.686441978213062,-57.264705168366035,2.3447377277775794,-0.19568259032386123,Mortgage Finance,Financial Services,OCN
2014Q3,2014,Q3,2014-10-31,2014-09-30,-75381000.0,513698000.0,58659000.0,-8.699957,203376000.0,0.3959057656444059,8355640000.0,1611752000.0,4493172000.0,807436000.0,6741197000.0,0.0,1052236000.0,3417847171.2,8541763171.2,185.18528731575134,5.564740734869389,0.6490321507389021,3.3647105758205975,0.00868359664598986,185.18528731575134,-0.04676960227131718,6.653417321461247,-11.335240880327934,2.1205788304900506,0.0,0.0,0.0,0.06147919249752263,0.6749513274117082,-0.009021571058590366,10.150353024750387,0.3959057656444059,-2.208333402778125,-0.13492540955016033,2.9000214680256775,0.18985000429493423,-0.4591667951984087,-2.1258457172727954,-0.7174571674911252,-3.8835109259922973,2.2185785964534106,0.27557020405871885,Mortgage Finance,Financial Services,OCN
2014Q2,2014,Q2,2014-08-18,2014-06-30,66955000.0,553074000.0,207611000.0,7.199964,376042000.0,0.6799126337524454,8364902000.0,1915511000.0,4646045000.0,653825000.0,6446823000.0,0.0,1128425000.0,4979648257.5,10001231257.5,214.06770445974618,7.105945780598784,0.631334832135511,2.756994869776263,0.025048965523302637,214.06770445974618,0.034954119292449896,9.003584072836546,18.59326509409305,2.599644824540292,0.0,0.0,0.0,0.06611840760357982,0.7635361144037013,0.00800427787438514,-634.3500964968152,0.6799126337524454,-0.11111116598106656,0.8833464401449209,1.4481200566507415,0.38381071691701235,-0.01114181955879762,-0.11722437570867283,0.02743644434766686,0.9089583429451282,2.9303366177169843,0.5075619657885321,Mortgage Finance,Financial Services,OCN
2014Q1,2014,Q1,2014-05-02,2014-03-31,75846000.0,551261000.0,202067000.0,8.09996,380279000.0,0.6898347606669073,8185427000.0,1933493000.0,4580664000.0,638046000.0,6249423000.0,0.0,1061543000.0,5298222461.400001,10043156461.400002,214.4707672013721,7.179206514890776,0.6092925879126404,2.579435250088829,0.02488801660573038,214.4707672013721,0.03922745000886996,9.611096125791596,17.46375043311447,2.7402335883295157,0.0,0.0,0.0,0.06734663933842425,0.6662685762468536,0.009265979648954172,26.095504459395567,0.6898347606669073,-0.2702702580958735,1.3294161297713492,1.1875558639602126,0.43238247732972446,-0.041664566595768275,-0.2795714245006127,-0.060498700477498966,1.5602754668610048,2.627663346810254,0.548786361872572,Mortgage Finance,Financial Services,OCN
2013Q4,2013,Q4,2014-03-03,2013-12-31,105279000.0,555955000.0,215079000.0,11.099945,396812000.0,0.7137484148896943,7873770000.0,1856683000.0,4420457000.0,765483000.0,6017087000.0,0.0,986694000.0,7518812062.5,12101732062.5,205.3909676705661,5.774729157930352,0.6047207373342122,2.5644830054457333,0.028487320039912178,205.3909676705661,0.05670273277667755,13.524137857380543,17.854491547459606,4.0495938523162005,0.005518669440249243,0.0,7.72728451210706e-05,0.07060848869093204,0.43244330703621114,0.013370850304237996,-16.043726194667606,0.7137484148896943,0.6818182575761362,14.221248119043649,1.3097114872109072,0.4137074700854477,0.10268437725782249,0.5712814542849467,0.16271488809601037,6.885685121101855,2.670458019196347,0.5252752759762256,Mortgage Finance,Financial Services,OCN
2013Q3,2013,Q3,2013-11-05,2013-09-30,67002000.0,531240000.0,184980000.0,6.599967,359860000.0,0.6773962804005722,5311680000.0,1801369000.0,2841575000.0,566540000.0,3510311000.0,0.0,882412000.0,7572924923.849999,10176652923.849998,198.9898555846093,5.015665266353656,0.5574910386167842,1.643868635465582,0.034118330189947865,198.9898555846093,0.037195044435648666,14.255185836627511,28.256339078870777,4.203983150509418,0.02158144532999015,0.0,0.00019094339565496022,0.10001355503343574,1.5387139478236311,0.012614088198084222,1446.042567089937,0.6773962804005722,-0.16981129464802333,0.9886786180182587,1.0234103312503482,0.36240482452400263,0.0788237445550669,-0.12667978780255731,0.19211955996365254,6.60338925268511,3.1211475320733952,0.4981098948716265,Mortgage Finance,Financial Services,OCN
2013Q2,2013,Q2,2013-08-06,2013-06-30,76721000.0,529965000.0,155169000.0,7.94996,333567000.0,0.6294132631400187,7082280000.0,1881742000.0,4623150000.0,645639000.0,5200538000.0,0.0,821257000.0,5694948332.099999,9056302332.099998,208.01780929646515,7.160580448207125,0.5367058348441462,2.01999051942296,0.02393844160637175,208.01780929646515,0.04077126407339582,10.74589516685064,18.55733219099073,3.0264235650264486,0.0,0.0,0.0,0.07482971585421644,1.1483305686304577,0.01083281090270365,-68.79951111554072,0.6294132631400187,0.7096772736725365,318.2940964908365,0.8656502046909514,0.46203877239763924,0.2171534910875554,0.6993598688727933,-0.048819061747163356,2.5314128601976473,4.115047701240415,0.5440154206702867,Mortgage Finance,Financial Services,OCN
2013Q1,2013,Q1,2013-05-08,2013-03-31,45147000.0,406659000.0,163133000.0,4.649977,274055000.0,0.6739184427247399,7248015000.0,1806130000.0,5292007000.0,659816000.0,5441885000.0,0.0,747141000.0,5104104601.200001,8269639601.200001,199.73534207357693,8.020428422469294,0.5282742930305746,2.119969215947911,0.02545996710156901,199.73534207357693,0.024996539562489966,12.551313511320297,28.26380823310519,2.825989602741774,0.0,0.0,0.0,0.05610625805824077,1.2411990615565551,0.006228877837587256,12.864171851127484,0.6739184427247399,-0.35648434490087394,2.511906968739699,0.4626433048579264,0.4016599300018699,0.0,-0.30905557000964173,0.0,0.5952422838700661,2.7128047935702204,0.4947787404397483,Mortgage Finance,Financial Services,OCN
2012Q4,2012,Q4,2013-03-01,2012-12-31,65341000.0,233347000.0,0.0,7.225895692131569,0.0,0.0,5671882000.0,1764794000.0,4278267000.0,633779000.0,3907088000.0,0.0,704565000.0,4691761311.6,6507496311.6,195.16409853077914,6.750408265341704,0.35893994268569057,1.1535992302784348,0.0,195.16409853077914,0.03702471789908624,20.106370819423436,17.951061782035783,2.6585319938757728,0.0,0.0,0.0,0.04114101809593359,0.6115522918872351,0.011520162090819238,2.049486034916422,0.0,0.3019697562675215,5.352460097782189,-0.12608417108326886,0.38885533765539576,0.0,0.27122568093385213,0.0,4.129540906428862,1.3366580624121818,0.5027381488967999,Mortgage Finance,Financial Services,OCN
2012Q3,2012,Q3,2012-11-02,2012-09-30,51400000.0,232557000.0,0.0,5.549972,0.0,0.0,4156016000.0,1523214000.0,402568000.0,2025200000.0,2632802000.0,0.0,639369000.0,3864370999.2000003,4201430999.2000003,169.33486317319634,0.19877937981433932,0.14618880196803863,0.39886910178083973,0.0,169.33486317319634,0.03374443774807742,16.616876719255927,18.79557878988327,2.536984953657201,0.0,0.0,0.0,0.05595671431486308,0.19877937981433932,0.012367613599177674,8.657637209927547,0.0,0.1562499479164063,3.001161562754128,-0.1412539620237425,0.18986159166638808,0.0,0.14647692547899985,0.0,1.7487653531309453,0.7083062733084315,0.08800807339715794,Mortgage Finance,Financial Services,OCN
2012Q2,2012,Q2,2012-08-06,2012-06-30,44833000.0,212412000.0,0.0,4.799976,0.0,0.0,5374862000.0,1469573000.0,211231000.0,3261700000.0,3905289000.0,0.0,587969000.0,2532610046.7,3048061046.7,163.4593192265883,0.06476101419505166,0.11973498110277064,0.4379224441385355,0.0,163.4593192265883,0.030507501158499782,11.923102492797016,14.122465854950594,1.7233645737231156,0.0,0.0,0.0,0.03951952626876746,0.06476101419505166,0.008341237412234956,-1.7096715930746624,0.0,1.2857137414940072,-0.2341453942692284,-0.15681600691580277,0.16522639822493088,0.0,1.3170706496459765,0.0,0.2551540210585817,-0.06420539460949921,0.05665989317060444,Mortgage Finance,Financial Services,OCN
2012Q1,2012,Q1,2012-05-04,2012-03-31,19349000.0,166690000.0,0.0,2.09999,0.0,0.0,4494511000.0,1426013000.0,746181000.0,2440100000.0,3068498000.0,0.0,543136000.0,2042063251.1999998,1986476251.1999998,163.72105401413728,0.30579935248555384,0.13980586542117707,0.44064044296931376,0.0,163.72105401413728,0.013568600005750298,12.250664414182014,26.384609685255054,1.4320088605082844,0.0,0.0,0.0,0.03708746068259706,0.30579935248555384,0.004305028956431523,5.635625463848389,0.0,0.8952384726805511,-0.24412070561728424,-0.2991573115952402,0.20997219102501893,0.0,1.004869961662004,0.0,-0.3849244448992127,-0.3153525791561107,0.09344118081889939,Mortgage Finance,Financial Services,OCN
2011Q4,2011,Q4,2012-02-29,2011-12-31,9651000.0,153456000.0,0.0,1.1080347039546197,0.0,0.0,4737157000.0,1343311000.0,227436000.0,2708500000.0,3393846000.0,0.0,523787000.0,1891815475.1999998,2423827475.2,154.2260083104325,0.08397120177219863,0.14275355450537106,0.5034173024712818,0.0,154.2260083104325,0.007184486689977228,12.328064560525492,49.00568529686042,1.408322774994026,0.0,0.0,0.0,0.03239411317800951,0.08397120177219863,0.0020372978982963834,10.752739460491764,0.0,-0.6112139835232104,-0.6647132036306881,-0.34888972445712596,0.16432248883055037,0.0,-0.5228890646628436,0.0,2.2578836936030866,-0.3383330616952976,0.061538696188556695,Mortgage Finance,Financial Services,OCN
2011Q3,2011,Q3,2011-11-09,2011-09-30,20228000.0,123497000.0,0.0,2.849986,0.0,0.0,4897175000.0,977702000.0,205178000.0,3226500000.0,3919232000.0,0.0,514136000.0,1334438202.75,1875388202.75,145.17843606452462,0.06359150782581745,0.14150750177398194,0.7087916358972366,0.0,145.17843606452462,0.0206893306958562,10.805430113686972,16.49246345103322,1.3648721213109924,0.0,0.0,0.0,0.02521800834154385,0.06359150782581745,0.00413054465074252,7.7326460998887425,0.0,-0.2399998826660722,-0.2624397401172228,-0.3062511837053728,0.1261768795494288,0.0,-0.23314883615133825,0.0,-0.19295613467893985,-0.3677090573122506,-0.006020678139253674,Mortgage Finance,Financial Services,OCN
2011Q2,2011,Q2,2011-08-04,2011-06-30,26378000.0,105830000.0,0.0,3.749981,0.0,0.0,2288749000.0,955575000.0,157233000.0,1150500000.0,1332923000.0,0.0,493908000.0,1288044100.2,1366585100.2,141.99595725922802,0.13666492829204693,0.07982876235008732,0.19120215577008606,0.0,141.99595725922802,0.02760432200507548,12.17087876972503,12.2075602793995,1.3479256993956517,0.0,0.0,0.0,0.04623923374734407,0.13666492829204693,0.01152507330423738,4.913479563600298,0.0,0.1904762055934253,-0.8968094791757493,-0.37354879489341625,0.15153550294167345,0.0,0.1949805200688593,0.0,146.5670035052372,-0.4992019972980777,-0.001991244216813322,Mortgage Finance,Financial Services,OCN
2011Q1,2011,Q1,2011-05-05,2011-03-31,22074000.0,113231000.0,0.0,3.149984,0.0,0.0,2565787000.0,930221000.0,179366000.0,1414500000.0,1635320000.0,0.0,467530000.0,1110407543.7,1202425543.7,138.4766630706023,0.12680523153057618,0.08617433949115808,0.23769082830854174,0.0,138.4766630706023,0.02372984484332218,9.806568375268258,12.57596656360424,1.1937029412365447,0.0,0.0,0.0,0.04413109895716207,0.12680523153057618,0.008603208294375176,3.020136491889422,0.0,1.1328604847833887,-0.16193760043723857,-0.3062474335063056,0.594725526666594,0.0,1.2249773208345933,0.0,1.311424343086053,-0.45177615574009006,-0.02822811500764364,Mortgage Finance,Financial Services,OCN
2010Q4,2010,Q4,2011-02-28,2010-12-31,9921000.0,112557000.0,0.0,1.4768823476608735,0.0,0.0,2921409000.0,904571000.0,2908599000.0,1625500000.0,2016592000.0,0.0,445456000.0,961278399.9,1224814399.9,134.65829473903275,1.7893565056905567,0.13395317122662387,0.4326161241074498,0.0,134.65829473903275,0.010967629959395117,8.540369767317893,24.22332425914726,1.0626898274430643,0.0,0.0,0.0,0.038528326571185344,0.121386650261458,0.0033959640707617454,-4.064945872378214,0.0,2.0939925967474453,2.412239958823574,-0.6464895129655727,0.6343726236771434,0.0,2.1229202037351445,0.0,1.8895881924108726,-0.43255414005135867,-0.04172492371395731,Mortgage Finance,Financial Services,OCN
2010Q3,2010,Q3,2010-11-04,2010-09-30,-8835000.0,95245000.0,0.0,-1.349993,0.0,0.0,3255774000.0,888441000.0,3236317000.0,1775700000.0,2367082000.0,0.0,435535000.0,1017350357.4,1445056357.4,132.827275399353,1.8225584276623303,0.1817131655944178,0.6659046577094033,0.0,132.827275399353,-0.009944385727358373,10.681404350884561,-28.787503039049234,1.1450961373912278,0.0,0.0,0.0,0.029254180419156856,0.11638114546376077,-0.002713640443102009,1.6910462881268595,0.0,-1.5999998222213532,-1.6979918944340862,-0.061295021043998386,0.6135317147031217,0.0,-1.550879161990273,0.0,-1.9249169460422584,-0.5270113387541252,-0.06666547950179809,Mortgage Finance,Financial Services,OCN
2010Q2,2010,Q2,2010-08-04,2010-06-30,16038000.0,76486000.0,0.0,2.249989,0.0,0.0,2077529000.0,899690000.0,1947333000.0,927400000.0,1177599000.0,0.0,444370000.0,1020726644.55,1127760644.55,134.72521485968102,2.099776795341816,0.1205374269143776,0.2783403172203759,0.0,134.72521485968102,0.017826140114928474,13.345274227309572,15.911065041619901,1.1345314992386266,0.0,0.0,0.0,0.03681585190868575,0.21600711667026096,0.007719747835048271,-2.4412931664948614,0.0,-0.2499999166662501,2.4581712660036845,-0.16206379998075668,0.6785556602909735,0.0,-0.2311601150527325,0.0,-0.6311615342097863,-0.5912453330230306,-0.03960583218010363,Mortgage Finance,Financial Services,OCN
2010Q1,2010,Q1,2010-05-07,2010-03-31,20860000.0,80731000.0,0.0,2.999985,0.0,0.0,1815459000.0,890603000.0,1700353000.0,654800000.0,924612000.0,0.0,428332000.0,1108738054.2,1078864054.2,133.6220115191208,2.59675167990226,0.14879928436830575,0.30332145748442346,0.0,133.6220115191208,0.023422332958680805,13.733733685944681,13.287848204697987,1.2449296198193809,0.0,0.0,0.0,0.04446864401784893,0.5399740378741601,0.011490207159732056,4.941010513603245,0.0,1.1296385156694002,4.484459599445365,-0.07202654249643757,0.6788364793239324,0.0,1.2217488550431357,0.0,0.06492992917948212,-0.5564279870388433,-0.012473264232711478,Mortgage Finance,Financial Services,OCN
2009Q4,2009,Q4,2010-03-08,2009-12-31,9389000.0,73607000.0,0.0,1.4086827308610295,0.0,0.0,1769350000.0,865611000.0,1648223000.0,752300000.0,903487000.0,0.0,405198000.0,956773956.6,1174196956.6,129.8723258433642,2.190911870264522,0.17426851668691892,0.356213125757413,0.0,129.8723258433642,0.010846673621291781,12.998409887646556,25.47592812333582,1.1053163102132484,0.0,0.0,0.0,0.04160115296577839,0.2100412069653064,0.005306468477124368,-41.32218867582275,0.0,1.1841424481403997,1.2972270748596433,-0.11005094780311227,0.6456545464034897,0.0,1.2233827413099856,-1.0,-0.5737383330635174,-0.5918661673957364,-0.01953456934585457,Mortgage Finance,Financial Services,OCN
2009Q3,2009,Q3,2009-11-09,2009-09-30,-42031000.0,83352000.0,29979000.0,-7.649962,0.0,0.0,1875053000.0,857198000.0,1746110000.0,853400000.0,1017593000.0,0.0,395809000.0,935200158.6,1070993158.6,155.6375061119456,2.046062807593157,0.1768734003785493,0.38689660965144573,-0.0449729192321534,155.6375061119456,-0.04903301220954785,11.219888648142817,-5.562561910256716,1.0909966642479334,0.0,0.0,0.0,0.044453143457811595,0.2683255214436372,-0.02241589971056818,27.43246483236045,0.0,-2.961538274160823,-1.836662253076863,0.26723633878983516,1.0514578519013726,0.0,-3.3573191250701067,0.0,-2.8739232112114497,-0.4274685127384343,0.20730988516851673,Mortgage Finance,Financial Services,OCN
2009Q2,2009,Q2,2009-08-04,2009-06-30,17830000.0,113305000.0,0.0,3.899981,0.0,0.0,2034285000.0,694235000.0,1988203000.0,1108800000.0,1339741000.0,0.0,437840000.0,525963016.65800005,543396016.658,154.69435367336,1.7931123737373738,0.1137225118407696,0.3332358639365633,0.0,154.69435367336,0.025682945976506513,4.642010649644765,7.374691764694336,0.7576152407441286,0.0,0.0,0.0,0.0556977021410471,0.2361417748917749,0.008764750268521864,8.380011099643108,0.0,0.0833334722229167,0.9856398950055882,1.0028436958860647,1.085866295615821,0.0,0.1800913362896287,0.0,-0.8954061762395936,0.005736668818363092,0.2545148735064641,Mortgage Finance,Financial Services,OCN
2009Q1,2009,Q1,2009-05-07,2009-03-31,15109000.0,116936000.0,0.0,3.599982,0.0,0.0,2029516000.0,626374000.0,1983927000.0,1150200000.0,1402838000.0,0.0,418646000.0,432069769.5174,526122769.5174,149.73009695091545,1.7248539384454877,0.12461493282142146,0.4037651626663942,0.0,149.73009695091545,0.024121371576725725,3.6949251686170217,7.14921188558806,0.6897951854920543,0.0,0.0,0.0,0.057617678303595536,0.1810885063467223,0.007444632119185067,3.6307163584198854,0.0,5.0868382902654,1.4128795218032073,1.2674530353863158,1.0607433962170756,0.0,5.100135685210312,0.0,-0.0788805083487519,0.15046239444081808,0.7243223690055823,Mortgage Finance,Financial Services,OCN
2008Q4,2008,Q4,2009-03-12,2008-12-31,-3685000.0,111391000.0,0.0,-0.8808721423049544,0.0,0.0,2238012000.0,607780000.0,2191785000.0,1377700000.0,1629826000.0,0.0,424739000.0,347016744.33720005,599314744.3372,145.285338032593,1.5909015025041737,0.20255610783141467,0.745866925532265,0.0,145.285338032593,-0.00606304912961927,3.1153032501476785,-23.542519968602445,0.5709578208187174,0.0,0.0,0.0,0.04977229791439903,0.17697829716193655,-0.0016465505993712277,3.449436331022555,0.0,-1.2553265167697796,-1.8934337666854308,1.660432567712107,1.0687542603422053,0.0,-1.236809973652079,-1.0,-3.0351974057703885,-0.4382218691857607,0.7633550132379707,Mortgage Finance,Financial Services,OCN
2008Q3,2008,Q3,2008-11-06,2008-09-30,15561000.0,121261000.0,43803000.0,3.449983,0.0,0.0,2302415000.0,610676000.0,2250139000.0,1411700000.0,1689615000.0,0.0,428424000.0,304134267.237,637041267.237,146.05780308663574,1.593921513069349,0.2150841616302882,0.8109259247129411,0.02555289777262782,146.05780308663574,0.025481597442833844,2.5080963148662803,4.8861619953248505,0.4980288520213665,0.0,0.0,0.0,0.05266687369566303,0.16406672805836933,0.006758555690438084,1.7783029804823856,0.0,129.3185389285946,2.5949437989511424,2.2071044765125705,1.1001158163882858,0.0,139.1891891891892,0.0,0.9666929811065977,0.9118918430049745,0.7742507835954469,Mortgage Finance,Financial Services,OCN
2008Q2,2008,Q2,2008-08-05,2008-06-30,111000.0,131225000.0,0.0,0.02647346285773161,0.0,0.0,2486208000.0,594567000.0,2433303000.0,1450300000.0,1889369000.0,0.0,412863000.0,175588303.6013,697839303.6013,142.27927003285336,1.6777928704405984,0.2699235140422684,1.1286970181661613,0.0,142.27927003285336,0.0001866904823173839,1.3380705170607734,395.4691522551802,0.29532130710466603,0.0,0.0,0.0,0.05278118323165238,0.1513804040543336,4.464630473395629e-05,1.143815776076633,0.0,-0.9803899258309253,-0.9713014503288119,2.7763103937408395,1.0928333251201034,0.0,-0.9812816188870152,0.0,-0.9617524075272658,1.2973672250659425,0.7726724303572533,Mortgage Finance,Financial Services,OCN
2008Q1,2008,Q1,2008-05-08,2008-03-31,5930000.0,128251000.0,0.0,1.349993,0.0,0.0,2753761000.0,594395000.0,2696699000.0,1649600000.0,2155230000.0,0.0,412752000.0,167351351.769,502468351.769,142.49914533356923,1.6347593355965082,0.18512899267583496,0.8576804986582997,0.0,142.49914533356923,0.009976530758165866,1.304873660002651,7.055284644561551,0.2815490570563346,0.0,0.0,0.0,0.04657303230018872,1.0286590688651793,0.0021534185428582946,-0.537222809294666,0.0,1.813157415375307,1.755654418753562,2.4421133468677496,1.1147794009044725,0.0,1.8563176895306859,0.0,1.491251031160446,1.3555875105583757,0.7903694214650064,Mortgage Finance,Financial Services,OCN
2007Q4,2007,Q4,2008-03-17,2007-12-31,-6925000.0,123169000.0,0.0,-1.6601865450331295,0.0,0.0,2394696000.0,586146000.0,2336395000.0,1318300000.0,1804592000.0,0.0,406822000.0,208812007.3236,584824007.3236,140.5215455054135,1.7722786922551772,0.20472535971162936,0.836404240581698,0.0,140.5215455054135,-0.011814462608292131,1.6953292413155907,-7.538339614570397,0.35624572601979715,0.0,0.0,0.0,0.05143408599671942,1.2232579837669726,-0.0028918075613773107,-0.8016954704645189,0.0,-2.229774187742551,0.26045427028388285,2.510755148366856,1.0302943347320501,0.0,-2.1636699714333725,0.0,-3.707370082003254,1.3795273630981204,0.7805942777026527,Mortgage Finance,Financial Services,OCN
2007Q3,2007,Q3,2007-11-09,2007-09-30,5951000.0,125452000.0,0.0,1.349993,0.0,0.0,2110343000.0,593031000.0,1863476000.0,948800000.0,1515103000.0,0.0,413747000.0,371268084.46320003,795802084.4632001,142.31475690886427,1.9640345699831365,0.26937422020970053,0.9585873251145387,0.0,142.31475690886427,0.010034888564004243,2.959443328629277,15.59687802315577,0.6260517316349399,0.0,0.0,0.0,0.05944626063156558,1.4166294266441821,0.0028199207427418195,-2.659113489111237,0.0,-0.7692308218280057,2.5999371054444445,3.0087824789600304,0.9923901750907278,0.0,-0.7811408186532308,-1.0,-0.8434295397596456,1.520917351095758,0.8758507045990025,Mortgage Finance,Financial Services,OCN
2007Q2,2007,Q2,2007-08-09,2007-06-30,27191000.0,117012000.0,27265000.0,5.849971,0.0,0.0,2112611000.0,585807000.0,1848636000.0,930200000.0,1522614000.0,0.0,407796000.0,503000573.75820005,928142573.7582,140.28116722689862,1.9873532573640078,0.28238468889918683,1.0183712383088628,0.014946624051062275,140.28116722689862,0.046416311174158044,4.298709309798995,4.624697268932736,0.8586455500842427,0.0,0.0,0.0,0.05538738556222608,1.2403719630187056,0.012870803001593762,-12.697225135887923,0.0,1.1666663580232053,1.5821289566362111,18.056042435462242,0.9391865346266892,0.0,1.1963651050080775,0.0,2.254252021129375,1.2228248418176464,0.8915219054864874,Mortgage Finance,Financial Services,OCN
2007Q1,2007,Q1,2007-05-09,2007-03-31,12380000.0,115028000.0,0.0,2.699987,0.0,0.0,1951343000.0,569984000.0,1696786000.0,835100000.0,1379402000.0,0.0,380605000.0,489886319.69759995,872855319.6975999,135.30976598349935,2.0318357082984075,0.279947707809442,0.9584023411183472,0.0,135.30976598349935,0.021719907927240063,4.258844104892721,9.892696278222939,0.8594738092606108,0.0,0.0,0.0,0.05894811932089848,1.2211304035444857,0.006344348482045442,-2.5811475583927836,0.0,-0.1829949114067954,3.935200141893155,2.2338213756099154,0.6205532572595605,0.0,-0.11069607068457726,-1.0,0.9634129712157468,1.215056100671373,0.8622756037190247,Mortgage Finance,Financial Services,OCN
