Quarters,Year,Quarter,FillingDate,Date,NetIncome,Revenue,OperatingIncome,EPSDiluted,GrossProfit,GrossProfitRatio,TotalAssets,CommonStockEquity,CurrentAssets,CurrentLiability,TotalLiability,Inventory,RetainedEarnings,MarketCap,EnterpriseValue,bookValuePerShare,currentRatio,debtToAssets,debtToEquity,roic,shareholdersEquityPerShare,roe,priceToSalesRatio,peRatio,pbRatio,payoutRatio,inventoryTurnover,dividendYield,assetTurnover,quickRatio,returnOnAssets,priceToFreeCashFlowsRatio,grossProfitMargin,epsdilutedGrowth,fiveYNetIncomeGrowthPerShare,fiveYRevenueGrowthPerShare,fiveYShareholdersEquityGrowthPerShare,grossProfitGrowth,netIncomeGrowth,operatingIncomeGrowth,threeYNetIncomeGrowthPerShare,threeYRevenueGrowthPerShare,threeYShareholdersEquityGrowthPerShare,Industry,Sector,Symbol
2024Q1,2024,Q1,2023-06-01,2023-04-28,-1652000.0,309558000.0,9920000.0,-0.0509,137937000.0,0.4455933945,995194000.0,375284000.0,470045000.0,217596000.0,619910000.0,376062000.0,29615000.0,232616310.0,597688310.0,11.567487593625744,2.1601729811209767,0.37420241681521393,0.9923258119184404,0.009587065047670994,11.567487593625744,-0.004401999552339029,0.7514466109743569,-35.20222608958838,0.6198407339508212,0.0,0.4563635783461238,0.0,0.31105292033513066,0.21181915108733618,-0.0016599778535642297,-10.052997536626474,0.4455933944527358,0.49100000000000005,0.37801999388456553,0.02234227453505411,0.21896231948810577,-0.19871154382377545,0.4990903577926016,-0.20893141945773525,0.9199605386631766,0.42670181735304585,0.1446908411700229,Specialty Retail,Consumer Cyclical,LE
2023Q4,2023,Q4,2023-04-10,2023-01-27,-3298000.0,529603000.0,12540000.0,-0.1,172144000.0,0.325043476,1082148000.0,380752000.0,556726000.0,297477000.0,701396000.0,425513000.0,31267000.0,295924440.0,630132440.0,11.592741444403849,1.8714925859814373,0.345391757874154,0.9816494726225995,-0.061799799534971486,11.592741444403849,-0.008661806110013867,0.5587665477725768,-22.432113402061855,0.7772104677060133,0.0,0.840065990933297,0.0,0.48939978635085035,0.2840051499779815,-0.00304764228183206,3.776184059413521,0.32504347596218297,0.28571428571428575,-1.0810799732669676,0.01359273223100703,0.21169748213887898,0.15992183815106797,0.2956001708671508,3.5666423889293517,-1.1274026251380613,-0.04996315955239871,0.0772755524715118,Specialty Retail,Consumer Cyclical,LE
2023Q3,2023,Q3,2022-12-01,2022-10-28,-4682000.0,370983000.0,2746000.0,-0.14,148410000.0,0.4000452851,1212966000.0,385568000.0,692132000.0,360293000.0,827398000.0,564856000.0,34566000.0,347833280.0,756822280.0,11.661263005081056,1.9210253876705903,0.3609482870913117,1.1355143580380114,0.0017966585419065192,11.661263005081056,-0.012143123910697983,0.937598973537871,-18.57290046988466,0.902132127147481,0.0,0.3940349398784823,0.0,0.3058478143657778,0.21715104095833113,-0.0038599598010166814,-24.5801201328528,0.4000452850939261,-1.1439509954058196,-29.05423189743498,0.10636819004804851,0.4225484750798241,0.030360254656789574,-1.148692060578247,-0.5045110068567304,-2.2711781242355036,0.06818490772680175,0.17786088190548335,Specialty Retail,Consumer Cyclical,LE
2023Q2,2023,Q2,2022-09-01,2022-07-29,-2179000.0,351178000.0,5542000.0,-0.0653,144037000.0,0.4101538251,1199155000.0,394945000.0,674954000.0,357500000.0,804210000.0,569174000.0,39947000.0,425352750.0,818598750.0,11.8385240250592,1.8879832167832167,0.3475372241286573,1.0552127511425642,0.004571520797769924,11.8385240250592,-0.005517223917254301,1.2112169611991639,-48.80137104176228,1.076992366025649,0.0,0.3639326462558023,0.0,0.2928545517468551,0.1802013986013986,-0.0018171128836555741,-141.1725024892134,0.41015382512571974,0.08671328671328668,0.45998320620688954,0.1174522487742896,0.4494962297705118,0.11505322237275015,0.08097849008857022,0.42175474602360186,0.29855958108187586,0.14234924849500707,0.22712870684551967,Specialty Retail,Consumer Cyclical,LE
2023Q1,2023,Q1,2022-06-02,2022-04-29,-2371000.0,303665000.0,3898000.0,-0.0715,129175000.0,0.4253865279,1081564000.0,398405000.0,552362000.0,241039000.0,683159000.0,436859000.0,42224000.0,464945260.0,853783260.0,12.013539185236558,2.291587668385614,0.3798804324108421,1.0312747078977422,0.00264651980777397,12.013539185236558,-0.0059512305317453345,1.5311124429881613,-49.02417334458035,1.1670166288073693,0.0,0.39941949233047735,0.0,0.2807647074052021,0.30767220242367416,-0.00219219574616019,-3.5937797874396136,0.42538652791727727,-1.3404761904761904,0.7078805609023381,0.09284465473131451,0.45381662660649774,-0.35126733260010345,-1.3334739803094233,-0.7719133996489175,0.6617026690754674,0.1256420483189835,0.22957690282488097,Specialty Retail,Consumer Cyclical,LE
2022Q4,2022,Q4,2022-03-24,2022-01-28,7110000.0,555375000.0,17090000.0,0.21,199119000.0,0.3585307225,1036634000.0,406696000.0,506949000.0,311432000.0,629938000.0,384241000.0,44595000.0,597999920.0,850270920.0,12.330099442153772,1.6277999691746512,0.27644472398165604,0.7046344198123414,0.018366057427326436,12.330099442153772,0.017482345535731848,1.0767497996848976,21.02672011251758,1.4703855459606192,0.0,0.9271681054338293,0.0,0.5357483933577328,0.269622261039328,0.0068587370277262754,8.491422242417357,0.35853072248480755,-0.0454545454545455,1.0728123632814939,0.1753417583025915,0.4550600379966368,0.193651650031472,-0.03905933234220841,-0.1226448996355049,-0.5716343788984681,0.07998933131394961,0.23086648279415256,Specialty Retail,Consumer Cyclical,LE
2022Q3,2022,Q3,2021-12-02,2021-10-29,7399000.0,375843000.0,19479000.0,0.22,166815000.0,0.4438422426,1139764000.0,398512000.0,605198000.0,346756000.0,741252000.0,479793000.0,37485000.0,866740680.0,1189510680.0,12.083078135896425,1.7453137076214975,0.31646551391340666,0.9051069980326816,0.015942243288898175,12.083078135896425,0.018566567631589512,2.306124312545398,29.285737261792136,2.174942486048099,0.0,0.43566287961683475,0.0,0.3297551071976304,0.23648905858874827,0.006491694771900148,-19.853418237625124,0.44384224263854855,-0.5416666666666667,1.9949359034045524,0.17182143298560024,0.05835275319789264,-0.06172485361861532,-0.5438628937796683,-0.37864046700054227,1.1937635727674303,0.07465022656342311,0.2794225946738714,Specialty Retail,Consumer Cyclical,LE
2022Q2,2022,Q2,2021-09-02,2021-07-30,16221000.0,384109000.0,31349000.0,0.48,177789000.0,0.4628608025,1105696000.0,389823000.0,566946000.0,361388000.0,715873000.0,464291000.0,30086000.0,1264085070.0,1544981070.0,11.82034021650141,1.5688013990503282,0.2895180953896912,0.8211906429328182,0.029902853353856538,11.82034021650141,0.04161119277210426,3.2909540521050014,19.482230904383208,3.2427154631717467,0.0,0.4443764794062344,0.0,0.3473911454866437,0.19210931187532512,0.014670397649986977,20.320297550154322,0.4628608025326144,4.999999999999999,8.955189482379511,0.2773057090035116,0.003125902911691086,0.20341552894670936,5.146646456991284,1.6414728682170543,3.9978703055294234,0.21832044953988775,0.272476561296494,Specialty Retail,Consumer Cyclical,LE
2022Q1,2022,Q1,2021-06-02,2021-04-30,2639000.0,321297000.0,11868000.0,0.08,147737000.0,0.4598144396,1052677000.0,370153000.0,510672000.0,269515000.0,682524000.0,394287000.0,13865000.0,754997760.0,1097011760.0,11.295828374378223,1.8947813665287647,0.3592697475103949,1.0217261510780677,0.013326043214579007,11.295828374378223,0.007129484294332343,2.349843789391124,71.52309208033346,2.0396910466752938,0.0,0.44018697040480664,0.0,0.3052189798010216,0.287668589874404,0.0025069418254602314,-17.29900467418202,0.4598144395994983,-0.8666666666666667,1.4475136062568632,0.14754486939062367,-0.052743720439991135,-0.30581568548216576,-0.8675666181562703,-0.6701317471788315,1.9837020800169685,0.05055495653309122,0.19033532945902096,Specialty Retail,Consumer Cyclical,LE
2021Q4,2021,Q4,2021-03-25,2021-01-29,19927000.0,538375000.0,35978000.0,0.6,212821000.0,0.3953025308,1045508000.0,369703000.0,495830000.0,314922000.0,675805000.0,382106000.0,11226000.0,900389710.0,1193832710.0,11.336757535800803,1.5744533567041998,0.3131262505882308,0.8855108019139688,0.03513723732439238,11.336757535800803,0.05390002245045347,1.6724211005340144,11.296102147839614,2.4354406374846835,0.0,0.8519991834726489,0.0,0.514941062143953,0.22706257422472867,0.01905963416827035,7.9549565317265385,0.3953025307638728,1.7272727272727273,1.4954320829832932,0.11532834184227973,-0.0567566764748308,0.30201584533969594,1.7768952062430323,0.9257078627629396,-0.5066026718696303,0.0377431207624049,0.1849415108261478,Specialty Retail,Consumer Cyclical,LE
2021Q3,2021,Q3,2020-12-03,2020-10-30,7176000.0,359982000.0,18683000.0,0.22,163455000.0,0.4540643699,1200154000.0,344925000.0,645000000.0,341073000.0,855229000.0,499759000.0,-8701000.0,523310250.0,929151250.0,10.57889894188008,1.89109076356088,0.3849322670257317,1.339357831412626,0.015860534423730765,10.57889894188008,0.02080452272233094,1.4537122689467807,18.231265677257525,1.5171711241574255,0.0,0.39324354338791295,0.0,0.29994650686495233,0.26497260117335586,0.005979232665141307,-13.106347675816469,0.4540643698851609,0.6923076923076923,-0.34350905466255877,0.05612171801473393,-0.20722069842421786,0.20700477027366307,0.6398537477148081,0.6691682301438399,42.60342369666093,0.08867348318247838,0.29051171826224237,Specialty Retail,Consumer Cyclical,LE
2021Q2,2021,Q2,2020-09-09,2020-07-31,4376000.0,312083000.0,11193000.0,0.13,135422000.0,0.4339294354,1137324000.0,336357000.0,578439000.0,307321000.0,800967000.0,441510000.0,-15877000.0,281012000.0,646561000.0,10.317699386503067,1.8821980925481825,0.3764740742303864,1.2729718721477479,0.012218976479270912,10.317699386503067,0.013009986413245451,0.900439947065364,16.054159049360145,0.835457564433028,0.0,0.4001291023985867,0.0,0.2744011381101603,0.2830623354733324,0.003847628292377546,3.5475490134195145,0.4339294354386493,1.203125,-0.42467403915493485,-0.02011903133411037,-0.20519323138282014,0.43828792947798845,1.2119846921474593,1.4529378439624474,2.109810448421985,0.016232886127587512,0.26328808633447287,Specialty Retail,Consumer Cyclical,LE
2021Q1,2021,Q1,2020-07-22,2020-05-01,-20643000.0,217008000.0,-24712000.0,-0.64,94155000.0,0.4338780137,1088335000.0,327898000.0,525852000.0,648074000.0,760437000.0,383163000.0,-20253000.0,255365760.0,701344760.0,10.105337771203155,0.8114073392853285,0.46411536888917476,1.5404577033101756,-0.01941433166838434,10.105337771203155,-0.06295555325131595,1.1767573545675736,-3.09264351111757,0.7787963330059958,0.0,0.3206285575590545,0.0,0.199394487910432,0.14583982693334402,-0.018967505409639495,-2.8066180882983285,0.43387801371378015,-1.8205128205128203,-12.792710045871717,-0.2861271333853515,-0.20646873003963714,-0.569592883460262,-1.8090217902492554,-1.6204991713955708,-1.5993669591090218,-0.2018117767056855,0.22289592123726104,Specialty Retail,Consumer Cyclical,LE
2020Q4,2020,Q4,2020-03-23,2020-01-31,25516000.0,549478000.0,39826000.0,0.78,218758000.0,0.3981196699,1113629000.0,348382000.0,545378000.0,283566000.0,765247000.0,375670000.0,390000.0,377157100.0,729521100.0,10.761166368073145,1.9232841737020658,0.3856867951535026,1.232876555045898,0.03597134615760889,10.761166368073145,0.07324144186553841,0.6863916298741715,3.695300007838219,1.0825964027992263,0.0,0.8803471131578247,0.0,0.49341207888803185,0.4517502098276944,0.022912478033528222,2.6588632982960756,0.3981196699412897,6.090909090909091,-0.23893833247249557,0.07498391691459827,-0.14918221338688825,0.4188941138316848,6.075984470327232,2.651416521499954,1.2662288274472042,0.18477289060010404,0.26991215422683884,Specialty Retail,Consumer Cyclical,LE
2020Q3,2020,Q3,2019-12-03,2019-11-01,3606000.0,340023000.0,10907000.0,0.11,154175000.0,0.4534252095,1161842000.0,320485000.0,603207000.0,369202000.0,841357000.0,499855000.0,-25126000.0,377445860.0,863657860.0,9.900373791356461,1.6338129262571708,0.4321336291853798,1.5665975006630575,0.00923670550808041,9.900373791356461,0.011251696647268983,1.1100597900730245,26.167904880754296,1.1777333104513472,0.0,0.3718038231087015,0.0,0.29265855426125065,0.14621805949046862,0.003103692240425118,-2.5917605213104173,0.453425209471124,2.1815252416756175,-0.8021298396461728,-0.10026651145372263,-0.15386874433268405,0.19436805205872099,2.1964167219641673,231.06382978723406,1.4940324795226445,0.08011741823120763,-0.13282958680519893,Specialty Retail,Consumer Cyclical,LE
2020Q2,2020,Q2,2019-09-05,2019-08-02,-3014000.0,298267000.0,47000.0,-0.0931,129085000.0,0.4327833787,1109504000.0,312265000.0,554258000.0,330112000.0,797239000.0,405793000.0,-28732000.0,326916800.0,658763800.0,9.647336875926841,1.6789998545948042,0.37355701286340565,1.3272797143451875,3.0096356645687037e-05,9.647336875926841,-0.009652058347877603,1.0960542064660188,-27.11652289316523,1.0469210446255584,0.0,0.4169169995539598,0.0,0.26882913446008305,0.32488367584335015,-0.002716529187817259,7.510666942357617,0.43278337865067207,0.5566666666666666,-1.2512223768160455,-0.15189795774855352,-0.13751638091403112,0.0768390142983466,0.5579348782634204,1.0121478418195917,-0.5060443785357279,0.010571842698728708,-0.18128468917946977,Specialty Retail,Consumer Cyclical,LE
2020Q1,2020,Q1,2019-06-04,2019-05-03,-6818000.0,262433000.0,-3869000.0,-0.21,119874000.0,0.4567794447,978380000.0,315205000.0,424175000.0,196731000.0,663175000.0,319319000.0,-25718000.0,555857030.0,930698030.0,9.770465887604228,2.1561167279178166,0.42423393773380486,1.3168001776621563,-0.0029509690380508506,9.770465887604228,-0.021630367538586,2.1180912080416716,-20.381967952478732,1.7634778318871847,0.0,0.44644696995794175,0.0,0.268232179725669,0.3442822940970157,-0.006968662482879862,-10.828664965323775,0.45677944465825565,-1.42,-1.62143476393777,-0.21339355898529297,-0.09582603577440355,-0.38621526551051444,-1.420578619455925,-1.1259727151369128,-0.1743815348226129,-0.047934531789002914,-0.18065901326431863,Specialty Retail,Consumer Cyclical,LE
2019Q4,2019,Q4,2019-03-28,2019-02-01,16211000.0,502252000.0,30713000.0,0.5,195303000.0,0.3888545989,1110911000.0,322711000.0,588381000.0,241251000.0,788200000.0,321905000.0,-17159000.0,572138400.0,866336400.0,10.017414248021108,2.4388748647674,0.43892174980714027,1.5109587215806093,0.02530846446283879,10.017414248021108,0.050233800521209376,1.1391460860285274,8.823305163160816,1.772912606015909,0.0,0.9535390876190181,0.0,0.4521082246912669,0.9448831300181139,0.014592528114313387,6.446194060119879,0.38885459888661467,4.0,-0.6713667691844528,-0.11810793329057198,-0.6206522955575374,0.2937229236496602,3.921372191863995,3.640126907387823,1.4079979610734612,0.05328405343725914,-0.1665289586909766,Specialty Retail,Consumer Cyclical,LE
2019Q3,2019,Q3,2018-12-06,2018-11-02,3294000.0,341570000.0,6619000.0,0.1,150962000.0,0.4419650438,1148718000.0,304206000.0,630449000.0,295403000.0,844512000.0,431950000.0,-33371000.0,570456810.0,947924810.0,9.444165036788675,2.1341997203819867,0.4208178160349189,1.589058072490352,-0.0404715937343317,9.444165036788675,0.010828188793120452,1.6701022045261587,43.29514344262295,1.875231948087809,0.0,0.44127329552031486,0.0,0.2973488706540683,0.49907753137239635,0.0028675445148417626,-6.479739314152004,0.44196504376848084,1.625,-0.7851176473730583,-0.1711193670546598,0.0,0.10379772750537414,1.6232734153263955,4.142968142968143,-0.6949648395750659,0.014361843839680949,-0.2922572941696772,Specialty Retail,Consumer Cyclical,LE
2019Q2,2019,Q2,2018-09-06,2018-08-03,-5285000.0,307945000.0,1287000.0,-0.16,136766000.0,0.4441247625,1130443000.0,299225000.0,612833000.0,277954000.0,831218000.0,349597000.0,-36665000.0,795636400.0,1085595400.0,9.289240034769652,2.204800074832526,0.428460346961324,1.6186815941181385,0.0015191572519314476,9.289240034769652,-0.01766229426017211,2.5836964392992257,-37.636537369914855,2.658990391845601,0.0,0.4896466502859006,0.0,0.2724109043976565,0.7926347525130057,-0.004675158322887576,14.579037636969986,0.44412476253876504,-0.9536019536019537,-1.4360647537946656,-0.12964022472647052,-0.6587310419943325,0.02812253335839128,-1.0095057034220531,1.962602842183994,-1.7032043675001063,-0.021465195238617812,-0.2844188827014328,Specialty Retail,Consumer Cyclical,LE
2019Q1,2019,Q1,2018-06-12,2018-05-04,-2630000.0,299825000.0,-1337000.0,-0.0819,133025000.0,0.4436754774,1052497000.0,304854000.0,538445000.0,192955000.0,747643000.0,304543000.0,-31380000.0,634468750.0,978151750.0,9.489618677042802,2.7905211059573474,0.46109300074014464,1.591906289568121,-0.0005394791428485,9.489618677042802,-0.008627080504110164,2.1161302426415407,-60.31071768060836,2.081221666765074,0.0,0.5477059068834286,0.0,0.28487017065131776,0.9858568059910342,-0.00249881947406976,-12.21424102416017,0.44367547736179436,-1.0660483870967743,-1.3348362321730902,-0.12226072313522791,-0.6462585180941829,-0.329582050287016,-1.0661601931978266,-1.04503199730549,-2.5175442144320965,-0.0037742334177283707,-0.25481865814597265,Specialty Retail,Consumer Cyclical,LE
2018Q4,2018,Q4,2018-03-29,2018-02-02,39752000.0,510633000.0,29690000.0,1.24,198421000.0,0.3885784898,1124135000.0,307093000.0,606753000.0,256131000.0,817042000.0,332297000.0,-29810000.0,523197400.0,819014400.0,9.567356221571437,2.36891668716399,0.4371343299514738,1.6001602120530263,0.08265303003980937,9.567356221571437,0.12944612869716993,1.0246055386157964,3.2903841316160194,1.7037099510571718,0.0,0.9395570829709567,0.0,0.4542452641364249,0.9582635448266708,0.03536230079127507,4.878661345368419,0.38857848983516535,123.0,-0.191200605720672,-0.10012372498972469,-0.6376954640811227,0.3975868821051742,244.3827160493827,3.997475172529877,0.19587180937635182,0.007578578143133269,-0.24356927811031262,Specialty Retail,Consumer Cyclical,LE
2018Q3,2018,Q3,2017-12-05,2017-10-27,162000.0,325489000.0,5941000.0,0.01,141974000.0,0.4361867836,1120480000.0,263097000.0,606071000.0,264226000.0,857383000.0,423540000.0,-72010000.0,377116250.0,771400250.0,8.19744508490419,2.2937598873691463,0.43481097386834217,1.8517771012212225,0.007681156651263363,8.19744508490419,0.0006157424828105223,1.1586144232216757,581.9695216049383,1.4333734326123064,0.0,0.43328847334372195,0.0,0.2904906825646152,0.4994095963304141,0.00014458089390261317,-4.514632117032994,0.43618678357793966,1.0833333333333335,-0.9893938198936052,-0.20728802939241242,0.0,0.05820444974471733,1.0417525773195877,7.880418535127055,-0.991034214723813,-0.13131836030121233,-0.2994088254516777,Specialty Retail,Consumer Cyclical,LE
2018Q2,2018,Q2,2017-09-01,2017-07-28,-3880000.0,302190000.0,669000.0,-0.12,134165000.0,0.4439756445,1122405000.0,262000000.0,611573000.0,267100000.0,860405000.0,370470000.0,-72172000.0,425046750.0,736237750.0,8.16733688706007,2.28967802321228,0.43491074968482857,1.8631526717557252,0.000629257391813288,8.16733688706007,-0.014809160305343511,1.4065546510473543,-27.387032860824743,1.6223158396946564,0.0,0.45354549626150564,0.0,0.269234367273845,0.7547248221639835,-0.003456862718893804,11.101304586293356,0.44397564446209337,0.5,-1.3214656605945123,-0.14236477150280621,-0.6999476234120848,0.09394747356147518,0.5050389080239827,1.111910337905654,-1.326318609459701,-0.13300212006758325,-0.2698301751830192,Specialty Retail,Consumer Cyclical,LE
2018Q1,2018,Q1,2017-06-06,2017-04-28,-7839000.0,268365000.0,-5978000.0,-0.24,122643000.0,0.4570007266,1031760000.0,264670000.0,523764000.0,174129000.0,767090000.0,309914000.0,-68292000.0,755884400.0,1105169400.0,8.263448749570701,3.007907930327516,0.4740395053113127,1.847942721124419,-0.005136739881583922,8.263448749570701,-0.029618014886462388,2.8166280997894657,-24.106531445337417,2.8559504288359094,0.0,0.47020141071394,0.0,0.2601040939753431,0.9908803243572294,-0.007597697138869505,-10.541438652274566,0.45700072662232405,0.9189189189189189,-2.0010070106517768,-0.21200525404828882,-0.6919660625144498,-0.3068471472574674,0.9173284399025532,-1.243344459822519,-1.7196704287576703,-0.18978668957996317,-0.2352877232237628,Specialty Retail,Consumer Cyclical,LE
2017Q4,2017,Q4,2017-03-31,2017-01-27,-94821000.0,458841000.0,24566000.0,-2.96,176935000.0,0.3856128812,1114391000.0,271412000.0,607400000.0,248854000.0,842979000.0,325314000.0,-60453000.0,490043700.0,772128700.0,8.473945486902494,2.440788574827007,0.4443619878480713,1.8245066540904602,0.019279814500805084,8.473945486902494,-0.34936185577645795,1.068003295259142,-1.2920231277881482,1.8055343905206847,0.0,0.8665658410028465,0.0,0.4117414803242309,1.0142171715142212,-0.08508772953119687,5.853924168577982,0.3856128811505511,-11.869565217391303,-2.9333966333253834,-0.18965354826490538,-0.6791016435541687,0.3238584073445017,-12.129465522016062,9.213306586425945,-2.9333966333253834,-0.18965354826490538,-0.6791016435541687,Specialty Retail,Consumer Cyclical,LE
2017Q3,2017,Q3,2016-12-01,2016-10-28,-7222000.0,311476000.0,-2991000.0,-0.23,133651000.0,0.4290892396,1313178000.0,365671000.0,641165000.0,281701000.0,947507000.0,425290000.0,34368000.0,493246600.0,852706600.0,11.416872209560086,2.276048008349278,0.3738959988668711,1.3427151729286708,-0.002758783955935722,11.416872209560086,-0.019749993846927976,1.5835781890097471,-17.07444613680421,1.3488808245663453,0.0,0.41812645488960476,0.0,0.23719252073976263,0.6092736625003106,-0.005499635236045685,-6.405883193288225,0.4290892396203881,-2.7216828478964405,-1.473800448863562,-0.23985281808743864,0.0,-0.018369175627240143,-2.6474747474747473,-2.10287610619469,-1.473800448863562,-0.23985281808743864,0.0,Specialty Retail,Consumer Cyclical,LE
2017Q2,2017,Q2,2016-09-01,2016-07-29,-1980000.0,292010000.0,2712000.0,-0.0618,136152000.0,0.4662580049,1298438000.0,377355000.0,629843000.0,257152000.0,921083000.0,354739000.0,41590000.0,455061040.0,736266040.0,11.783506120409692,2.4493023581383775,0.37887138238406454,1.3036557088153065,0.002105363476974189,11.783506120409692,-0.005247048535198951,1.558374850176364,-57.457202020202025,1.205922910786925,0.0,0.4393596418775494,0.0,0.22489329486660126,0.9333895905923345,-0.0015249091600831152,10.258826818161324,0.4662580048628472,0.6566666666666667,-1.1643286535895314,-0.16983294977994423,-0.5670964642625537,0.0499884321739801,0.6561903108178503,1.894164193867458,-1.1643286535895314,-0.16983294977994423,-0.5670964642625537,Specialty Retail,Consumer Cyclical,LE
2017Q1,2017,Q1,2016-06-02,2016-04-29,-5759000.0,273433000.0,-3033000.0,-0.18,129670000.0,0.4742295187,1212067000.0,381617000.0,545473000.0,162845000.0,830450000.0,309855000.0,43570000.0,778608660.0,1102425660.0,11.92478595087807,3.3496453682950045,0.40665243753026853,1.2915829221444537,-0.0021703350126708936,11.92478595087807,-0.015091046782507068,2.84752996163594,-33.79964664004167,2.040288194708307,0.0,0.46396863048845427,0.0,0.22559231461627122,1.2293899106512327,-0.004751387505806197,-12.827794783926718,0.4742295187486514,0.853658536585366,-1.7360202984859792,-0.19644680356270178,-0.5554835660701384,-0.34875194616041383,0.8540473414770136,-1.069714522134878,-1.7360202984859792,-0.19644680356270178,-0.5554835660701384,Specialty Retail,Consumer Cyclical,LE
2016Q4,2016,Q4,2016-04-01,2016-01-29,-39458000.0,473543000.0,43506000.0,-1.23,199110000.0,0.4204686797,1288526000.0,384509000.0,617904000.0,230089000.0,904017000.0,329203000.0,49329000.0,696785760.0,974405760.0,12.018910977744437,2.685499958711629,0.3926874583826791,1.3159327870088866,0.031840556741170936,12.018910977744437,-0.10261918446642342,1.4714308098736546,-4.414730599624917,1.8121442150898939,0.0,0.8336284906273637,0.0,0.36750752410118226,1.13186201861019,-0.030622587359510015,5.504793566022531,0.42046867971863167,-4.7272727272727275,-1.80547763020898,-0.16272152433003717,-0.5448579666947143,0.22593356524951513,-4.679067599067599,0.8674507447310813,-1.80547763020898,-0.16272152433003717,-0.5448579666947143,Specialty Retail,Consumer Cyclical,LE
2016Q3,2016,Q3,2015-12-03,2015-10-30,10725000.0,334434000.0,23297000.0,0.33,162415000.0,0.4856414121,1389356000.0,426890000.0,625060000.0,261551000.0,962466000.0,436712000.0,88787000.0,789537880.0,1186676880.0,13.344065518427058,2.3898207233006183,0.36140845110972275,1.176239780739769,0.016503152344527584,13.344065518427058,0.025123568132305745,2.3608182182433604,18.404146386946387,1.8495113026775047,0.0,0.39389574822766493,0.0,0.24071152390028186,0.5462070494855688,0.007719403810110583,-7.677566245611988,0.48564141205738653,0.43478260869565216,-0.2955489054848746,-0.1828550748638529,0.0,0.12397923875432526,0.4374748693204664,0.3002009152807233,-0.2955489054848746,-0.1828550748638529,0.0,Specialty Retail,Consumer Cyclical,LE
2016Q2,2016,Q2,2015-09-03,2015-07-31,7461000.0,312414000.0,17918000.0,0.23,144500000.0,0.4625272875,1403364000.0,415119000.0,637230000.0,283784000.0,988245000.0,367823000.0,78062000.0,754041240.0,1049079240.0,12.981393458002376,2.2454754320187185,0.35871876434054173,1.2126956366728576,0.011938587589175537,12.981393458002376,0.017973159503660397,2.4135961896713978,25.266091676718936,1.8164459829591033,0.0,0.4565076137163799,0.0,0.22261793804030885,0.813735094297071,0.005316510898099139,23.281500555761394,0.4625272875095226,3.5999999999999996,-0.379889013851155,-0.11054796309900435,-0.5230883686618056,-0.014082585082284872,3.327726218097448,1.109240729841083,-0.379889013851155,-0.11054796309900435,-0.5230883686618056,Specialty Retail,Consumer Cyclical,LE
2016Q1,2016,Q1,2015-06-09,2015-05-01,1724000.0,299387000.0,8495000.0,0.05,146564000.0,0.4895469743,1308166000.0,406961000.0,542374000.0,195463000.0,901205000.0,284589000.0,70601000.0,953277310.0,1280163310.0,12.734643427105173,2.774816717230371,0.38580730580064,1.2401679767840161,0.005702698631971957,12.734643427105173,0.0042362781691611725,3.1840972052894747,138.2362688515081,2.3424291516877536,0.0,0.5369954566058421,0.0,0.22886009879480126,1.096048868583824,0.0013178755601353344,-22.45012740803542,0.48954697431752214,-0.9514563106796116,-0.7793565228684987,-0.11893537960174265,-0.5252947678135624,-0.34041978686635943,-0.9479075389031576,-0.8594776107058376,-0.7793565228684987,-0.11893537960174265,-0.5252947678135624,Specialty Retail,Consumer Cyclical,LE
2015Q4,2015,Q4,2015-04-17,2015-01-30,33095000.0,504566000.0,60453000.0,1.03,222208000.0,0.4403943191,1353437000.0,404193000.0,591040000.0,240349000.0,949244000.0,301367000.0,68877000.0,1108588330.0,1398272330.0,12.648027036330069,2.459090738883873,0.37765924826940594,1.2645889463696798,0.03985409483569607,12.648027036330069,0.08187920127265935,2.1971126274857995,8.374288638767185,2.7427202598758513,0.0,0.9369240825969665,0.0,0.3728034625919049,1.046507370532018,0.024452560407318552,9.230851402211565,0.44039431907817805,0.8392857142857142,-0.32367383532427474,-0.1068922121501854,-0.521034080935024,0.21229711666984916,0.8395308765493859,0.7224058350903185,-0.32367383532427474,-0.1068922121501854,-0.521034080935024,Specialty Retail,Consumer Cyclical,LE
2015Q3,2015,Q3,2014-12-10,2014-10-31,17991000.0,373082000.0,35098000.0,0.56,183295000.0,0.4912994998,1354013000.0,373921000.0,592632000.0,282448000.0,980092000.0,403938000.0,35782000.0,1516998790.0,1918699790.0,11.700754138373439,2.0981986064691553,0.3746455905519371,1.3566368297046703,0.024364380031967794,11.700754138373439,0.04811444128572613,4.066126990849197,21.07996762270024,4.057003457949674,0.0,0.469841906431185,0.0,0.2755379748938895,0.5134856681583867,0.013287169325553004,-60.549165402730104,0.49129949984185783,0.5135135135135137,0.18296164582089308,-0.08745398270135224,0.0,0.08841133926344667,0.5188687209793161,0.387382401770891,0.18296164582089308,-0.08745398270135224,0.0,Specialty Retail,Consumer Cyclical,LE
2015Q2,2015,Q2,2014-09-10,2014-08-01,11845000.0,347222000.0,25298000.0,0.37,168406000.0,0.4850095904,1317094000.0,357456000.0,555207000.0,264775000.0,959638000.0,366192000.0,17791000.0,1094207680.0,1469933680.0,11.185530556685546,2.0969011424794637,0.3861250601703447,1.4227289512555392,0.017931909671448178,11.185530556685546,0.03313694552616266,3.1513201352448865,23.094294639088226,3.0610975336824677,0.0,0.4883121422641674,0.0,0.2636273493008092,0.5954300821452176,0.008993283698809652,15.71189339766233,0.48500959040613784,0.08823529411764697,-0.014871811550141008,-0.010798932329514812,-0.5890649457294073,0.039402056510844205,0.08989694516010306,0.3460678940087262,-0.014871811550141008,-0.010798932329514812,-0.5890649457294073,Specialty Retail,Consumer Cyclical,LE
2015Q1,2015,Q1,2014-06-12,2014-05-02,10868000.0,330483000.0,18794000.0,0.34,162022000.0,0.4902581978,1227754000.0,345326000.0,464712000.0,188599000.0,882428000.0,326973000.0,5946000.0,873384810.0,1323408810.0,10.805958006070657,2.4640215483645194,0.4194651371528824,1.491344410788646,0.013960585397275878,10.805958006070657,0.031471710789225255,2.6427526075471355,20.09074369709238,2.529160300701366,46.006624953993374,0.5152137944111593,0.5724853401102774,0.2691768872265943,0.5555490750216067,0.00885193613704374,29.279721412048676,0.4902581978498138,-0.7777777777777777,0.39092419342526424,-0.027423104733748385,-0.5971897577163077,-0.30049865083648136,-0.7634460091852948,-0.7484844023928375,0.39092419342526424,-0.027423104733748385,-0.5971897577163077,Specialty Retail,Consumer Cyclical,LE
2014Q4,2014,Q4,2014-03-25,2014-01-31,45943000.0,530429000.0,74723000.0,1.53,231625000.0,0.4366748424,1194275000.0,792314000.0,451249000.0,203361000.0,401961000.0,369928000.0,0.0,1005134000.0,982723000.0,26.406945740567924,2.2189554536022147,0.0,0.0,0.05797265986308388,26.406945740567924,0.057985849044696926,1.8949454121098206,5.469462159632588,1.2686056285765492,2.4146442330714146,0.8077355593520902,0.1103693636868318,0.4441430993699106,0.2755100535500907,0.03846936425865065,8.403638583026076,0.43667484243885607,2.2553191489361706,0.0,0.0,0.0,0.32774433935224995,2.217522235450662,2.2109922220789824,0.0,0.0,0.0,Specialty Retail,Consumer Cyclical,LE
2014Q3,2014,Q3,2013-10-31,2013-10-31,14279000.0,383851000.0,23271000.0,0.47,174450000.0,0.4544732201,,,,,,,,1005134000.0,,,0.0,0.0,0.0,0.0,,0.0,2.61855251126088,17.59811611457385,0.0,0.0,0.0,0.0,0.0,0.0,0.0,-25.92288647031516,0.4544732200775822,0.27027027027027023,0.0,0.0,0.0,0.1655330919197723,0.26485959783860397,0.2656224506444771,0.0,0.0,0.0,Specialty Retail,Consumer Cyclical,LE
2014Q2,2014,Q2,2013-08-02,2013-08-02,11289000.0,329561000.0,18387000.0,0.37,149674000.0,0.4541617485,1236800000.0,816700000.0,492200000.0,221700000.0,420200000.0,415200000.0,0.0,1005134000.0,976834000.0,27.219704039461405,2.2201172755976546,0.0,0.0,0.013806182051579945,27.219704039461405,0.013822701114240235,3.0499179211132383,22.259146071396938,1.2307260928125383,0.0,0.4332538535645472,0.0,0.2664626455368693,0.20884077582318447,0.009127587322121605,181.36665463731504,0.4541617485078635,,,,,,,,,,,Specialty Retail,Consumer Cyclical,LE
2014Q1,2014,Q1,2013-05-03,2013-05-03,7336000.0,319035000.0,11960000.0,0.24,154588000.0,0.4845487172,1175700000.0,804900000.0,426700000.0,172200000.0,370800000.0,345600000.0,0.0,1005134000.0,983334000.0,26.826423143580858,2.477932636469222,0.0,0.0,0.009113413682886162,26.826423143580858,0.00911417567399677,3.150544611092827,34.2534760087241,1.2487687911541805,0.0,0.4758304398148148,0.0,0.27135748915539676,0.2880371660859466,0.006239686994981713,53.87436350967465,0.4845487172253828,,,,,,,,,,,Specialty Retail,Consumer Cyclical,LE
2013Q2,,,,,,,,,,,,,,,,,,,,,,,,,,,,,,,,,,,,,,0.5416666666666667,0.0,0.0,0.0,-0.031787719616011595,0.5388495092693566,0.5373745819397994,0.0,0.0,0.0,Specialty Retail,Consumer Cyclical,LE
2013Q1,,,,,,,,,,,,,,,,,,,,,,,,,,,,,,,,,,,,,,0.0,0.0,0.0,0.0,0.0,0.0,0.0,0.0,0.0,0.0,Specialty Retail,Consumer Cyclical,LE
