Quarters,Year,Quarter,FillingDate,Date,NetIncome,Revenue,OperatingIncome,EPSDiluted,GrossProfit,GrossProfitRatio,TotalAssets,CommonStockEquity,CurrentAssets,CurrentLiability,TotalLiability,Inventory,RetainedEarnings,MarketCap,EnterpriseValue,bookValuePerShare,currentRatio,debtToAssets,debtToEquity,roic,shareholdersEquityPerShare,roe,priceToSalesRatio,peRatio,pbRatio,payoutRatio,inventoryTurnover,dividendYield,assetTurnover,quickRatio,returnOnAssets,priceToFreeCashFlowsRatio,grossProfitMargin,epsdilutedGrowth,fiveYNetIncomeGrowthPerShare,fiveYRevenueGrowthPerShare,fiveYShareholdersEquityGrowthPerShare,grossProfitGrowth,netIncomeGrowth,operatingIncomeGrowth,threeYNetIncomeGrowthPerShare,threeYRevenueGrowthPerShare,threeYShareholdersEquityGrowthPerShare,Industry,Sector,Symbol
2023Q1,2023,Q1,2023-05-02,2023-03-31,13195000.0,28037000.0,20315000.0,0.0005,28037000.0,1.0,778238000.0,321683000.0,33687000.0,0.0,0.0,0.0,0.0,660231869000.0,660212025000.0,0.011396246869143483,0.0,0.0,0.0,0.0631522337207748,0.011396246869143483,0.041018642576698176,23548.591825088275,12509.129765062524,2052.430091114544,0.0,0.0,0.0,0.03602625417931275,0.0,0.01695496750351435,51864.24736842105,1.0,4.0,0.0,0.0,0.0,2.1128011546574887,4.238189757840413,51.22365038560411,0.0,0.0,0.0,,,HTFB
2022Q4,2022,Q4,2023-02-28,2022-12-31,2519000.0,9007000.0,389000.0,0.0001,9007000.0,1.0,766826000.0,318448000.0,20612000.0,0.0,0.0,0.0,0.0,579826552550.0,579805940550.0,0.012879033509518432,0.0,0.0,0.0,0.0011713297406391306,0.012879033509518432,0.007910239662362458,64375.10298101477,57545.31089221913,1820.7888024104404,0.0,0.0,0.0,0.011745819781801869,0.0,0.003284969471561997,20984.638722811334,1.0,-0.8333333333333333,-0.9027076305305126,-0.8270901223768887,4.345003072905477,-0.6040008793141349,-0.7737966954022989,-0.9765309200603318,-0.9027076305305126,-0.8270901223768887,4.345003072905477,,,HTFB
2022Q3,2022,Q3,2022-11-01,2022-09-30,11136000.0,22745000.0,16575000.0,0.0006,22745000.0,1.0,681389000.0,307687000.0,23839000.0,0.0,0.0,0.0,0.0,488068225400.0,488044386400.0,0.015363286933614015,0.0,0.0,0.0,0.0533902410243775,0.015363286933614015,0.03619262432276957,21458.264471312377,10956.991410739944,1586.2490953468948,0.0,0.0,0.0,0.03338034514792578,0.0,0.016343087428766827,-3034.2123365764196,1.0,0.4999999999999998,0.374305812661977,0.6205913786961167,0.29503346100425093,0.28357787810383744,0.2975996271265439,0.28359018043831796,0.374305812661977,0.6205913786961167,0.29503346100425093,,,HTFB
2022Q2,2022,Q2,2022-08-02,2022-06-30,8582000.0,17720000.0,12913000.0,0.0004,17720000.0,1.0,667916000.0,290605000.0,54353000.0,0.0,0.0,0.0,0.0,474649854000.0,474595501000.0,0.01451035630151063,0.0,0.0,0.0,0.04389274750145779,0.01451035630151063,0.029531494640491388,26786.10914221219,13826.900897226753,1633.3161989642297,0.0,0.0,0.0,0.02653028225106151,0.0,0.012848921121817713,-4286.280592755808,1.0,0.0,0.391600454029512,0.419644287774395,0.2958165376520529,0.0,0.0,0.0,0.391600454029512,0.419644287774395,0.2958165376520529,,,HTFB
2021Q4,2021,Q4,2022-03-01,2021-12-31,13950000.0,27894000.0,26628000.0,0.0007,27894000.0,1.0,513960000.0,245335000.0,502283000.0,0.0,268625000.0,0.0,28621000.0,519711549000.0,519673495000.0,0.01224995531126825,0.0,0.0,0.0,0.10550452376471428,0.01224995531126825,0.05686102675932908,18631.66089481609,9313.827043010751,2118.375074897589,0.0,0.0,0.0,0.0542727060471632,0.0,0.027142190053700676,-224400.49611398965,1.0,-0.9982500000000001,-0.334795670211244,-0.33887940841865755,4.083925648092504,0.9874599216245101,0.7215845982969271,2.28619029988893,-0.334795670211244,-0.33887940841865755,4.083925648092504,,,HTFB
2021Q3,2021,Q3,2021-10-26,2021-09-30,8103000.0,14035000.0,8103000.0,0.4,14035000.0,1.0,505773000.0,237590000.0,27214000.0,0.0,268183000.0,0.0,0.0,518309629600.0,518288812600.0,0.011863235504123847,0.0,0.0,0.0,0.0341049707479271,0.011863235504123847,0.0341049707479271,36929.7919201995,15991.288090830554,2181.5296502378046,0.0,0.0,0.0,0.027749603082805923,0.0,0.01602102128820637,-14781.395397119635,1.0,0.29032258064516137,0.0,0.0,0.0,0.12441916359557763,0.3139289768120642,0.3139289768120642,0.0,0.0,0.0,,,HTFB
2021Q2,2021,Q2,2021-07-27,2021-06-30,6167000.0,12482000.0,6167000.0,0.31,12482000.0,1.0,454118000.0,224264000.0,26737000.0,0.0,229854000.0,0.0,0.0,520712920000.0,520686183000.0,0.011197847750733745,0.0,0.0,0.0,0.02749884065208861,0.011197847750733745,0.02749884065208861,41717.106232975486,21108.84222474461,2321.874754753326,0.0,0.0,0.0,0.02748624806768285,0.0,0.013580170792613373,-13486.128823392297,1.0,0.0,0.0,0.0,0.0,0.0,0.0,0.0,0.0,0.0,0.0,,,HTFB
2020Q4,2020,Q4,2021-03-02,2020-12-31,20971000.0,42192000.0,20971000.0,1.18,42192000.0,1.0,48257000.0,48257000.0,503000.0,0.0,15081000.0,0.0,0.0,520712920000.0,520712417000.0,0.002409546511732415,0.0,0.0,0.0,0.4345690780612139,0.002409546511732415,0.4345690780612139,12341.508342813804,6207.535644461399,10790.412168182855,,0.0,,0.8743187516836936,0.0,0.4345690780612139,0.0,1.0,0.0,0.0,0.0,0.0,0.0,0.0,0.0,0.0,0.0,0.0,,,HTFB
