Quarters,Year,Quarter,FillingDate,Date,NetIncome,Revenue,OperatingIncome,EPSDiluted,GrossProfit,GrossProfitRatio,TotalAssets,CommonStockEquity,CurrentAssets,CurrentLiability,TotalLiability,Inventory,RetainedEarnings,MarketCap,EnterpriseValue,bookValuePerShare,currentRatio,debtToAssets,debtToEquity,roic,shareholdersEquityPerShare,roe,priceToSalesRatio,peRatio,pbRatio,payoutRatio,inventoryTurnover,dividendYield,assetTurnover,quickRatio,returnOnAssets,priceToFreeCashFlowsRatio,grossProfitMargin,epsdilutedGrowth,fiveYNetIncomeGrowthPerShare,fiveYRevenueGrowthPerShare,fiveYShareholdersEquityGrowthPerShare,grossProfitGrowth,netIncomeGrowth,operatingIncomeGrowth,threeYNetIncomeGrowthPerShare,threeYRevenueGrowthPerShare,threeYShareholdersEquityGrowthPerShare,Industry,Sector,Symbol
2023Q1,2023,Q1,2023-05-15,2023-03-31,80000.0,12842000.0,85000.0,0.02,2166000.0,0.1686653169,56499000.0,33157000.0,30580000.0,13188000.0,23342000.0,4991000.0,25681000.0,98602034.39999999,100958034.39999999,6.308409436834094,2.318774643615408,0.11136480291686579,0.18976385077057634,0.00166939129328971,6.308409436834094,0.0024127635190155923,7.678090204018065,308.1313575,2.973792393763006,0.0,2.1390502905229414,0.0,0.2272960583373157,1.8814831665150136,0.001415954264677251,-36.2640803236484,0.16866531692882727,9.526315789473685,1.1844518023184516,0.36932065636663114,0.909851163862749,-0.13636363636363635,19.0,2.7346938775510203,3.0760233918128654,0.28891998869098107,0.5744443641889108,Building Materials,Basic Materials,SMID
2022Q4,2022,Q4,2023-04-17,2022-12-31,4000.0,14487000.0,-49000.0,0.0019,2508000.0,0.1731207289,54313000.0,33055000.0,28940000.0,11224000.0,21258000.0,3818000.0,25664000.0,106292500.0,106036500.0,6.375120540019286,2.5784034212401994,0.11912433487378712,0.1957343820904553,4.620212628785481e-05,6.375120540019286,0.0001210104371502042,7.337095326844757,6643.28125,3.2156254726970204,0.0,3.1375065479308537,0.0,0.2667317216872572,2.1753385602280826,7.364719312135216e-05,-52.85554450522128,0.17312072892938496,1.1111111111111112,-0.9892469286270487,0.4273065425112005,0.8949355676639715,0.20461095100864554,-0.2,-2.484848484848485,-0.9948803366353992,0.16391351531666237,0.5869674731722762,Building Materials,Basic Materials,SMID
2022Q3,2022,Q3,2022-11-03,2022-09-30,5000.0,11956000.0,33000.0,0.0009,2082000.0,0.1741385079,54277000.0,32924000.0,29043000.0,10858000.0,21353000.0,3984000.0,25660000.0,139929250.0,135832250.0,6.2940164404511565,2.674801989316633,0.1236435322512298,0.2038330701008383,-0.000592559606109469,6.2940164404511565,0.00015186490098408455,11.703684342589495,6996.4625,4.250068339205443,0.0,2.478413654618474,0.0,0.220277465593161,2.2505986369497144,9.212005085026807e-05,-57.70278350515464,0.17413850786216126,-0.9947058823529411,-0.9935436927141533,0.006182683395425146,0.87425556131754,-0.35541795665634673,-0.9945054945054945,-0.9698905109489051,-0.9914507256059262,-0.11164385566985455,0.5936026239224855,Building Materials,Basic Materials,SMID
2022Q2,2022,Q2,2022-08-11,2022-06-30,910000.0,13253000.0,1096000.0,0.17,3230000.0,0.2437184034,55012000.0,32793000.0,29890000.0,11485000.0,22219000.0,3531000.0,25655000.0,73220000.0,67680000.0,6.270172084130019,2.6025250326512843,0.12515451174289247,0.2099533437013997,0.020567785625337627,6.270172084130019,0.027749824657701337,5.52478684071531,20.115384615384613,2.2327935839965845,0.0,2.83857264231096,0.0,0.24091107394750236,2.2539834566826293,0.016541845415545698,-22.47391037446286,0.2437184033803667,8.456140350877194,0.23342072106118267,0.1916025389091398,0.9578792056019794,0.9599514563106796,8.647058823529411,8.306666666666667,2.2721478648820903,0.19883272170887423,0.6398911604647741,Building Materials,Basic Materials,SMID
2022Q1,2022,Q1,2022-05-12,2022-03-31,-119000.0,10435000.0,-150000.0,-0.0228,1648000.0,0.1579300431,56570000.0,31757000.0,31507000.0,14569000.0,24813000.0,3325000.0,24745000.0,92832500.0,85071500.0,6.07208413001912,2.1626055322945983,0.12474809969948736,0.22221872343105456,-0.002878346561633624,6.07208413001912,-0.003747205340554838,8.896262577862961,-195.0262605042017,2.9232137796391346,0.0,2.6427067669172932,0.0,0.18446172883153614,1.903974191777061,-0.0021035884744564255,-66.83405327573794,0.15793004312410158,-5.9565217391304355,-1.132955301275212,0.05229211229157718,0.9859624688209526,-0.2447296058661778,-5.958333333333333,0.16201117318435754,-1.3529174585386423,0.005344871038706884,0.6171644925827756,Building Materials,Basic Materials,SMID
2021Q4,2021,Q4,2022-03-31,2021-12-31,24000.0,10017000.0,-179000.0,0.0046,2182000.0,0.2178296895,53325000.0,31750000.0,27751000.0,13909000.0,21575000.0,0.0,24864000.0,244494000.0,231681000.0,6.103421760861207,1.9951829750521246,0.012733239568682607,0.021385826771653543,0.0008127240501051189,6.103421760861207,0.0007559055118110237,24.407906558849955,2546.8125,7.7005984251968504,0.0,0.0,0.0,0.1878481012658228,0.970019411891581,0.000450070323488045,-58.815010825114264,0.21782968952780274,-0.9935211267605634,-0.9716363416910477,-0.031505457529670634,1.1464033323987384,-0.3185509056839475,-0.9935029778018408,-1.141167192429022,-0.9735938968675542,-0.15633565254058607,0.6625970881446085,Building Materials,Basic Materials,SMID
2021Q3,2021,Q3,2021-11-09,2021-09-30,3694000.0,13100000.0,1268000.0,0.71,3202000.0,0.24442748091603053,55246000.0,31454000.0,33111000.0,13034000.0,23792000.0,3196000.0,24840000.0,72151740.0,61753740.0,6.046520569011919,2.5403559920208685,0.0832096441371321,0.14614993323583647,0.031212778165368937,6.046520569011919,0.11744134291346092,5.507766412213741,4.883036004331347,2.2938812233738157,0.0,3.096996245306633,0.0,0.23712123954675451,2.2474297989872642,0.06686456938058864,45.78156091370558,0.24442748091603053,2.736842105263158,1.0675423829242854,0.0003907542815788288,1.2111505477729856,-0.03379601689800845,2.750253807106599,-0.00782472613458529,5.937243072191169,0.34039941437186627,0.6840090181239336,Building Materials,Basic Materials,SMID
2021Q2,2021,Q2,2021-08-10,2021-06-30,985000.0,12307000.0,1278000.0,0.19,3314000.0,0.2692776468676363,52917000.0,27673000.0,30200000.0,14042000.0,25244000.0,2743000.0,21146000.0,122767200.0,117034200.0,5.319684736639754,2.1506907847884915,0.14099438743692952,0.2696129801611679,0.027092328921443674,5.319684736639754,0.03559426155458389,9.975396116031527,31.159187817258882,4.436353123983666,0.0,3.2785271600437476,0.0,0.2325717633274751,1.9156103119213788,0.018614055974450556,144.432,0.2692776468676363,-0.6545454545454545,1.2235957911557906,0.20733882087015743,1.229496427479353,-0.42083187696609575,-0.6564352982211371,-0.6638611257233035,0.39203946383751986,0.22224853633143718,0.5302377385124547,Building Materials,Basic Materials,SMID
2021Q1,2021,Q1,2021-05-11,2021-03-31,2867000.0,15218000.0,3802000.0,0.55,5722000.0,0.3760021027730319,51208000.0,26557000.0,28358000.0,11676000.0,24651000.0,2347000.0,20161000.0,62215920.00000001,57388920.00000001,5.105151864667436,2.4287427201096268,0.1505038275269489,0.29020597206009713,0.08287682527193105,5.105151864667436,0.10795647098693377,4.088311210408727,5.425176142309034,2.342731483224762,0.0,4.046016190881977,0.0,0.2971801281049836,2.182511133949983,0.05598734572723012,15.847152317880797,0.3760021027730319,2.9988779803646572,31.200731243273598,0.7866618351665633,1.2218073872984965,0.7748138957816377,3.021037868162693,2.2275042444821733,7.678910408136862,0.6395138223970758,0.5455687092060896,Building Materials,Basic Materials,SMID
2020Q4,2020,Q4,2021-03-30,2020-12-31,713000.0,11073000.0,1178000.0,0.13753858024691357,3224000.0,0.2911586742526867,46499000.0,23649000.0,23341000.0,8900000.0,22850000.0,2194000.0,17294000.0,48988800.0,47852800.0,4.561921296296297,2.622584269662921,0.16404653863523946,0.32255063639054504,0.021247832878600013,4.561921296296297,0.03014926635375703,4.424166892441073,17.176998597475457,2.0714956234935933,0.0,3.5774840474020055,0.0,0.23813415342265426,2.3069662921348315,0.015333663089528807,35.42212581344902,0.2911586742526867,-0.5415380658436214,2.9393784779724212,0.3641375679807661,0.9703210136949469,-0.16063525123665712,-0.5397030342156229,-0.4250854075158614,0.9171047127710695,0.0911585604606492,0.3559817209682803,Building Materials,Basic Materials,SMID
2020Q3,2020,Q3,2020-11-10,2020-09-30,1549000.0,12515000.0,2049000.0,0.3,3841000.0,0.30691170595285655,45933000.0,22773000.0,22238000.0,9472000.0,23160000.0,2164000.0,16581000.0,31881600.0,32212600.0,4.392939814814815,2.347761824324324,0.16937713626368842,0.34163263513810216,0.050952291755951014,4.392939814814815,0.06801914547929566,2.54747103475829,5.145513234344739,1.3999736530101436,0.0,4.008317929759705,0.0,0.2724620643110618,2.0308277027027026,0.033723031371780635,9.898044085687674,0.30691170595285655,2.3333333333333335,0.2692193582657204,0.135569467654263,0.8937457980544793,0.6159023979806478,2.512471655328798,2.575916230366492,1.0182982000615952,0.06277544951942785,0.3081459122880417,Building Materials,Basic Materials,SMID
2020Q2,2020,Q2,2020-08-11,2020-06-30,441000.0,10450000.0,573000.0,0.09,2377000.0,0.2274641148325359,44331000.0,21224000.0,20101000.0,10077000.0,23107000.0,2108000.0,15032000.0,29393280.0,33011280.0,4.094135802469136,1.9947404981641361,0.18095689246802463,0.3779683377308707,0.014959930312144898,4.094135802469136,0.02077836411609499,2.812754066985646,16.662857142857142,1.3849076517150394,0.0,3.829696394686907,0.0,0.23572669238230584,1.7016969336111938,0.00994789199431549,-88.8014501510574,0.2274641148325359,13.275526315789474,0.699841457916707,0.42989069677774033,0.9646585763156761,0.485625,12.605263157894736,14.642857142857142,-0.39696137021835076,-0.05208322620247228,0.27840563943263497,Building Materials,Basic Materials,SMID
2020Q1,2020,Q1,2020-05-14,2020-03-31,-38000.0,9825000.0,-42000.0,-0.007331661200077175,1600000.0,0.1628498727735369,40299000.0,20767000.0,17103000.0,7725000.0,19532000.0,2171000.0,14601000.0,25500360.0,28809360.0,4.006752845842176,2.2139805825242718,0.1366535149755577,0.26518033418404197,-0.0012231103481572876,4.006752845842176,-0.0018298261665141812,2.5954564885496185,-167.7655263157895,1.22792699956662,-7.421052631578948,3.7885766927683093,0.011058667407048372,0.24380257574629643,1.841294498381877,-0.000942951438000943,43.441839863713795,0.1628498727735369,-1.0486555697823303,0.9316032598543096,1.2077971021771003,0.9663596689405649,-0.46631087391594395,-1.0486555697823303,-1.0431654676258992,-1.0428413131090095,-0.00023736667625442236,0.31046616010227285,Building Materials,Basic Materials,SMID
2019Q4,2019,Q4,2020-03-26,2019-12-31,781000.0,12442000.0,973000.0,0.1506849315068493,2998000.0,0.24095804533033274,42115000.0,20821000.0,19031000.0,9602000.0,21294000.0,2242000.0,14639000.0,31098000.0,34745000.0,4.017171522284391,1.981982920224953,0.11898373501127864,0.24067047692233803,0.03001485826585734,4.017171522284391,0.03751020604197685,2.4994373894872206,9.954545454545455,1.4935882042168964,0.0,4.212310437109723,0.0,0.2954291820016621,1.66684024161633,0.01854446159325656,-173.731843575419,0.24095804533033274,0.36986301369863006,2.1912653076640027,1.6507790022087214,0.8762389816488496,0.1561897416120324,0.3606271777003484,0.2921646746347942,-0.07361572160110272,0.20736571723029731,0.412727266783523,Building Materials,Basic Materials,SMID
2019Q3,2019,Q3,2019-11-07,2019-09-30,574000.0,13209000.0,753000.0,0.11,2593000.0,0.19630554924672572,40403000.0,20277000.0,18035000.0,10066000.0,20126000.0,2567000.0,14140000.0,39166686.8180476,42644686.8180476,3.9495520062329565,1.79167494536062,0.11130361606811376,0.221778369581299,0.022863971320454094,3.9495520062329565,0.028307935098880504,2.965151549553153,17.05866150611829,1.9315819311558713,0.0,4.135566809505259,0.0,0.3269311684775883,1.4823167097158751,0.01420686582679504,-72.66546719489351,0.19630554924672572,1.2,3.8517640853017174,1.1019715095665663,0.7113131445783192,0.20269016697588127,1.1025641025641026,1.0187667560321716,-0.6744753311201329,0.02207507477666566,0.44431065475842624,Building Materials,Basic Materials,SMID
2019Q2,2019,Q2,2019-08-08,2019-06-30,273000.0,10852000.0,373000.0,0.05,2156000.0,0.19867305565794324,39498000.0,19630000.0,17915000.0,9461000.0,19868000.0,3003000.0,13566000.0,44761927.791540995,47828927.791540995,3.823529411764706,1.893563048303562,0.11919590865360272,0.23983698420784513,0.011485048368397682,3.823529411764706,0.01390728476821192,4.124762973787412,40.99077636588003,2.280281599161538,0.0,2.895770895770896,0.0,0.2747480885108107,1.5177042595920094,0.006911742366702112,-35.162551289505885,0.19867305565794324,-0.1666666666666666,7.658012975806636,0.6051449891706766,0.6742080189743065,-0.0297029702970297,-0.17522658610271905,-0.16554809843400448,-0.37555133222989734,0.07870137721906546,0.6024530749309555,Building Materials,Basic Materials,SMID
2019Q1,2019,Q1,2019-05-14,2019-03-31,331000.0,10189000.0,447000.0,0.06,2222000.0,0.21807831975660025,39238000.0,19277000.0,18114000.0,8898000.0,19961000.0,3047000.0,13293000.0,38912357.6828188,40704357.6828188,3.754772107518504,2.035738368172623,0.12296753147459095,0.25029828292784145,0.014051210654672816,3.754772107518504,0.017170721585308916,3.819055617118343,29.38999824986314,2.0185899093644655,0.8489425981873112,2.614702986544142,0.007221356317971748,0.2596717467760844,1.6481231737469093,0.008435700086650696,36.988933158573005,0.21807831975660025,-0.6565886287625418,1.9579585728146187,0.7185168491307053,0.6502609594827756,-0.36441647597254007,-0.6309921962095875,-0.6256281407035176,4.532907306373057,0.212078719994514,0.6341101356541924,Building Materials,Basic Materials,SMID
2018Q4,2018,Q4,2019-03-26,2018-12-31,897000.0,11718000.0,1194000.0,0.17471756914686404,3496000.0,0.29834442737668543,41369000.0,18847000.0,21596000.0,11711000.0,22522000.0,3560000.0,12962000.0,38047638.6229382,40604638.6229382,3.6710167510712894,1.844078217060883,0.10884962169740627,0.23892396667904706,0.029635256718636975,3.6710167510712894,0.047593781503687586,3.2469396332939238,10.60413562512213,2.0187636559101287,0.0,2.309550561797753,0.0,0.28325557784814714,1.499103407053198,0.021682902656578597,-6.087622179670112,0.29834442737668543,0.7471756914686403,1.5578810996792072,0.43284300015510807,0.5694122639276257,0.34824527574238334,0.725,0.7981927710843374,4.004258662443623,0.4576575007001422,0.585534027545425,Building Materials,Basic Materials,SMID
2018Q3,2018,Q3,2018-11-13,2018-09-30,520000.0,9544000.0,664000.0,0.1,2593000.0,0.27168901927912825,34940000.0,18240000.0,19488000.0,7373000.0,16700000.0,3262000.0,12345000.0,40474665.023584,41190665.023584,3.590551181102362,2.6431574664315747,0.0973955352032055,0.18656798245614034,0.018458106598559273,3.590551181102362,0.02850877192982456,4.240849227114837,19.45897356903077,2.2190057578719298,0.0,2.130901287553648,0.0,0.27315397824842585,2.128441611284416,0.014882655981682884,6.3469758544117925,0.27168901927912825,-0.28571428571428575,0.8225094587139403,0.316960333721763,0.5507965066060635,-0.12869623655913978,-0.24746743849493488,-0.2711306256860593,-0.5651996411591759,-0.11628024329338327,0.5478452923441164,Building Materials,Basic Materials,SMID
2018Q2,2018,Q2,2018-08-02,2018-06-30,691000.0,9833000.0,911000.0,0.14,2976000.0,0.30265432726533104,33017000.0,17660000.0,19328000.0,7459000.0,15357000.0,3092000.0,11826000.0,42223570.3025,44955570.3025,3.4763779527559056,2.5912320686419092,0.1081564042765848,0.2022083805209513,0.027528768063566123,3.4763779527559056,0.03912797281993205,4.29406796527001,15.276255536360347,2.390915645668177,0.0,2.2176584734799483,0.0,0.29781627646363995,2.117576082584797,0.02092861253293758,-1279.502130378788,0.30265432726533104,2.7500000000000004,3.9469069369155045,0.5238071408389999,0.5391712167564061,0.8705216844751729,2.637440758293839,2.647377938517179,1.717998142833746,0.37301053588174005,0.6682142676551115,Building Materials,Basic Materials,SMID
2018Q1,2018,Q1,2018-05-10,2018-03-31,-422000.0,9125000.0,-553000.0,-0.08,1591000.0,0.17435616438356163,29157000.0,16892000.0,17329000.0,6734000.0,12265000.0,3000000.0,11134000.0,40242526.864986196,42968526.864986196,3.3030895580758703,2.5733590733590734,0.12799670748019343,0.22093298602888942,-0.01907180805506557,3.3030895580758703,-0.024982240113663273,4.410139930409446,-23.84035951717192,2.3823423434161852,-0.6066350710900474,2.5113333333333334,0.0063614295607947475,0.31296086703021575,2.0494505494505493,-0.014473368316356278,-17.030269515440626,0.17435616438356163,-2.1150935013750605,-2.288537806398404,0.24918729938841794,0.427355623043085,-0.25998898588258057,-2.1501991043710293,-16.924208828865147,0.23018788278874386,1.0781646743873914,0.6210288829367295,Building Materials,Basic Materials,SMID
2017Q4,2017,Q4,2018-03-29,2017-12-31,366893.0,10010901.0,34727.0,0.07174286272976144,2149968.0,0.21476268719468908,29225000.0,17205000.0,19032000.0,7834000.0,12020000.0,3515000.0,11556000.0,34457663.628173195,34600663.628173195,3.3642940946421587,2.429410262956344,0.1208896492728828,0.2053472827666376,0.0060894600698833965,3.3642940946421587,0.021324789305434466,3.442014223112704,23.479368390902252,2.0027703358426736,0.0011283943820132845,2.2363963015647226,1.2014743787257422e-05,0.3425457998289136,1.923027827418943,0.012554080410607356,31.95957537830348,0.21476268719468908,-0.5217142484682571,1.5694851318429355,1.0009165198626275,0.4943031078413668,-0.335919886653737,-0.5096678400650047,-0.9717744229634458,1.5671753810272715,1.1616081863956962,0.5713094875543568,Building Materials,Basic Materials,SMID
2017Q3,2017,Q3,2017-11-14,2017-09-30,748254.0,11480804.0,1230338.0,0.15,3237513.0,0.2819935781501017,28222326.0,16972547.0,18174479.0,7504940.0,11249779.0,2997319.0,11445277.0,39474743.50062445,40702182.50062445,3.3581420646961666,2.4216687941542503,0.1304620320805592,0.21693514827208904,0.03646679224691733,3.3581420646961666,0.04408613509804981,3.4383257044214366,13.188951713129649,2.3257996281067563,0.0,2.750221447900607,0.0,0.4067986458663967,1.9528178772914906,0.026512839515779103,-10677.507032898147,0.2819935781501017,0.07142857142857129,0.03773318364187678,0.4531154256921629,0.38367796521276304,0.12521830885319948,0.051430964248025374,0.12514174720346485,5.424579968720957,0.8558253253067867,0.4550593706847269,Building Materials,Basic Materials,SMID
2017Q2,2017,Q2,2017-08-10,2017-06-30,711653.0,10728053.0,1093496.0,0.14,2877231.0,0.2681969412343507,27152295.0,16155983.0,17278192.0,7005834.0,10996312.0,3443621.0,10697023.0,37677547.92353272,38908825.92353272,3.202532651753743,2.4662576932310984,0.14105783691581136,0.23706660250880432,0.036231870717211734,3.202532651753743,0.044048882695655225,3.5120583318830283,13.235926752059191,2.3321111394789606,0.0,2.2798159263170947,0.0,0.3951066751447714,1.8912330780318232,0.026209681354743677,-21.83090718510298,0.2681969412343507,-0.1764705882352941,0.6074623244140613,0.5463322899608475,0.40179921430942844,-0.13239411052357333,-0.16979448227428573,-0.19384800938339283,21.968884979111536,0.614884387428762,0.4022922983397513,Building Materials,Basic Materials,SMID
2017Q1,2017,Q1,2017-05-12,2017-03-31,857201.0,9497242.0,1356439.0,0.17,3316288.0,0.3491843210902702,24528425.0,15314746.0,15904838.0,4926271.0,9213679.0,3795051.0,9985371.0,31786139.581869304,31337991.581869304,3.0575019545178312,3.22857552903606,0.16207734495794165,0.259586544889481,0.04487496465227216,3.0575019545178312,0.055972263594838596,3.3468810820940758,9.270328540759198,2.075525090776517,0.057645756362860054,1.6286879939162873,0.001554576952408073,0.38719330735666885,2.3629022845068817,0.034947249976303,38.00287845716272,0.3491843210902702,0.0451298995391197,7.484240472592282,0.5275681065660351,0.3917794894898046,0.1516500399187803,0.052109555750572266,0.20838630190437418,3.5428117695226597,0.641846479590858,0.3438035557416829,Building Materials,Basic Materials,SMID
2016Q4,2016,Q4,2017-03-30,2016-12-31,814745.0,9958942.0,1122521.0,0.16265920635795267,2879597.0,0.2891468792568528,24052225.0,14243119.0,15871621.0,5059595.0,9809106.0,2578817.0,9128170.0,26162437.963503905,26572851.963503905,2.8435577175703766,3.136935070890061,0.16352058905153266,0.27613572560897653,0.04312590880719314,2.8435577175703766,0.0572027096031424,2.6270298555312306,8.02779948434906,1.8368475306219028,0.0,2.7451909150591143,0.0,0.4140549159173424,2.4275079329472025,0.03387399710421801,9.857994787168131,0.2891468792568528,-0.5215905695354334,3.42120647772258,0.6538850678321652,0.27902577753534646,-0.30147220780228895,-0.5182749199287888,-0.5835470590439458,1.3813455719618732,0.24816248489565645,0.21566167025488814,Building Materials,Basic Materials,SMID
2016Q3,2016,Q3,2016-11-14,2016-09-30,1691307.0,12396001.0,2695433.0,0.34,4122380.0,0.33255724971303247,23870091.0,13465967.0,15893483.0,6180963.0,10404124.0,2507580.0,8362841.0,17033972.495901834,20177993.495901834,2.7345585198175764,2.5713603203902045,0.17131715166062836,0.30368082737764024,0.09816712720089985,2.7345585198175764,0.12559862949315115,1.3741506229228146,2.5178711635294233,1.2649646695184857,0.0,3.299444484323531,0.0,0.5193110072349536,1.9943518509979756,0.07085465237648235,-18.16077600383583,0.33255724971303247,3.25,4.5276172988399175,0.9804438280380396,0.1939204358905211,0.9925217238315919,3.037264515759422,3.131849989652873,5.115081954733095,0.7645633493877384,0.18108434770757476,Building Materials,Basic Materials,SMID
2016Q2,2016,Q2,2016-08-11,2016-06-30,418924.0,9640019.0,652355.0,0.08,2068926.0,0.21461845666486756,20812082.0,11738276.0,14665616.0,5700871.0,9073806.0,2702769.0,6671533.0,11792274.332930848,14044717.332930848,2.386047661289208,2.572521988306699,0.1456820610258983,0.2582957667718837,0.029004357082005387,2.386047661289208,0.03568871612833094,1.2232625613010564,7.037239650229426,1.0046001928162918,0.0,2.801235695688385,0.0,0.46319339891126704,1.9330284793323687,0.020128884750694333,54.56834689765826,0.21461845666486756,5.0,0.6046677132499505,0.3154818750460709,-0.006834113186113946,0.6188868014144052,5.666273098900609,5.873303302630301,2.8448545229124855,0.5426249991692748,0.05642595022036578,Building Materials,Basic Materials,SMID
2016Q1,2016,Q1,2016-05-12,2016-03-31,-89777.0,8055084.0,-133863.0,-0.02,1277993.0,0.15865669433118265,19758378.0,11303878.0,13696521.0,5107731.0,8454500.0,2611242.0,6252610.0,12052892.600000001,14514741.600000001,2.2977472727169244,2.681527472766283,0.1460071266983555,0.25521011461730214,-0.005544007039147908,2.2977472727169244,-0.007942141626086198,1.4963087411627243,-33.56341991824187,1.0662617377859174,0.0,2.5953515606749584,0.0,0.4076794157901018,1.9636627300850418,-0.004543743418614625,-7.165367064105431,0.15865669433118265,-1.5728397764322308,-1.4568942716420774,0.011432742957165285,-0.031067856233662004,-0.28599355267642146,-1.5226886353050768,-1.4247421175709079,-1.2849609334657717,0.14630525139036898,-0.007080361467728111,Building Materials,Basic Materials,SMID
2015Q4,2015,Q4,2016-03-28,2015-12-31,171760.0,7703132.0,315163.0,0.03491377663151168,1789890.0,0.23235873408374672,18850110.0,11390322.0,13507522.0,4528113.0,7459788.0,2494284.0,6342386.0,16037726.479999999,16814497.479999997,2.315318805711419,2.9830355382032208,0.13328261744891676,0.22057251761627109,0.012776141220087227,2.315318805711419,0.015079468341632485,2.081974770781547,23.343220889613413,1.408013441586638,0.0,2.3707172078239687,0.0,0.4086518328009757,2.2423930233189853,0.00911188316672953,19.94645344317875,0.23235873408374672,-0.8482009711673405,-0.6701138255050448,-0.1504579781496997,-0.0061599402940168335,-0.42685921964808915,-0.850910025207108,-0.8219012577439948,1.2771408322947102,0.6005110046540562,0.028384555478683085,Building Materials,Basic Materials,SMID
2015Q3,2015,Q3,2015-11-12,2015-09-30,1152056.0,10403417.0,1769597.0,0.23,3122950.0,0.30018502574682915,20202816.0,11351609.0,15468849.0,6204025.0,8851207.0,2168333.0,6363327.0,12478547.399999999,13903480.399999999,2.319709339726513,2.4933569739000085,0.11959105106931628,0.21283995951587129,0.0840363799434052,2.319709339726513,0.10148834407527603,1.1994662330655397,2.7078864655884782,1.0992756533457064,0.0,3.3576332602049592,0.0,0.5149488566346394,2.006019156918291,0.057024525689884024,-13.063778551552446,0.30018502574682915,3.5999999999999996,0.22815831026645833,0.1113959680510918,0.04561257158069145,0.8727515976811809,3.705015580522509,3.2458982959753153,0.6501915157916297,0.35996558883687213,-0.044194486939244666,Building Materials,Basic Materials,SMID
2015Q2,2015,Q2,2015-08-14,2015-06-30,244857.0,6897565.0,416778.0,0.05,1667573.0,0.24176256403527913,17414182.0,10195828.0,12869862.0,4529662.0,7218354.0,1882562.0,5212914.0,11008543.5,11477009.5,2.083891751892519,2.841241134548229,0.13840477835823697,0.23639139459786884,0.020554185314353244,2.083891751892519,0.024015411009287328,1.5960043145660823,11.239768007449246,1.0797105933917284,0.0,2.7781247045250037,0.0,0.3960889463541842,2.2514931577676216,0.01406078103467622,-46.55798949451888,0.24176256403527913,1.4545454545454546,-0.539592209027065,-0.13801896332720368,0.02907370736758678,2.146411643949343,1.4669555217795103,1.5004130306363073,-0.4297339478186914,0.02510934494629428,-0.0878476074524485,Building Materials,Basic Materials,SMID
2015Q1,2015,Q1,2015-05-14,2015-03-31,-524369.0,4200125.0,-832868.0,-0.11,529992.0,0.12618481592809738,16123218.0,9967807.0,11684990.0,3357037.0,6155411.0,1905123.0,4968057.0,11984946.75,12218079.75,2.037650033780918,3.4807450737063665,0.1552157888084128,0.25106605695716216,-0.04075244218707282,2.037650033780918,-0.05260625531774441,2.8534738251837743,-5.7139851659804455,1.202365450093486,0.0,1.926454617365913,0.0,0.26050165667920633,2.714665641159153,-0.03252260187761525,-9.753247638377104,0.12618481592809738,0.13037632540527794,-2.0077133776418594,-0.3643113098408736,0.06460438022842803,1.78966649823143,0.15256645005518987,0.11736928000678239,-3.0615002377118703,-0.30826727179963426,-0.07245863912400331,Building Materials,Basic Materials,SMID
2014Q4,2014,Q4,2015-03-31,2014-12-31,-618773.0,4430018.0,-943620.0,-0.1264914965099866,189984.0,0.04288560452801772,16297916.0,10473751.0,11935920.0,2930801.0,5824165.0,1726544.0,5492427.0,10761993.0,9783773.0,2.1410766760394657,4.072579475713295,0.15917280467024128,0.24768442557017062,-0.044735747652087585,2.1410766760394657,-0.05907845240926579,2.4293339214423058,-4.348118372973611,1.0275204174703028,0.0,2.455792612293692,0.0,0.271814997696638,3.2899978538290386,-0.03796638784983307,-28.925889790191746,0.04288560452801772,-7.324574825499329,-0.8601107611798365,-0.18595235153185485,0.18650949502397823,-0.8750439027470294,-6.500693394968442,-5.9955794611707285,-0.8828447376832353,-0.24669535654393634,-0.03694859316095578,Building Materials,Basic Materials,SMID
2014Q3,2014,Q3,2014-11-18,2014-09-30,112490.0,5975095.0,188891.0,0.02,1520406.0,0.25445720946696243,17477109.0,11266160.0,12962085.0,3389951.0,6210949.0,1677493.0,6285439.0,9763096.0,8211746.0,2.307907245816286,3.8236791623241753,0.15369155161760448,0.23842054435584084,0.008122748577963938,2.307907245816286,0.009984768545804427,1.633964982983534,21.69769757311761,0.8665859529777671,0.0,2.655563391322646,0.0,0.3418812001458594,3.084252840232794,0.006436419204114365,6.565897749741079,0.25445720946696243,2.287850305193289,-0.7808684816745056,-0.24296823724932284,0.22966748695958938,0.08182688845785488,2.7520429605416763,0.961810892775539,1.2366822526714722,-0.03701726478188356,0.007642588355977192,Building Materials,Basic Materials,SMID
2014Q2,2014,Q2,2014-08-19,2014-06-30,29981.0,6428316.0,96284.0,0.006083002005416492,1405406.0,0.21862739790638794,17530660.0,11148401.0,13037428.0,3395241.0,6382259.0,1528483.0,6172949.0,9714280.52,10253258.52,2.283783955417421,3.8399123950258613,0.13724628736168518,0.2158173176583799,0.003132793602485615,2.283783955417421,0.0026892645860155193,1.5111703469462296,81.00363997198225,0.8713608812600121,0.0,3.2862059964029693,0.0,0.36668990214857855,3.198822999604446,0.0017102037230771689,184.6645854956753,0.21862739790638794,1.086900028648807,-0.9588803674438362,-0.1904140143216526,0.2921151553346908,0.9251978750859582,1.0912563615555069,1.166424392225324,-0.8842652905981268,-0.11596016565950835,-0.04940024703951366,Building Materials,Basic Materials,SMID
2014Q1,2014,Q1,2014-05-15,2014-03-31,-328536.0,5637408.0,-578545.0,-0.07,730006.0,0.12949319971164053,17835695.0,11106789.0,13247999.0,3624700.0,6728906.0,1864676.0,6142968.0,11569268.76,11557053.76,2.275259610271168,3.654922890170221,0.1610039306009662,0.2585461018481579,-0.024301575237381193,2.275259610271168,-0.02957974622548425,2.0522319406365477,-8.803653754839651,1.041639375700754,0.0,2.6317719539480318,0.0,0.31607447873491895,2.9780224570309266,-0.018420140061825456,-55.899368785211095,0.12949319971164053,-2.024806365220417,-1.3344132735840668,-0.40944188063886616,0.4111364729203903,-0.6238850602191135,-1.9853015712113533,-1.975888900696479,-2.685005131048251,-0.2866313152156822,-0.04055063061906973,Building Materials,Basic Materials,SMID
2013Q4,2013,Q4,2014-03-27,2013-12-31,333437.0,7776006.0,592839.0,0.06830558667045782,1940912.0,0.2496026880637695,18656808.0,11418443.0,14035898.0,4063556.0,7238365.0,1939478.0,6471504.0,10495328.2,10268278.2,2.3391028829379534,3.4540924254519934,0.15592233140845957,0.25476441928203347,0.0280746028505172,2.3391028829379534,0.029201617068106395,1.349706803209771,7.869048875799626,0.9191558078452552,0.0,3.0085899401797804,0.0,0.4167918756520408,2.8029772445611676,0.01787213546926141,10.95090786917335,0.2496026880637695,0.1384264445076303,1.2102037746514172,-0.10660731464990458,0.6638589999648202,0.10091435053885423,0.22628158685442556,0.2224366706875754,-0.3546080986548572,-0.1357452978616628,0.004049266607668469,Building Materials,Basic Materials,SMID
2013Q3,2013,Q3,2013-11-14,2013-09-30,271909.0,6906337.0,484965.0,0.06,1763000.0,0.25527280235528615,17792919.0,11208824.0,13366738.0,3458240.0,6584095.0,1885172.0,6288899.0,8762586.48,9396009.48,2.315294860291068,3.8651851809012676,0.15945871500904377,0.2531252163474063,0.02100682218679211,2.315294860291068,0.02425847707127884,1.2687748194158497,8.056543255280259,0.7817578793279295,0.0,2.7283117933005583,0.0,0.3881508705794704,3.109612403997409,0.015281865780426472,-144.5422773534797,0.25527280235528615,2.1999999999999997,9.240955240669505,-0.14070860315524758,0.6946328644267995,0.675474868352152,2.219787811497656,2.383625817753343,-0.7069953895361303,-0.25422007835633936,0.04362273814956417,Building Materials,Basic Materials,SMID
2013Q2,2013,Q2,2013-08-15,2013-06-30,-222915.0,6134564.0,-350503.0,-0.05,1052239.0,0.171526289398888,17512394.0,10907656.0,13256330.0,3430397.0,6604738.0,1980330.0,6016990.0,9175822.0,10744307.0,2.2586037959323972,3.8643719662767895,0.1633853715260175,0.26231749516119685,-0.015055236324995518,2.2586037959323972,-0.020436563089265006,1.495757807726841,-10.290718435278022,0.8412276661456869,0.0,2.5664030742351023,0.0,0.350298422934066,3.0973143924741073,-0.012728984969159557,-16.13708700232318,0.171526289398888,-1.8333333333333335,-2.0804965175860897,-0.1376592289500025,0.6703891614104203,-0.42049760899412536,-1.7212420447081738,-1.6345450233449017,-1.4246443975324306,-0.22332097457531253,0.1153505356714592,Building Materials,Basic Materials,SMID
2013Q1,2013,Q1,2013-05-15,2013-03-31,309071.0,6893635.0,552369.0,0.06,1815763.0,0.2633970321898389,16954762.0,11168423.0,12647548.0,2506989.0,5786339.0,1978684.0,6233561.0,8638865.78,9671848.78,2.314132164928716,5.044915633853997,0.17384785466171687,0.26391810195584464,0.023210252381800266,2.314132164928716,0.02767364738960908,1.2531655331331002,6.9877680047626605,0.7735081112167761,0.0,2.566287492090703,0.0,0.40658990081960455,4.0375294825785035,0.018229155915016677,-20.67104974385111,0.2633970321898389,1.4762718772358325,4.809728938124807,-0.03203907432650761,0.7764518937719667,2.2444791091527336,1.5083446409921135,1.639432905554488,-0.3979610338691674,0.05754019468742666,0.20905709928964614,Building Materials,Basic Materials,SMID
2012Q4,2012,Q4,2013-04-01,2012-12-31,-607995.0,4721578.0,-863842.0,-0.12597846496464493,559647.0,0.11852965258648697,16817804.0,10865731.0,12478991.0,2596845.0,5952073.0,2104106.0,5924491.0,9507578.54,8130861.539999999,2.251413436128186,4.8054431435068325,0.17783278958418114,0.2752467367358901,-0.04235069524848125,2.251413436128186,-0.05595527811244361,2.013644281636351,-3.9093983256441254,0.8750058822549536,0.0,1.9780044351377735,0.0,0.2807487826591391,3.6493236985649893,-0.03615186620084287,6.573320552078313,0.11852965258648697,-1.8998461783188922,-3.7198083863692655,-0.3383214535588611,0.7519219160645877,-0.7289653408909298,-1.8830411140352405,-1.8500114634777536,-0.8525664161080759,-0.120576973813122,0.24765425222044402,Building Materials,Basic Materials,SMID
2012Q3,2012,Q3,2012-11-13,2012-09-30,688524.0,7544456.0,1016271.0,0.14,2064854.0,0.2736915690143862,18162693.0,11712989.0,13723742.0,3034968.0,6449704.0,1740240.0,6771749.0,7480582.100000001,7357551.100000001,2.426967942775469,4.5218737067408945,0.1691507421283837,0.2622928272194228,0.04811891255383641,2.426967942775469,0.058782946009767446,0.9915336639248742,2.7161660668328196,0.6386569730407841,0.0,3.1487622396910773,0.0,0.415382014109912,3.6954439058336037,0.03790869558825886,17.253140380738877,0.2736915690143862,0.5555555555555558,1.3777387591267796,-0.11526703122185325,0.957456200531868,0.14324391961624153,0.6256525403919846,0.3714839791039418,0.35663770354598634,-0.03316784576480549,0.29310377465739657,Building Materials,Basic Materials,SMID
2012Q2,2012,Q2,2012-08-13,2012-06-30,423537.0,6637155.0,741001.0,0.09,1806136.0,0.272125029474225,16938793.0,11025834.0,12385681.0,2243476.0,5912959.0,1714428.0,6084594.0,6032727.5,6356678.5,2.284587278308195,5.520754846497132,0.18800241552039748,0.2888247728017672,0.031752987143151556,2.284587278308195,0.03841314861079897,0.9089327430201645,3.5609211828010303,0.547144778345112,0.0,2.8178605342423246,0.0,0.3918316375907067,4.492835225337824,0.025003965748917292,75.14514642318855,0.272125029474225,4.0,0.0969775035979755,-0.20848970888534113,0.9051248206929651,0.7779431553850591,4.325118743866536,3.8552861254859954,-0.41244525845411206,-0.15452339898677855,0.29256965790676387,Building Materials,Basic Materials,SMID
2012Q1,2012,Q1,2012-05-21,2012-03-31,-127375.0,5990424.0,-259519.0,-0.03,1015857.0,0.16958014991927114,16688822.0,10602298.0,12037639.0,2416701.0,6086524.0,1719700.0,5661058.0,7239273.0,7636218.0,2.196829294875328,4.98102123514659,0.19748883414299703,0.3108624186945132,-0.01055335376803543,2.196829294875328,-0.012013904910048745,1.2084742248628813,-14.20858292443572,0.6828022566428523,0.0,2.892694656044659,0.0,0.3589482828686171,4.030293776516003,-0.0076323541589693985,8.842972612127083,0.16958014991927114,0.5534455383248825,-1.2932499805804625,-0.36119928708531135,0.9106068958564677,0.692762090122276,0.6071437383569587,0.3723921113408544,-1.1311410351834488,-0.3652618399800557,0.3624932859459909,Building Materials,Basic Materials,SMID
2011Q4,2011,Q4,2012-04-16,2011-12-31,-324228.0,5801877.0,-413505.0,-0.06718105533525259,600118.0,0.10343514693606914,17527974.0,10729672.0,12700024.0,2983306.0,6798302.0,1939633.0,5788432.0,6756654.8,8030525.8,2.223221585924443,4.2570302878752635,0.19423562586297766,0.3173029893178468,-0.017333682943176082,2.223221585924443,-0.030217885504794553,1.164563605881338,-5.20980205287637,0.6297168077458473,0.0,2.6818264073667546,0.0,0.33100670961743783,3.2517452115203738,-0.01849774537547808,-184.2204869536767,0.10343514693606914,0.3281894466474741,0.7530946774626517,-0.3442368220779477,1.1087889444334253,-0.08433032696712019,0.30998876327976027,0.3236076873878486,-3.1738166572436497,-0.32576981567661284,0.5814299027370177,Building Materials,Basic Materials,SMID
2011Q3,2011,Q3,2011-11-14,2011-09-30,-469888.0,6134405.0,-611339.0,-0.1,655387.0,0.106837908485012,17489184.0,11053900.0,12904452.0,2715391.0,6435284.0,2252383.0,6112660.0,8204509.399999999,9519543.399999999,2.2904026412596954,4.752336587990459,0.19956625763671992,0.31574837840038356,-0.0313065935364521,2.2904026412596954,-0.04250879779987154,1.3374580582794908,-4.36514094848134,0.742227575787731,0.0,2.43254277802665,0.0,0.350754214719223,3.609339870390673,-0.0268673484137396,-6.470402663709793,0.106837908485012,-3.0000000000000004,-2.622704250681308,-0.33073098255221645,0.6675537217718187,-0.6259913224156851,-2.8459991199949712,-2.5579921965192702,-18.752572143254273,-0.2343766160646084,0.6764135122559183,Building Materials,Basic Materials,SMID
2011Q2,2011,Q2,2011-08-15,2011-06-30,254544.0,7145058.0,392389.0,0.05,1752331.0,0.24525077333172102,18002833.0,11523788.0,13256915.0,2675368.0,6479045.0,2481353.0,6582548.0,7962437.34,8010152.34,2.402466388514148,4.95517439096229,0.19996025070054252,0.31238434792448455,0.016529464084560158,2.402466388514148,0.02208857018195753,1.1143978593315826,7.820295646332264,0.6909565969106686,0.0,2.1733010176303007,0.0,0.3968852013458104,3.7880321510909902,0.014139107994836145,9.20943115628571,0.24525077333172102,0.25000000000000006,3.65335237162444,0.02291423063149667,0.9207000524217053,0.0993652239596273,0.3547356992314734,0.46622250288656636,0.24222533487803358,0.01124041042226101,0.7767852083017504,Building Materials,Basic Materials,SMID
2011Q1,2011,Q1,2011-05-13,2011-03-31,187892.0,7615387.0,267619.0,0.04,1593948.0,0.20930623748996605,17448036.0,11155602.0,12635527.0,2896181.0,6292434.0,1946444.0,6328004.0,10113991.299999999,11148739.299999999,2.3714222791550155,4.362823663300049,0.17868566983699483,0.2794751910295832,0.012110681266820963,2.3714222791550155,0.0168428382439603,1.3280994518072422,13.457187240542439,0.906628911644571,0.0,3.0935588180291855,0.0,0.4364609862107116,3.433765016758276,0.010768661871169913,-26.218759364776513,0.20930623748996605,-0.6220561551084518,-0.2011703628813681,-0.03695151053540498,0.7780498567588215,-0.23660251172672353,-0.6226090694175801,-0.6168370685248845,2.6234767738302387,0.09703655528897406,0.8204308563628336,Building Materials,Basic Materials,SMID
2010Q4,2010,Q4,2011-03-31,2010-12-31,497871.0,8670445.0,698447.0,0.10583582863078002,2087966.0,0.24081416813093215,18122751.0,10959189.0,13384941.0,3641780.0,7163562.0,1844667.0,6140112.0,8232318.5,8884920.5,2.3296694303069057,3.6753842900998963,0.17799560342687487,0.2943438606634122,0.03354142207249243,2.3296694303069057,0.04542954775211925,0.9494689718924462,4.133760803501309,0.7511795352740062,0.0,3.568383345069869,0.0,0.47842874406871233,2.9506966373586545,0.027472153648196128,7.681701796900005,0.24081416813093215,-0.44296932299589464,1.2847620515499467,0.2064423969863376,0.8183670977536889,-0.2613119638631325,-0.4477224851828146,-0.5210996140393942,1.284939528109984,0.24658200287254978,0.8128162809400561,Building Materials,Basic Materials,SMID
2010Q3,2010,Q3,2010-11-12,2010-09-30,901487.0,8995958.0,1458439.0,0.19,2826587.0,0.31420633577880197,17715327.0,10433424.0,12962668.0,3922791.0,7281903.0,1871120.0,5642241.0,6584034.8,8319558.8,2.2185170710215565,3.3044503263110374,0.1882875207440427,0.3197008958899782,0.06703272567473342,2.2185170710215565,0.08640375393542905,0.7318881213095926,1.8258817930818747,0.6310521646585052,0.0,3.2971541109068365,0.0,0.5078064886976119,2.6788546726042757,0.05088740388478293,6.725299720631872,0.31420633577880197,0.7272727272727273,2.833764062121907,0.3516905518270507,0.9940876600332513,0.3281810048473708,0.7634894707499095,0.6705849067193884,2.1948033851015896,0.08260820394883235,0.7893314205422549,Building Materials,Basic Materials,SMID
2010Q2,2010,Q2,2010-08-13,2010-06-30,511195.0,7691567.0,873011.0,0.11,2128164.0,0.2766879622838883,16298859.0,9523416.0,11584338.0,3509748.0,6775443.0,1868178.0,4740754.0,6395919.5200000005,9112898.52,2.025017000213911,3.3006181640391277,0.20768858728086426,0.355448822145331,0.04154406452654922,2.025017000213911,0.0536776929622732,0.8315496075117074,3.1279255078785986,0.6715993000830796,0.0,2.9779833613285245,0.0,0.4719083096552955,2.591763853131336,0.03136385191135158,-7.733628430510733,0.2766879622838883,0.09999999999999995,4.434912039043293,0.14618118905272987,0.564568858115786,0.07240547509494945,0.021862718837080068,0.04630908036223651,0.35872815919680784,-0.05869785816321136,0.6886683148693847,Building Materials,Basic Materials,SMID
2010Q1,2010,Q1,2010-05-13,2010-03-31,500258.0,6352019.0,834372.0,0.1,1984477.0,0.31241672923207564,15439865.0,9001304.0,10891388.0,3077046.0,6438561.0,2218731.0,4229559.0,5643458.399999999,7536598.399999999,1.913997416903082,3.539559694590201,0.22671325170265413,0.38887943346875076,0.041358774743463694,1.913997416903082,0.05557616985272356,0.8884511208168614,2.8202739386476576,0.6269600937819676,0.0,1.968486490701216,0.0,0.4114037914191607,2.630023405564948,0.03240041282744376,-4.414846384743379,0.31241672923207564,2.4705421411730866,-0.4401439642824972,0.08212616220864641,0.829906577069626,0.9030456755434939,2.564254579338724,2.862965617485314,0.18191828377199823,-0.30488088468239943,0.664624862713344,Building Materials,Basic Materials,SMID
2009Q4,2009,Q4,2010-03-30,2009-12-31,-319806.0,5231783.0,-447873.0,-0.06800213145896494,1042790.0,0.19931828212293973,15354754.0,8486431.0,11044078.0,3454021.0,6868323.0,2603370.0,3729301.0,8888446.98,9516958.98,1.8045171024916211,3.1974553715799643,0.23174451378380923,0.4193022956293405,-0.02483601512044862,1.8045171024916211,-0.037684392885536926,1.698932654508033,-6.948311617042832,1.0473716194711298,0.0,1.6090655573353,0.0,0.34072724317172387,2.251844734007118,-0.020827816583710818,20.325370173882025,0.19931828212293973,-1.6800213145896494,-0.8545010454499193,-0.13370552800416732,1.108194937209966,-0.4988923434744374,-1.6510827763538012,-1.5897807316144954,0.7500770400626251,-0.3931688791611105,0.7116358260767153,Building Materials,Basic Materials,SMID
2009Q3,2009,Q3,2009-11-12,2009-09-30,491191.0,7552175.0,759389.0,0.1,2080970.0,0.2755457864787296,15364129.0,8766567.0,10948010.0,3150850.0,6597562.0,1807834.0,4049107.0,8641131.700000001,9732944.700000001,1.8768547353583327,3.4746211339797197,0.2345842709339397,0.41112821016482276,0.03950803520087835,1.8768547353583327,0.056030028630363514,1.1441911369903375,4.398050707362309,0.9856916282052028,0.0,3.0263868253390522,0.0,0.4915459249268214,2.5178396305758763,0.03196998671385797,27.116238428468325,0.2755457864787296,-0.33333333333333326,0.7526704092860123,0.29515248830114327,1.1330315905659312,-0.22688401904248148,-0.29593593358283726,-0.3878792861766244,0.7526702703731593,-0.14865592075445397,0.3664654601736397,Building Materials,Basic Materials,SMID
2009Q2,2009,Q2,2009-08-12,2009-06-30,697651.0,7597585.0,1240587.0,0.15,2691666.0,0.35427915581069513,15025746.0,8255677.0,10591783.0,3206705.0,6770069.0,2317410.0,3557916.0,7893790.58,9348373.58,1.7674771060369325,3.303011346537957,0.24696510908676347,0.44948887898593903,0.06100156744371145,1.7674771060369325,0.08450560747471104,1.0389868069919586,2.8287032413054667,0.9561651430888103,0.0,2.116983615329182,0.0,0.5056377899639725,2.421367416085982,0.04643037357346517,4.433122367869063,0.35427915581069513,-0.25000000000000006,0.49361726543295237,0.26573811636868,1.014261382339847,-0.04643367286207424,-0.25784019199428104,-0.21110555754805527,8.46808632716476,0.11698688340596043,0.41304510500098035,Building Materials,Basic Materials,SMID
2009Q1,2009,Q1,2009-05-14,2009-03-31,940028.0,9133940.0,1572564.0,0.2,2822736.0,0.30903815877923435,16503406.0,7531142.0,12162596.0,5233418.0,8972264.0,2489707.0,2860398.0,4437337.899999999,7678586.899999999,1.6123597213545535,2.3240253310551537,0.28565957839248457,0.6259815576442457,0.07884779163844552,1.6123597213545535,0.12481878578308575,0.4858076470832959,1.180107906360236,0.5891985438596166,0.0,2.5349183658960674,0.0,0.5534578740897486,1.7472286754086908,0.056959636089665366,-90.5634610282262,0.30903815877923435,5.471516847705609,21.125278266502985,0.5750503748851143,1.0379185256712367,0.5990401462893191,5.51205386832188,6.264011233930906,3.025055653300597,0.16332095316221962,0.20891837645198924,Building Materials,Basic Materials,SMID
2008Q4,2008,Q4,2009-03-31,2008-12-31,144352.0,8328284.0,216487.0,0.030904655694577596,1765269.0,0.211960711234151,15551067.0,6566466.0,11163777.0,5098280.0,8984601.0,2424224.0,1920237.0,2709111.5599999996,5937624.56,1.4058299909952767,2.1897143742595544,0.2952721507791073,0.699279795250596,0.017550978967329118,1.4058299909952767,0.021983209842250002,0.3252904872120114,4.691849714586566,0.412567667296229,0.0,2.7072642627083967,0.0,0.5355442169981005,1.5406433150003531,0.009282449879484154,7.052186530331743,0.211960711234151,4.7097995132055015,1.0806115226115316,0.9526632043734113,0.7547000141864163,0.16106404347834666,4.635008002498341,0.5311878912190119,-0.3328366635317999,0.1670943041646847,0.09728657954893305,Building Materials,Basic Materials,SMID
2008Q3,2008,Q3,2008-11-14,2008-09-30,25617.0,7754476.0,141385.0,0.005412564070437495,1520389.0,0.1960659882111957,14342610.0,6381600.0,9984788.0,3962057.0,7961010.0,2352911.0,1775885.0,5137970.2,8780404.2,1.3662515987344575,2.5201020580975992,0.29545675438431357,0.6640373887426351,0.0035018163431896556,1.3662515987344575,0.004014197066566378,0.6625812240569189,50.14219268454542,0.8051225711420334,0.0,2.649520955106249,0.0,0.5406600332854341,1.80657042541286,0.0017860765927540385,-150.09699395284977,0.1960659882111957,-0.8646858982390626,1.137110078995787,0.7676187910626062,0.34449073151780235,-0.13895275872380142,-0.8716177951958785,-0.6492209596586116,-0.8903119368033704,0.17313367447827538,0.22803898564664715,Building Materials,Basic Materials,SMID
2008Q2,2008,Q2,2008-08-14,2008-06-30,199537.0,6880378.0,403060.0,0.04,1765744.0,0.2566347372193795,14978263.0,6315697.0,10757536.0,4642700.0,8662566.0,3044133.0,1750268.0,5371514.3,9019192.3,1.35214227205911,2.3170861783014196,0.35396627766517386,0.8394639578181157,0.02113587360103665,1.35214227205911,0.03159382091952796,0.7807004644221581,6.729972761943899,0.8505022169366262,0.0,1.6801611493321744,0.0,0.45935753698543014,1.5278318650785103,0.013321771690081821,5.8981740579856545,0.2566347372193795,3.0,0.06798352002897953,0.2274921894994942,0.15430567532060302,0.08542340416245846,2.8754831316643035,1.0189543072962062,1.1359670400579591,0.032323785166328486,0.044692311413748645,Building Materials,Basic Materials,SMID
2008Q1,2008,Q1,2008-05-20,2008-03-31,51487.0,6892641.0,199638.0,0.01,1626779.0,0.23601678950057026,14274891.0,6084622.0,10006487.0,4059984.0,8190269.0,2749088.0,1550731.0,7800372.9399999995,12361592.94,1.302670887425544,2.464661683395797,0.3389313445545749,0.7951534211985559,0.009006236836207623,1.302670887425544,0.008461823922669313,1.1316958100675778,37.87544885116631,1.2819815166825483,0.0,1.9154941566075732,0.0,0.48285069216990867,1.6339793457314118,0.0036068226370344963,-30.826030706000907,0.23601678950057026,-0.7841052923503582,1.1837161814395822,0.5242815876702436,0.21746483609144918,-0.16931734856237146,-0.7620198752022186,-0.6450911547452911,-0.9419843589063792,0.18227077344288398,0.24543847531108484,Building Materials,Basic Materials,SMID
2007Q4,2007,Q4,2008-04-15,2007-12-31,216350.0,6906139.0,562505.0,0.04631887510752787,1958364.0,0.28356857572661076,14437884.0,6002600.0,10135613.0,4269248.0,8435284.0,2794306.0,1499244.0,8033917.04,12347889.04,1.2851106065192826,2.374097967604599,0.31835773164544057,0.7657368473661413,0.024873454673424576,1.2851106065192826,0.036042714823576454,1.163300802373077,9.283472428934596,1.3384061973144972,0.0,1.7706632702359728,0.0,0.47833456758621967,1.5223250089945584,0.01498488282631998,174.72633840800347,0.28356857572661076,-0.2280187482078688,2.1670448727209664,0.42033844530033543,0.13727964860266798,0.08850913638574306,-0.22479370232221493,-0.044673230198587315,2.2631722045772786,0.15137374519563623,0.5013787736774082,Building Materials,Basic Materials,SMID
2007Q3,2007,Q3,2007-11-13,2007-09-30,279087.0,8218648.0,588809.0,0.06,1799125.0,0.21890765975133622,14732393.0,5767138.0,10364850.0,4665210.0,8965255.0,2225858.0,1282894.0,10930907.5,14777362.5,1.239858108761784,2.2217327837332084,0.3046809163996643,0.7783200263284838,0.03284612809051736,1.239858108761784,0.04839263426677149,1.3300128561291347,9.791666666666668,1.8953781754485501,0.0,2.8840667284256227,0.0,0.5578623920771052,1.6490252314472447,0.01894376561906813,123.84753741743239,0.21890765975133622,-0.25000000000000006,0.1999999999999999,-0.04596793329670927,-0.18992447193716885,0.04642451871597103,-0.23263448768886016,-0.09313267968420307,0.0,0.4153367338131421,0.4090896135887109,Building Materials,Basic Materials,SMID
2007Q2,2007,Q2,2007-08-10,2007-06-30,363695.0,7898945.0,649278.0,0.08,1719307.0,0.21766286510413732,15192717.0,5451697.0,11248847.0,5775870.0,9741020.0,2572652.0,1003807.0,9774304.2,13713984.2,1.1991798403409626,1.9475588958892773,0.36006403594564423,1.0034216868619075,0.04006042410419879,1.1991798403409626,0.0667122549180558,1.2374189464542416,6.718750738943346,1.7928920481090567,0.0,2.4020497136806687,0.0,0.5199165494888109,1.399852143486609,0.02393877276855746,-337.3940006903693,0.21766286510413732,0.0,-0.2727273892502652,0.08333617750217352,-0.10095326664943083,-0.21530919010544197,-0.07510401090461513,-0.13181995049882264,-0.2000000879858027,0.35203796136776416,0.366615519165198,Building Materials,Basic Materials,SMID
2007Q1,2007,Q1,2007-05-11,2007-03-31,393228.0,8489662.0,747861.0,0.08,2191063.0,0.25808601096250944,14404463.0,5023737.0,10398367.0,5286544.0,9380726.0,2795184.0,640112.0,7427640.0,11381332.0,1.1498070585004119,1.9669498636538352,0.2955795714147761,0.8475095332418875,0.04956737805885703,1.1498070585004119,0.07827400200289147,0.8749040892322921,4.722222222222222,1.4785089267212834,0.0,2.2533754486287845,0.0,0.5893771951095991,1.3178840467420683,0.02729903919361659,48.43112835392691,0.25808601096250944,1.2940177957076981,0.4999998566321947,0.2531485691819396,-0.05705888172711566,9.272164687460442,1.3307700201711605,1.4169875967738788,9.999999999999998,0.5650335960517565,0.4532818417821754,Building Materials,Basic Materials,SMID
