Quarters,Year,Quarter,FillingDate,Date,NetIncome,Revenue,OperatingIncome,EPSDiluted,GrossProfit,GrossProfitRatio,TotalAssets,CommonStockEquity,CurrentAssets,CurrentLiability,TotalLiability,Inventory,RetainedEarnings,MarketCap,EnterpriseValue,bookValuePerShare,currentRatio,debtToAssets,debtToEquity,roic,shareholdersEquityPerShare,roe,priceToSalesRatio,peRatio,pbRatio,payoutRatio,inventoryTurnover,dividendYield,assetTurnover,quickRatio,returnOnAssets,priceToFreeCashFlowsRatio,grossProfitMargin,epsdilutedGrowth,fiveYNetIncomeGrowthPerShare,fiveYRevenueGrowthPerShare,fiveYShareholdersEquityGrowthPerShare,grossProfitGrowth,netIncomeGrowth,operatingIncomeGrowth,threeYNetIncomeGrowthPerShare,threeYRevenueGrowthPerShare,threeYShareholdersEquityGrowthPerShare,Industry,Sector,Symbol
2023Q1,2023,Q1,2023-05-03,2023-03-31,77890000.0,803200000.0,238822000.0,0.5,499986000.0,0.6224925299,24625422000.0,6062787000.0,2439224000.0,683625000.0,16313339000.0,0.0,-467159000.0,8486178360.0,22731664360.0,38.664993654458144,3.568073139513622,1.1830847000307243,4.805374162080905,0.005003892256582534,38.664993654458144,0.01284722686117787,10.56546110557769,27.237701758890744,1.3997157346942914,2.1988702015663115,0.0,0.020182229589621774,0.03261669992904081,3.5487189614189067,0.0031629914809175657,36.26416973633605,0.6224925298804781,1.173913043478261,-0.5707214958698585,0.19611730957287474,0.015354076446569113,0.0049323460601529145,1.1756983240223464,0.14446867137893854,-0.8460375677037281,0.0550985535322732,-0.008989397025130692,REIT—Office,Real Estate,BXP
2022Q4,2022,Q4,2023-02-27,2022-12-31,35800000.0,789824000.0,208675000.0,0.23,497532000.0,0.6299276801,24207669000.0,6132919000.0,2186168000.0,691962000.0,15837237000.0,0.0,-391356000.0,10594719340.0,24598743340.0,39.11974000625108,3.159375803873623,1.1838692110339084,4.672932089923249,0.001361115919526347,39.11974000625108,0.005837350860169521,13.414025580382464,73.98547025139665,1.727516593648147,4.791424581005587,0.0,0.016190424162760314,0.032627015843615506,3.1388515554322347,0.001478870187790489,28.634686158769284,0.6299276800907544,-0.8995633187772926,-0.6689510083516591,0.1868787202548576,0.038638797439494145,0.0023349376376233196,-0.9008247062832258,-0.23669357641111555,-0.7538036442093947,0.028663922763446856,0.06435637134407488,REIT—Office,Real Estate,BXP
2022Q3,2022,Q3,2022-11-04,2022-09-30,360977000.0,790523000.0,273383000.0,2.29,496373000.0,0.6279045644,23726691000.0,6155618000.0,1847287000.0,963409000.0,15326635000.0,-107538000.0,-359536000.0,11751847380.0,25662044380.0,39.269288184033584,1.9174483526726447,0.6021054937664928,2.320802070563833,0.009605096461328098,39.269288184033584,0.05864187803726612,14.865914565420614,8.138917008562872,1.9091255142862988,0.4751964806622029,-2.7353121687217543,0.01459642849786567,0.033317878165143214,1.8415595038036805,0.01521396304271843,39.73386679920477,0.6279045644465753,1.2019230769230769,1.9630426575489928,0.18353420722647049,0.04054663321553019,0.012188109201543243,1.2132114456686347,-0.02485107900838238,2.224426160298693,0.048404369717693345,0.07020063273139364,REIT—Office,Real Estate,BXP
2022Q2,2022,Q2,2022-08-05,2022-06-30,163101000.0,773927000.0,280350000.0,1.04,490396000.0,0.6336463258,23266433000.0,5929749000.0,1911513000.0,775225000.0,15115833000.0,-55232000.0,-567016000.0,13944945600.0,27592702600.0,37.83658116385911,2.4657525234609308,0.6062058588869209,2.3785573385989864,0.008352276651249298,37.83658116385911,0.027505548717154805,18.018424993571745,21.374708922692076,2.351692390352442,1.0512688456845758,-5.133455243337196,0.012295709493481279,0.033263672175275,2.405951820439227,0.007010142035953685,35.11262926508691,0.6336463258162591,1.1666666666666667,0.17692181993433798,0.15902092363195405,0.0032946924467373326,0.03209322588588374,1.1537455928376184,0.08769874217252645,-0.03651036569881676,0.04019759988547743,0.023090132265515564,REIT—Office,Real Estate,BXP
2022Q1,2022,Q1,2022-05-02,2022-03-31,75729000.0,754307000.0,257746000.0,0.48,475147000.0,0.6299119589,22475634000.0,5843602000.0,1998560000.0,821306000.0,14422944000.0,0.0,-636421000.0,20176520000.0,33200604000.0,37.303555697414616,2.4333926697235864,0.5988865542124417,2.3034345939370957,0.005583766213579374,37.303555697414616,0.012959301471934605,26.74841941013407,66.60764040195963,3.452753969212825,2.251290786884813,0.0,0.008449821872156347,0.03356109998943745,2.220872610208619,0.003369382149575847,91.92455237140645,0.6299119589238864,-0.37662337662337664,-0.2540193784619042,0.17184383887205287,-0.0062345623158567435,0.019718473084541773,-0.3686829951481401,-0.1046568985042067,-0.25839655069540396,0.0252252027077347,-0.012384921517393526,REIT—Office,Real Estate,BXP
2021Q4,2021,Q4,2022-02-25,2021-12-31,119954000.0,731063000.0,287874000.0,0.77,465959000.0,0.6373718818,22365258000.0,5834020000.0,1943877000.0,730430000.0,14322462000.0,0.0,-625891000.0,18002288460.0,30895187460.0,37.326500188743225,2.6612776036033567,0.5967108002957087,2.287546323118536,0.007878952064317133,37.326500188743225,0.020561122519292013,24.624811350047807,37.51914996582023,3.0857433570676824,1.4203111192623838,0.0,0.009463907901406885,0.03268743870515601,2.5157783771203266,0.005363407835491994,51.974456243070954,0.6373718817666877,0.11594202898550736,-0.21235456072294684,0.13110067295123978,-0.007769513992744824,0.002443941027014584,0.10763917744720537,0.1475896049846323,-0.21561549310084716,0.0245992947418,-0.019965167652852486,REIT—Office,Real Estate,BXP
2021Q3,2021,Q3,2021-11-05,2021-09-30,108297000.0,730056000.0,250851000.0,0.69,464823000.0,0.6366949932607909,22848810000.0,5716818000.0,2542031000.0,588834000.0,14785286000.0,0.0,-657021000.0,16922428050.0,29745749050.0,36.60333070820768,4.317058797555847,0.6051102442534206,2.4184868225645806,0.012548469112880547,36.60333070820768,0.01894358015245544,23.17963012426444,39.064858791102246,2.9601131346143954,1.5721949823171464,0.0,0.010061440326230254,0.03195159835457514,4.016884215245723,0.004739721674783063,74.751319887094,0.6366949932607909,-0.028169014084507067,0.3437112241230742,0.14950381755064326,-0.017119048463950577,0.009490653769222918,-0.030491571399156692,0.053066621888249864,-0.12037318728019084,0.051909392755108745,-0.03804051642139405,REIT—Office,Real Estate,BXP
2021Q2,2021,Q2,2021-08-06,2021-06-30,111703000.0,713807000.0,238210000.0,0.71,460453000.0,0.6450665235841061,22059076000.0,5749342000.0,2012220000.0,583073000.0,13960103000.0,0.0,-612247000.0,17888301130.0,30337034130.0,36.829495153964906,3.4510601588480343,0.5896003984935725,2.2621788719474334,0.012390407106614458,36.829495153964906,0.019428832029821846,25.060417073522675,40.03540891918749,3.111364940544501,1.535777911067742,0.0,0.009590122547316487,0.03235888030849524,3.2333875861170043,0.0050638113763241946,43.79953902055028,0.6450665235841061,0.2033898305084746,0.1085583679794137,0.12682483126245345,-0.012838729816957224,0.02152634498058791,0.11041194480893872,0.03919276172859972,-0.15851307247994356,0.06258427002187203,-0.034926029860051964,REIT—Office,Real Estate,BXP
2021Q1,2021,Q1,2021-05-07,2021-03-31,100596000.0,713695000.0,229226000.0,0.59,450750000.0,0.6315723103006187,22213552000.0,5775641000.0,2371153000.0,508553000.0,14084526000.0,0.0,-570982000.0,15725163092.900002,28003802092.9,37.19143669321046,4.662548446277969,0.5841482712895263,2.246678420628983,0.011944208531397382,37.19143669321046,0.01741728753570383,22.033449993204382,39.0799909859736,2.722669759581664,1.7054952483200128,0.0,0.010910284299529015,0.032128810376656554,3.9135291700176777,0.004528586873454547,103.41215872960551,0.6315723103006187,10.799999999999997,-0.4602287834260456,0.06012162607843446,-0.006297863166114119,0.11376597448036609,8.75618271748618,0.11468474338899641,-0.44019692145784656,0.07314859623060617,-0.023341961650582867,REIT—Office,Real Estate,BXP
2020Q4,2020,Q4,2021-02-26,2020-12-31,10311000.0,665089000.0,205642000.0,0.05,404708000.0,0.608502020030402,22858190000.0,5996083000.0,3049363000.0,613634000.0,14511681000.0,0.0,-509653000.0,14716619460.0,26533840460.0,38.514940712478,4.9693514375018335,0.5899838526147521,2.249128806255684,0.010323263497031237,38.514940712478,0.0017196226269716413,22.12729342990186,356.81843322665117,2.4543722059884763,16.713412860052372,0.0,0.011710026237234784,0.029096310775262608,4.831766166803013,0.0004510855846416536,39.30542539468026,0.608502020030402,-0.9137931034482758,-0.9276183622919485,0.05120311573214312,0.036174669353105204,-0.05650814669411373,-0.8885044172190443,-0.12354397793964088,-0.9039841576274334,0.006441760990693268,0.02258122622157841,REIT—Office,Real Estate,BXP
2020Q3,2020,Q3,2020-11-06,2020-09-30,92479000.0,693268000.0,234629000.0,0.58,428947000.0,0.6187318612715429,22959215000.0,6129568000.0,3161617000.0,605855000.0,14458573000.0,0.0,-364720000.0,12498293500.0,24266296500.0,39.38172122458158,5.218438405228974,0.5872494333974397,2.199630708069476,0.011703957987884359,39.38172122458158,0.015087360153276707,18.02808365595989,33.7868421479471,2.0390170237119483,1.8634825203559726,0.0,0.013788522409079289,0.030195631688626986,4.9600762558698035,0.004027968726282671,54.780796490043876,0.6187318612715429,-0.6608187134502923,-0.5112652064420683,0.08613168216048946,0.0336506035186103,0.04486406563239138,-0.6564034924763144,0.20571126116404073,-0.23548685761263433,0.04532398890203791,0.04352585252951745,REIT—Office,Real Estate,BXP
2020Q2,2020,Q2,2020-08-07,2020-06-30,269150000.0,654773000.0,194598000.0,1.71,410529000.0,0.6269791210083494,23000777000.0,6182067000.0,3303972000.0,594643000.0,14447628000.0,0.0,-302511000.0,14043786680.0,25832443680.0,39.78522518116175,5.556227854359674,0.5860542885138185,2.1804525897244402,0.009684915504464861,39.78522518116175,0.04353721821520213,21.448328932317,13.044572431729518,2.271697585936872,0.6400705926063534,0.0,0.012266990657536817,0.02846742960031307,4.955235326069591,0.011701778596436112,37.04751481896722,0.6269791210083494,-0.46562500000000007,2.2383413432715544,0.04592854349690022,0.05569186049977549,-0.14389654913540703,-0.461830237082626,-0.2845240896523325,0.9588352510832374,-0.011003905189254103,0.05496596241589812,REIT—Office,Real Estate,BXP
2020Q1,2020,Q1,2020-05-11,2020-03-31,500121000.0,752556000.0,271984000.0,3.2,479532000.0,0.6372044073796501,21829698000.0,6047866000.0,2239010000.0,797245000.0,13402961000.0,0.0,-416740000.0,14296664530.0,26124795530.0,39.0157214649283,2.808434044741579,0.57210429571678,2.065003424348357,0.014341842096521002,39.0157214649283,0.08269379645646911,18.997475975209817,7.146602787125516,2.363918864935169,0.34384478956092623,0.0,0.012028260132924865,0.03447395378534325,2.3887700769525053,0.022910119965928982,81.60336381330731,0.6372044073796501,2.5164835164835164,1.8449790596330655,0.20281062227541372,0.033933096433479235,0.00298470001359534,2.486159808725838,-0.012443221222100788,3.978612165453464,0.18148525747576372,0.03937747470127312,REIT—Office,Real Estate,BXP
2019Q4,2019,Q4,2020-03-02,2019-12-31,143459000.0,757501000.0,275411000.0,0.91,478105000.0,0.6311608829559301,21284905000.0,5684687000.0,1981086000.0,638282000.0,13262304000.0,0.0,-760523000.0,21322392620.000004,32913470620.000004,36.75436259835647,3.1037785806273717,0.5748688096094392,2.152454128081282,0.015012916097776732,36.75436259835647,0.025236042019551826,28.14833593619019,37.157641939508856,3.7508472533316257,1.161774444266306,0.0,0.007816524297731461,0.035588648387202104,2.9649355613976267,0.00673994081721295,59.00383432077107,0.6311608829559301,0.3000000000000001,-0.1988519942991193,0.22202216169188577,-0.012141889723667268,0.024266353598498644,0.29949454690387334,0.020914189547353478,-0.04808798696921212,0.18435704387912175,-0.02297834301507223,REIT—Office,Real Estate,BXP
2019Q3,2019,Q3,2019-11-08,2019-09-30,110396000.0,743553000.0,269769000.0,0.7,466778000.0,0.6277669513807355,21288575000.0,5671954000.0,2120105000.0,669867000.0,13285727000.0,0.0,-749666000.0,20042453820.0,31550765820.0,36.69338905529283,3.1649640898865,0.5758733029336158,2.161428319059005,0.01469949750058031,36.69338905529283,0.019463486481025763,26.954976740057536,45.3876359197797,3.5336065525214058,1.5097104967571289,0.0,0.008315648447880521,0.03492732604225506,2.920343889160087,0.005185692325578391,78.8489378727556,0.6277669513807355,-0.33962264150943405,-0.16119813553330706,0.19027295489847285,-0.01860852122829866,0.005365215911709783,-0.33872040157419,0.07134091856793948,0.38398614611506604,0.18291914253692632,-0.014700781269020911,REIT—Office,Real Estate,BXP
2019Q2,2019,Q2,2019-08-07,2019-06-30,166943000.0,733741000.0,251805000.0,1.06,464287000.0,0.6327668755051169,21268275000.0,5715853000.0,2392237000.0,673137000.0,13247608000.0,0.0,-710592000.0,19953050500.0,31084536500.0,36.98264695415872,3.553863478014134,0.5744935590686128,2.137648921342099,0.013754885809948398,36.98264695415872,0.02920701424616763,27.193588064453262,29.88003465254608,3.490826391091583,0.99793941644753,0.0,0.008349550360733062,0.03449931882110797,3.339012712122495,0.007849390700468186,55.67723442252421,0.6327668755051169,0.6825396825396826,1.0891732196265298,0.23217433068868584,-0.005236200615265156,0.015963080316504445,0.6573314801945795,0.004664134441979604,0.673405759301405,0.16992416550895625,-0.008733717652709133,REIT—Office,Real Estate,BXP
2019Q1,2019,Q1,2019-05-08,2019-03-31,100730000.0,725767000.0,250636000.0,0.63,456992000.0,0.6296676481570531,20501604000.0,5836618000.0,1709888000.0,583408000.0,12331317000.0,0.0,-728083000.0,20931956500.0,31950199500.0,37.77135091409157,2.930861421166662,0.554997257775538,1.949473821997602,0.014250618385728959,37.77135091409157,0.017258282107891935,28.84115218796115,51.95065149409312,3.5863159966953466,1.6515635858234885,0.0,0.007947752041238954,0.035400498419538295,2.581742108438691,0.004913274102845807,101.0063816748217,0.6296676481570531,-0.34374999999999994,0.7617479893089559,0.2506574668299226,0.013693243047425446,0.03468168830404325,-0.333518595711176,0.059570060664989745,-0.45681680307040234,0.083424719510694,0.009196617599000156,REIT—Office,Real Estate,BXP
2018Q4,2018,Q4,2019-02-28,2018-12-31,151137000.0,705157000.0,236545000.0,0.96,441674000.0,0.6263484585702191,20256477000.0,5883171000.0,1841127000.0,531026000.0,12042509000.0,0.0,-675534000.0,17385260850.0,27849658850.0,38.086911767562,3.4671127214110045,0.5434191246582513,1.8710584818969227,0.01400426311686368,38.086911767562,0.025689717331010775,24.654454043567604,28.757453254332162,2.9550833810541968,1.1007496509789132,0.0,0.009569255326991542,0.034811433399796025,3.1342194167517223,0.0074611690868061605,45.79672420696595,0.6263484585702191,0.24675324675324667,0.633227152432004,0.22653722291845038,0.013664667055544207,0.03448405086297959,0.24144303984623347,-0.007631185917336511,0.06930378991332875,0.12329903593087636,0.024659326416897404,REIT—Office,Real Estate,BXP
2018Q3,2018,Q3,2018-11-07,2018-09-30,121743000.0,686284000.0,238364000.0,0.77,426951000.0,0.6221199969691847,20137498000.0,5876566000.0,1662003000.0,743389000.0,11931524000.0,0.0,-677312000.0,18681062400.0,29248262400.0,38.0508029008029,2.2357110476480013,0.5407673783505776,1.8530723555219153,0.01421687879497095,38.0508029008029,0.02071669066594334,27.220600217985556,38.361676646706584,3.178907954067052,1.1541526001494953,0.0,0.007521520831706018,0.034079904067526166,1.9199611508913907,0.006045587192609529,89.05030674846626,0.6221199969691847,-0.07228915662650595,-0.22651738873652422,0.17970946908677057,0.02043770745032924,0.02636646209099891,-0.07282987829954457,0.03356112113223255,-0.3515902847052535,0.0835790068085221,-0.0012819612812520922,REIT—Office,Real Estate,BXP
2018Q2,2018,Q2,2018-08-07,2018-06-30,131306000.0,664484000.0,230624000.0,0.83,415983000.0,0.626024102912937,19961163000.0,5892840000.0,1789344000.0,563174000.0,11747921000.0,0.0,-649747000.0,19366729300.0,29616052300.0,38.162354693520705,3.1772489497029337,0.5371369393657073,1.8194754990802398,0.013880705047175642,38.162354693520705,0.022282295124252484,29.145516370597335,36.87327559288989,3.286484835834674,1.0697607116201848,0.0,0.007252954168156829,0.03328884193771676,2.5726809121159713,0.006578073632282849,57.79939982331945,0.626024102912937,-0.27192982456140347,-0.716066465641644,0.2687745234548234,0.030838850654124075,0.014929342416020924,-0.26499333878172476,0.10795956800799415,0.5897733524187929,0.06811541249530743,0.012629362885480859,REIT—Office,Real Estate,BXP
2018Q1,2018,Q1,2018-05-08,2018-03-31,178646000.0,661151000.0,208152000.0,1.14,409864000.0,0.6199249490660984,19583939000.0,5879028000.0,1564693000.0,705396000.0,11399849000.0,0.0,-654879000.0,19023319700.0,29068061700.0,38.080305729183536,2.2181767404408306,0.527948590934643,1.758677284748431,0.012834358335417908,38.080305729183536,0.030386995945588285,28.773033240515403,26.621530428892893,3.235793348832494,0.7852848650403591,0.0,0.0073745278012648866,0.03375985801426363,1.7818062478380938,0.009122066811993236,84.2567464500527,0.6199249490660984,0.7014925373134326,2.65576201757511,0.3445185471032091,0.0985095025309275,-0.008114380579695414,0.6777738124307369,-0.09288522046839183,0.020362984959237183,0.0610027441114647,0.00914418437964032,REIT—Office,Real Estate,BXP
2017Q4,2017,Q4,2018-02-28,2017-12-31,106478000.0,655229000.0,229466000.0,0.67,413217000.0,0.6306451637519096,19372233000.0,5813957000.0,1537101000.0,599186000.0,11269777000.0,0.0,-712343000.0,20071690860.0,29908534860.0,37.66443166064187,2.5653152777267825,0.5302233872574215,1.766716024903521,0.01426533399380115,37.66443166064187,0.018314204938220217,30.633092949182654,47.126380238171265,3.4523287427134397,1.236668607599692,0.0,0.006560384021378854,0.03382310134304083,2.317357214621169,0.005496423669899077,63.77370933457883,0.6306451637519096,-0.1184210526315789,1.1620908510746675,0.3155424738621859,0.11584905575010039,0.0031389285402161566,-0.11240226071589336,-0.018239071745483018,-0.40419779419842733,0.05912262904158978,0.01231831147515328,REIT—Office,Real Estate,BXP
2017Q3,2017,Q3,2017-11-07,2017-09-30,119962000.0,657712000.0,233729000.0,0.76,411924000.0,0.6262984406548763,19308518000.0,5825218000.0,1636816000.0,554974000.0,11208823000.0,0.0,-692739000.0,18967142400.0,28708721400.0,37.739094943474456,2.949356186055563,0.5300579775205948,1.756952958670388,0.014553621042086814,37.739094943474456,0.02059356405202346,28.838066509353638,39.52739700905287,3.256039928462763,1.0976725963221687,0.0,0.006942479643111658,0.03406330822489846,2.5374522049681607,0.0062129056202034775,86.04454122322328,0.6262984406548763,-0.1264367816091954,1.0287679119463975,0.3645419935532547,0.11168148036020374,-0.014651392540108934,-0.1200874323352942,-0.020784280866395742,-0.08720359857019616,0.05437372190254349,0.009359646182359389,REIT—Office,Real Estate,BXP
2017Q2,2017,Q2,2017-08-08,2017-06-30,136334000.0,656907000.0,238690000.0,0.87,418049000.0,0.6363899303858842,19281762000.0,5814374000.0,1542474000.0,519163000.0,11208410000.0,0.0,-694320000.0,18966854540.0,28711058540.0,37.71233063297379,2.9710784474240266,0.5308974874806566,1.7605745691625616,0.014870712521384164,37.71233063297379,0.02344775207098821,28.87296761946516,34.78012553728344,3.2620630423842703,0.9657605586280752,0.0,0.006941899602926992,0.034068826282577284,2.698851805694936,0.007070619375967819,150.8322560995006,0.6363899303858842,0.38095238095238093,0.1162870483859934,0.35428913220151975,0.10412080630697608,0.053418168073579436,0.36733261122477634,0.15742514244150807,0.7103062474294961,0.10585128817732169,0.014390920980083153,REIT—Office,Real Estate,BXP
2017Q1,2017,Q1,2017-05-08,2017-03-31,99708000.0,632228000.0,206225000.0,0.63,396850000.0,0.6277007661792897,18966627000.0,5775533000.0,1390224000.0,815855000.0,11044189000.0,0.0,-712270000.0,20372602600.0,29956508600.0,37.53758611724945,1.7040086780126371,0.5212758705066536,1.7118497981052139,0.013166902241792401,37.53758611724945,0.0172638611882228,32.223505760580046,51.080662033136754,3.5273978349703827,1.319402655754804,0.0,0.006457446924331602,0.03333370767506526,1.4562330316048808,0.005257023296762255,82.63741775848781,0.6277007661792897,-0.32978723404255317,0.4873861715423704,0.3616479131654478,0.12195599437436816,-0.01824964685684034,-0.3347256046705588,0.03266366886661125,0.7514106237547041,0.09417783531876069,0.00741955176325142,REIT—Office,Real Estate,BXP
2016Q4,2016,Q4,2017-02-28,2016-12-31,149875000.0,636061000.0,199702000.0,0.94,404227000.0,0.6355160904378668,18851643000.0,5786295000.0,1441440000.0,672765000.0,10919719000.0,0.0,-693694000.0,19346724920.0,28785943920.0,37.61877982498342,2.142560923948184,0.5196434602543661,1.6929888642041238,0.01281584615696604,37.61877982498342,0.02590172122230201,30.416461502906166,32.27143439532944,3.3435427886065265,0.7630625521267723,0.0,0.005911284750928273,0.033740348255056604,1.855922944861876,0.007950235425103265,66.00972714772647,0.6355160904378668,0.8799999999999999,0.42660981080399135,0.35480256352338063,0.14683208985649296,0.0403474456311929,0.8889743137304328,0.26710447003584914,0.6264654255987733,0.11104979744891832,0.0012055626627294018,REIT—Office,Real Estate,BXP
2016Q3,2016,Q3,2016-11-07,2016-09-30,79342000.0,625228000.0,157605000.0,0.5,388550000.0,0.6214532938384077,18789899000.0,5725931000.0,1521823000.0,660645000.0,10930646000.0,0.0,-725522000.0,20955132660.0,30344731660.0,37.24085877440587,2.3035412362161223,0.5220316511546975,1.7130702413284407,0.010145252098619793,37.24085877440587,0.013856611265486783,33.515985624444205,66.02786878324217,3.6596900416718254,1.4413677497416248,0.0,0.005457421904958726,0.033274686574951785,1.9392411961038076,0.004222587891504898,131.26985892729618,0.6214532938384077,-0.20634920634920637,0.0753850949420922,0.3213320854879553,0.13451224589150507,-0.022835299147448633,-0.2000685580626298,-0.277452274852836,-0.4936590304334848,0.07955054372826788,-0.001283188417705204,REIT—Office,Real Estate,BXP
2016Q2,2016,Q2,2016-08-04,2016-06-30,99186000.0,623546000.0,218124000.0,0.63,397630000.0,0.6376915255650746,18963965000.0,5732897000.0,2251597000.0,622710000.0,11065746000.0,0.0,-702361000.0,20268017800.0,29022057800.0,37.30848876104697,3.6158035040387984,0.5238400302890245,1.7328209455010268,0.013922529171382796,37.30848876104697,0.017301200422753103,32.5044468250939,51.085883592442485,3.535388443225127,1.152723166575928,0.0,0.00564110418336025,0.032880571125289464,3.278767002296414,0.005230235343716359,86.18417151774666,0.6376915255650746,-0.4661016949152542,0.5636319487060947,0.3561715898566797,0.14377128393690083,-0.09460607178394231,-0.46201285493450495,-0.1287342272710932,-0.7844711073873195,0.19644137529090525,0.0077742839230419665,REIT—Office,Real Estate,BXP
2016Q1,2016,Q1,2016-05-06,2016-03-31,184365000.0,665985000.0,250353000.0,1.18,439179000.0,0.6594427802427982,19175830000.0,5749783000.0,2655449000.0,587384000.0,11246040000.0,0.0,-699048000.0,19522792080.0,28077480080.0,37.427147748428,4.520805810168476,0.529852736491719,1.767086862234627,0.015735427744894157,37.427147748428,0.03206468835432572,29.314161850492127,26.47301830607762,3.3953963271309546,1.782154964337049,0.0,0.01682991852054801,0.034730439308233337,4.166441373956389,0.009614446936586318,55.94243819130036,0.6594427802427982,0.311111111111111,3.1782462496521116,0.47411760045556084,0.1324878609077338,0.09874408946486203,0.3117395944503735,0.18943842645381984,2.791433794572533,0.36104023909712274,0.07966773551318002,REIT—Office,Real Estate,BXP
2015Q4,2015,Q4,2016-02-29,2015-12-31,140550000.0,624240000.0,210480000.0,0.9,399710000.0,0.6403146225810585,18379456000.0,5709435000.0,1835374000.0,792415000.0,10492529000.0,0.0,-780952000.0,19590399080.0,28083194080.0,37.17031679275009,2.3161777603907043,0.501457333666459,1.6142600800254316,0.014101616862124938,37.17031679275009,0.024617146880558233,31.382800012815583,34.84596065457133,3.4312325265109425,0.8123799359658485,0.0,0.005828365187137372,0.03396400851037158,1.9894449246922383,0.007647125137980145,102.8189294242992,0.6403146225810585,-0.24999999999999994,11.226583499055947,0.49279792402051287,0.20790015664800998,-0.005604993494426104,-0.2473049178220844,-0.07582875960482986,1.8680613056764412,0.2595252660850027,0.10121037452063494,REIT—Office,Real Estate,BXP
2015Q3,2015,Q3,2015-11-06,2015-09-30,186729000.0,629884000.0,227750000.0,1.2,401963000.0,0.6381540093096507,18980263000.0,5851915000.0,2424453000.0,559028000.0,10917504000.0,0.0,-627054000.0,18185648000.0,26708437000.0,38.09964517074123,4.336907990297445,0.5221105734941608,1.69342787788271,0.014449573399740675,38.09964517074123,0.03190904174103691,28.87142394472633,24.34764819604882,3.1076404903352155,0.6114690273069529,0.0,0.0062785224920222805,0.03318626301437446,3.9185836845381625,0.00983806178028197,109.68292300454759,0.6381540093096507,1.3076923076923075,1.942860436411766,0.4745889718264193,0.19198253116425285,0.01695331198040793,1.2750188844757426,0.11137678967041761,2.1735406440895146,0.3132739824770717,0.12230221758224052,REIT—Office,Real Estate,BXP
2015Q2,2015,Q2,2015-08-07,2015-06-30,82078000.0,618221000.0,204926000.0,0.52,395262000.0,0.6393538880109216,19113959000.0,5782978000.0,2499282000.0,523340000.0,11125512000.0,0.0,-711239000.0,18573588000.0,27278296000.0,37.68639947865754,4.7756372530286235,0.525660801093065,1.7374195440480666,0.012945062729474871,37.68639947865754,0.014193033416347079,30.04360576557574,56.57297936109555,3.211768746137371,1.3908233631423768,0.0,0.006146146883413156,0.03234395344261228,4.067587037107807,0.004294139168133614,76.86788892107768,0.6393538880109216,-0.5315315315315315,0.21164207975248375,0.4154530055536712,0.1798836989691594,0.014663072776280324,-0.5276657209776084,-0.006221842887555829,-0.3247708660331975,0.28057186250401484,0.10336160827992305,REIT—Office,Real Estate,BXP
2015Q1,2015,Q1,2015-05-11,2015-03-31,173771000.0,618476000.0,206209000.0,1.11,389550000.0,0.6298546750399369,19179071000.0,5782172000.0,2580241000.0,523512000.0,11180123000.0,0.0,-690993000.0,21525750400.0,30528050400.0,37.735247666905956,4.928714145998564,0.5248792290304364,1.7409886803782384,0.013010960782814269,37.735247666905956,0.03005289361852259,34.804503974285176,30.968559771193117,3.7227793292901006,5.085336448544348,0.0,0.04105241320646365,0.03224744305915547,3.48805375999022,0.00906044927827839,106.8561818055459,0.6298546750399369,-0.026315789473684043,1.9888676758548658,0.4765391882147996,0.1814984425263416,-0.014024617113525744,-0.019821191866204135,-0.01264071171037448,1.6028728975330953,0.33750642493847866,0.1278638745401772,REIT—Office,Real Estate,BXP
2014Q4,2014,Q4,2015-03-02,2014-12-31,177285000.0,613707000.0,208849000.0,1.14,395091000.0,0.6437778940113116,19886767000.0,5697298000.0,3153426000.0,1289267000.0,11983831000.0,0.0,-762464000.0,19706042320.0,28029947320.0,37.20611514549919,2.4459060846201757,0.5072209072495293,1.7704855880805253,0.013231453923593104,37.20611514549919,0.031117382310000285,32.10985424640749,27.788648673040587,3.458840018549144,0.6427503736920778,0.0,0.005782490372729495,0.030860068909139428,1.9403839546036623,0.008914722036015205,87.24274522304273,0.6437778940113116,0.3734939759036144,2.011576954865078,0.4733805955452258,0.16263618038843608,-0.002393703650398067,0.35984996663368385,-0.027718421064882707,0.6950763244100603,0.31304489351722165,0.13425174836257348,REIT—Office,Real Estate,BXP
2014Q3,2014,Q3,2014-11-07,2014-09-30,130371000.0,618803000.0,214803000.0,0.83,396039000.0,0.6400082093978213,18875160000.0,5725026000.0,1951994000.0,548262000.0,11827567000.0,0.0,-148566000.0,17725171200.0,27534257200.0,37.38914576802508,3.5603306448376872,0.5645382608677224,1.861257922671443,0.013113115031913017,37.38914576802508,0.022772123654984273,28.64428776201796,33.98986584439791,3.0960857120998226,0.8721418106787553,0.0,0.006414719424543555,0.03278398699666652,2.8813942968872546,0.006907014298156943,110.31074157974659,0.6400082093978213,0.6599999999999999,0.8115537289263627,0.49942678975768284,0.17604216199395342,0.042666119057585834,0.6472424031840293,0.06722213113532366,0.7743380602578388,0.3131685561193507,0.13902968763973478,REIT—Office,Real Estate,BXP
2014Q2,2014,Q2,2014-08-08,2014-06-30,79145000.0,589794000.0,201273000.0,0.5,379833000.0,0.6440096033530351,18898533000.0,5691029000.0,1953794000.0,484524000.0,11884633000.0,0.0,-176929000.0,18090758040.0,27792791040.0,37.177314832960974,4.032398807902188,0.5682244754129857,1.8869362640745637,0.01225060466943946,37.177314832960974,0.013906975346637665,30.673011322597382,57.14434910607113,3.1788202168711495,1.46922736749005,0.0,0.006427701909609974,0.031208454116517934,3.635549529022298,0.0041878911976924345,97.90218871763788,0.6440096033530351,0.42857142857142866,-0.03553065414663535,0.2391615681935458,0.04793699655911676,0.050687534750172195,0.3977535630397542,0.13779770148730616,0.25245273288550574,0.28765701089004125,0.13974986744086157,REIT—Office,Real Estate,BXP
2014Q1,2014,Q1,2014-05-09,2014-03-31,56623000.0,574694000.0,176897000.0,0.35,361509000.0,0.6290460662543893,18979568000.0,5702070000.0,2111843000.0,511478000.0,11977024000.0,0.0,-153979000.0,17526525900.0,27104087900.0,37.26112526955499,4.128902904914776,0.5667744913898989,1.8865315578377677,0.01074760293707989,37.26112526955499,0.009930253399204149,30.49714439336412,77.38253845610441,3.0737128621711065,8.765519311940377,0.0,0.028318789635315006,0.030279614372676976,3.67389213221292,0.0029833661124426016,141.10512040190324,0.6290460662543893,-0.39655172413793105,0.006014294324147132,0.20613452626518902,0.2388063850322112,-0.010846218462102536,-0.3814330503938212,-0.08392412339528646,0.2882393902066357,0.2770046876604407,0.12746427633684188,REIT—Office,Real Estate,BXP
2013Q4,2013,Q4,2014-02-28,2013-12-31,91539000.0,568705000.0,193103000.0,0.58,365473000.0,0.6426407364099137,20162251000.0,5741153000.0,3317882000.0,867235000.0,13118633000.0,0.0,-108552000.0,15336335260.0,24492706260.0,37.57348263720729,3.8258165318512285,0.5714395679331639,2.0068282451277644,0.011186166489627527,37.57348263720729,0.01594435821515295,26.967118734669118,41.88470285889075,2.67129882446958,1.2418531991828619,0.0,0.007412331438560374,0.028206423975180153,3.5471400485450886,0.004540118065190241,67.41098112129404,0.6426407364099137,-0.42000000000000004,1.7962235441898082,0.15049357480025063,0.29019137059225697,-0.004573037869874058,-0.4106577219232057,0.030696229557197148,7.695531896541197,0.3671484546566804,0.22100158081370236,REIT—Office,Real Estate,BXP
2013Q3,2013,Q3,2013-11-08,2013-09-30,155324000.0,574082000.0,187352000.0,1.0,367152000.0,0.6395462669096053,19519708000.0,5683060000.0,2629896000.0,509558000.0,12777846000.0,0.0,246206000.0,16292308300.0,26185402300.0,37.28870721161101,5.1611318044265815,0.5909088906452904,2.0296053534539493,0.010881531731595931,37.28870721161101,0.027331050525597124,28.379758118178238,26.223101870927866,2.8668196886888406,0.7338788596739718,0.0,0.006996491712595445,0.029410378474923907,4.587719160527359,0.007957291164396517,75.57325160147136,0.6395462669096053,-0.6598639455782312,1.5177406806850366,0.2641983484380283,0.22593615429616484,0.11886100174311591,-0.6586548287494368,0.09681234083657758,1.466997020927123,0.3544297942945023,0.1666115893402713,REIT—Office,Real Estate,BXP
2013Q2,2013,Q2,2013-08-09,2013-06-30,455035000.0,515320000.0,170815000.0,2.94,328148000.0,0.6367849103469688,19462784000.0,5624848000.0,2534994000.0,467099000.0,12778412000.0,0.0,192492000.0,15917024880.0,25853838880.0,37.02067948768577,5.427102177482718,0.5932113822976199,2.0525967990601703,0.009948228907748356,37.02067948768577,0.08089729713585149,30.887652099666226,8.74494537782808,2.8297697786677967,0.24725790323821245,0.0,0.007068594844088728,0.02647719873991306,4.9249174157940825,0.023379748755368194,163.40404767526616,0.6367849103469688,8.483870967741936,3.509329537479908,0.10213788780609086,0.1988483037408721,0.08174715674962914,8.479895833333334,0.3095794840341933,5.784109863643855,0.19159641287399673,0.15904137451547107,REIT—Office,Real Estate,BXP
2013Q1,2013,Q1,2013-05-10,2013-03-31,48000000.0,483014000.0,130435000.0,0.31,303350000.0,0.6280356262965463,15623279000.0,5256874000.0,2113052000.0,420736000.0,9818029000.0,0.0,-160697000.0,15240423000.0,23202565000.0,34.665431333500386,5.022275250988743,0.5678396961354911,1.6876033171044236,0.009232119267358946,34.665431333500386,0.009130901748834002,31.55275623480893,79.37720312500001,2.8991417713264576,2.31125,0.0,0.00727932551478394,0.03091630124508434,4.720028711591117,0.00307233839964069,64.18939135488925,0.6280356262965463,-0.27906976744186046,-0.5722823691120742,0.027472277396989195,0.13080590548597287,-0.016996386850078583,-0.0036739523008904665,-0.23779721730390524,-0.1657744873102124,0.16518446983071572,0.08538185548876687,REIT—Office,Real Estate,BXP
2012Q4,2012,Q4,2013-02-28,2012-12-31,48177000.0,487239000.0,171129000.0,0.43,308595000.0,0.6333544728562369,15462321000.0,5097065000.0,2242830000.0,382051000.0,9827467000.0,0.0,-109985000.0,15977944860.0,23848335860.0,33.75405613021999,5.870498964797894,0.5763927032688042,1.7485295949727933,0.012215268653965607,33.75405613021999,0.009451910069814688,32.79282828345022,82.91272214957345,3.1347343736052022,1.9491666147746851,0.0,0.005877163854475838,0.03151137529740845,5.488898079052273,0.003115767678086621,13.856248393491756,0.6333544728562369,0.13157894736842102,-0.6929849002277443,0.03693488898938059,0.09975941986384662,0.04580468281375496,-0.1660406100157524,0.051018904079301326,-0.17010693988278172,0.18619562723156693,0.05476443155616968,REIT—Office,Real Estate,BXP
2012Q3,2012,Q3,2012-11-08,2012-09-30,57769000.0,470904000.0,162822000.0,0.38,295079000.0,0.6266224113619762,15141943000.0,5119356000.0,2276180000.0,385554000.0,9456292000.0,0.0,-59621000.0,16503661440.0,23931304440.0,33.947758967115604,5.903660706412072,0.5713175647273273,1.6898332524637865,,33.947758967115604,0.011284427181856467,35.046764181234394,71.4209240249961,3.2237768656838868,1.6224099430490402,0.0,0.005679042819724736,0.031099311363145404,5.820007054783506,0.0038151642758132162,-360.5230015073072,0.6266224113619762,-0.5189873417721519,-0.8118972171379106,0.00033303686254298727,-0.07078370694595018,-0.03071005295176528,-0.5148316116570085,-0.06268457380361635,-0.18493401092178957,0.15859842533713114,0.06779641605716914,REIT—Office,Real Estate,BXP
2012Q2,2012,Q2,2012-08-08,2012-06-30,119070000.0,472897000.0,173711000.0,0.79,304428000.0,0.6437511762603696,15280629000.0,5134054000.0,2698849000.0,318796000.0,9574894000.0,0.0,-34463000.0,16289311440.0,23513521440.0,34.155982223641494,8.46575553018231,0.5821885342547091,1.7327840727814705,0.012381166679650507,34.155982223641494,0.02319219860172877,34.445791451415424,34.201124212648025,3.17279706056851,0.7806920298983792,0.0,0.0057066254974863445,0.030947482593812074,8.367319539768378,0.007792218500953069,181.0486755879607,0.6437511762603696,0.8372093023255816,-0.0792305116434187,-0.002304461498895563,-0.02404658339387374,0.07171447984031375,0.8422762718158188,0.20081431761151936,0.47770051623573645,0.011843323455656503,-0.0372269329619386,REIT—Office,Real Estate,BXP
2012Q1,2012,Q1,2012-05-08,2012-03-31,64632000.0,447662000.0,144661000.0,0.43,284057000.0,0.6345345372178116,14212857000.0,4963152000.0,1618817000.0,356053000.0,8693042000.0,0.0,-70609000.0,15574531570.0,22943961570.0,33.457271323891256,4.546561888258209,0.5601003373213422,1.6039456377721255,0.011193398710500908,33.457271323891256,0.013022369655412529,34.790827834392914,60.243113202438415,3.1380323572600632,1.4282708255972274,0.0,0.005927112451832155,0.0314969748868929,4.460347195501793,0.004547431948411217,-28.094211011458093,0.6345345372178116,-0.3704353533359652,-0.9397302300879402,-0.019429545509545648,-0.04440464209075887,-0.022397742329599228,-0.3621002763521516,-0.106893039049236,0.18459089941741566,-0.030787876739682998,0.1123411073056569,REIT—Office,Real Estate,BXP
2011Q4,2011,Q4,2012-02-28,2011-12-31,101320000.0,452787000.0,161975000.0,0.683011668902476,290565000.0,0.6417255795771521,14782966000.0,4865998000.0,2845897000.0,316145000.0,9369450000.0,0.0,-53080000.0,14774962800.0,21655892800.0,32.80234321808242,9.001872558477913,0.5887951037701095,1.7887672785726587,,32.80234321808242,0.02082203897330003,32.63115504641255,36.45618535333596,3.036368448980044,0.8142123963679432,0.0,0.0055834996755457144,0.030628968503343644,8.874298185958974,0.0068538343387923644,-2293.5366035392735,0.6417255795771521,0.42294097688015836,0.11115153762131973,-0.04743304350628317,0.2026716446452486,-0.0028517893176296175,0.4363074480451362,-0.015409397605008814,1.9077675310129847,-0.056500417356908236,0.1263608583694753,REIT—Office,Real Estate,BXP
2011Q3,2011,Q3,2011-11-08,2011-09-30,70542000.0,452413000.0,164510000.0,0.48,291396000.0,0.6440928974189513,13980798000.0,4825536000.0,1517806000.0,346067000.0,8596637000.0,0.0,-72941000.0,13098234600.0,19985573600.0,32.82543569650218,4.385873255756834,0.5686630333976644,1.647560602594199,,32.82543569650218,0.014618479688059523,28.951941257214095,46.4199859658076,2.7143584878446663,1.2087975957585553,0.0,0.006510113966045471,0.03235959778547691,4.279653939844018,0.00504563473415466,191.43868167202572,0.6440928974189513,0.17073170731707318,-0.486940176972553,-0.04622354636205344,-0.0071854050319963905,0.021384882314796964,0.1715215730560999,0.06732497258860853,0.18546859480488453,0.032871319349409955,0.0791977359927179,REIT—Office,Real Estate,BXP
2011Q2,2011,Q2,2011-08-08,2011-06-30,60214000.0,436451000.0,154133000.0,0.41,285295000.0,0.6536701714510907,13884212000.0,4757914000.0,1985605000.0,318672000.0,8547669000.0,0.0,-69537000.0,15484922240.0,22645981240.0,32.618836724620195,6.230873751066928,0.5719909059296991,1.6691438727139667,0.012136880050225373,32.618836724620195,0.012655546106970408,35.47917690645685,64.29120403892783,3.2545611879491725,1.384860663633042,0.0,0.0053851093797936955,0.03143505731546018,5.28181327509163,0.004336868379710711,191.3608779041028,0.6536701714510907,0.41379310344827586,-0.9247955254781964,-0.07900305264467813,0.0417173300901638,0.04824279389341025,0.4753632421042315,0.11672776803697961,-0.3784401742091963,-0.027672176508072185,0.05630252114413348,REIT—Office,Real Estate,BXP
2011Q1,2011,Q1,2011-05-09,2011-03-31,40813000.0,417875000.0,138022000.0,0.29,272165000.0,0.6513072090936285,13835473000.0,4696042000.0,1925934000.0,342706000.0,8546014000.0,0.0,-56479000.0,13477710750.0,20667669750.0,33.0486083254161,5.619784888505016,0.5736893852490623,1.6902029411150923,0.010925247912145879,33.0486083254161,0.00869093589878455,32.25297218067604,82.55770679685394,2.8700149508884287,1.9954916325680543,0.0,0.006042717603210175,0.030203159660678026,4.7277900007586675,0.002949881077430457,773.1148253312683,0.6513072090936285,4.24111609249646,-0.5229311843408443,-0.07086674180222154,0.2652947041382998,0.07212778948612397,4.21008337266006,-0.6842360531222476,-0.6118794864189717,-0.05134358774232619,0.07806422781642541,REIT—Office,Real Estate,BXP
2010Q4,2010,Q4,2011-02-25,2010-12-31,-12714000.0,386841000.0,437105000.0,-0.08947535099757205,253855000.0,0.6562256844543365,13348263000.0,4372643000.0,1638212000.0,329417000.0,8384070000.0,0.0,-24763000.0,12234379500.0,19541432500.0,30.7726732115838,4.973064535224351,0.5832969428306889,1.7806166659386553,,30.7726732115838,-0.0029076236043052224,31.626377503935725,-240.56904789995278,2.7979369685565456,-6.669655497876357,0.0,0.006931123887402709,0.02898062467004134,4.037985289162369,-0.0009524834804348701,-32.733074790909725,0.6562256844543365,-1.2182325634087123,-1.0654150162477718,-0.14725269486519765,0.1867645080021642,-0.0005275819031532862,-1.2204688908926962,6.7330868303729385,-1.0861028639717736,-0.12510215150243895,0.002621347439542936,REIT—Office,Real Estate,BXP
2010Q3,2010,Q3,2010-11-05,2010-09-30,57668000.0,388224000.0,56524000.0,0.41,253989000.0,0.6542331231454006,13048836000.0,4461911000.0,2383419000.0,365291000.0,7970743000.0,0.0,58051000.0,11603136400.0,17777948400.0,31.963257996346574,6.52471317388055,0.57054023822508,1.6685420215687852,,31.963257996346574,0.01292450701056117,29.88773594625783,50.30145141152806,2.600485845638786,1.3908580148435874,0.0,0.006912613730887451,0.029751619224887185,5.701339480030989,0.004419398021402062,-167.01167902123066,0.6542331231454006,-0.06818181818181825,-0.1976558020676372,-0.14077021393290634,0.2603058569750173,-0.04724947015023351,-0.06096528365791702,-0.11754328446755032,-0.7971525189257532,-0.10909997550253053,-0.1251033643173375,REIT—Office,Real Estate,BXP
2010Q2,2010,Q2,2010-08-06,2010-06-30,61412000.0,395958000.0,64053000.0,0.44,266585000.0,0.6732658514286869,12787701000.0,4443377000.0,2505512000.0,433809000.0,7718761000.0,0.0,70426000.0,9924321420.0,15450173420.0,31.940774765837844,5.775610925545574,0.5653322673090339,1.6269832607046397,,31.940774765837844,0.01382101946334961,25.064076038367705,40.40057895850974,2.233508752464623,1.3286328404872012,0.0,0.00822162005309175,0.030963970771603122,4.792606884596677,0.004802426956964352,553.6889879491185,0.6732658514286869,0.15789473684210525,-0.7045306750999879,-0.12572210748653137,0.1555369958820894,0.0683570581257414,0.16500360435557918,0.21239021804966687,-0.48686960068844887,-0.09737672042983239,-0.08734264886138737,REIT—Office,Real Estate,BXP
2010Q1,2010,Q1,2010-05-06,2010-03-31,52714000.0,379781000.0,52832000.0,0.38,249528000.0,0.6570312890850253,12251342000.0,4437243000.0,1997859000.0,455310000.0,7185861000.0,0.0,78645000.0,10480954640.0,15935461640.0,31.93846585715211,4.387909336496014,0.5448300276002417,1.5042897132295887,,31.93846585715211,0.011879899297829757,27.59736437578499,49.70669385741928,2.362042069816776,1.5451492962021474,0.0,0.0077713340814534815,0.030999134625414915,3.5142408468955217,0.004302712306945639,-176.7058594237351,0.6570312890850253,-0.011537539786556809,-0.3173347374533473,-0.15436309569244172,0.20049031251262825,0.01431260086095111,-0.013031267552892717,-0.39247027437271453,-0.9475137183516205,-0.11176127700917245,-0.0877842542394254,REIT—Office,Real Estate,BXP
2009Q4,2009,Q4,2010-02-25,2009-12-31,53410000.0,377912000.0,86962000.0,0.3844354391748422,246007000.0,0.650963716420754,12348703000.0,4446002000.0,1843986000.0,376683000.0,7279644000.0,0.0,95433000.0,9318102170.0,14588940170.0,32.00151154170056,4.895325777908745,0.5441681608181848,1.511418798282142,,32.00151154170056,0.012013040030121444,24.656804150172526,43.61590605691818,2.0958385016470973,1.4490919303501217,0.0,0.008305983191424914,0.030603375917292692,4.837274312883777,0.004325150584640346,183.35862905606172,0.650963716420754,-0.18205225707480382,-0.32058017649031484,-0.17343670745912895,0.20097509573003103,0.012937228501430836,-0.18823618816019455,0.2863249759633163,-0.3745845806094914,-0.15109294791922365,0.1733097925691673,REIT—Office,Real Estate,BXP
2009Q3,2009,Q3,2009-11-05,2009-09-30,65795000.0,377303000.0,67605000.0,0.47,242865000.0,0.6436869041592567,11631777000.0,4450591000.0,1508777000.0,490369000.0,6555011000.0,0.0,111463000.0,9176302679.1,14403186679.1,31.792351478821654,3.076819701082246,0.5166012037541642,1.3501555186715652,,31.792351478821654,0.014783429886053336,24.320778470089028,34.86702135078653,2.0618166618995093,1.2347442814803558,0.0,0.008853238917786867,0.03243726216553154,2.3133334284997624,0.005656487396551705,2798.506459011894,0.6436869041592567,-0.11320754716981142,-0.25710761443125724,-0.1882537495266259,0.1906746802683996,-0.06374686296506181,-0.02020788658565642,-0.10965218421988385,-0.4974802255927157,-0.16470129983019424,-0.038431329644464614,REIT—Office,Real Estate,BXP
2009Q2,2009,Q2,2009-08-06,2009-06-30,67152000.0,389490000.0,75931000.0,0.53,259401000.0,0.6660016945236078,11580664000.0,4444056000.0,1541325000.0,497407000.0,6510755000.0,0.0,115027000.0,5975235900.0,11113686900.0,35.47666983323621,3.098719961721488,0.5144520210585507,1.3405987683323521,,35.47666983323621,0.015110520659505642,15.341179234383425,22.24518964438885,1.3445455907846346,1.478585894686681,0.0,0.016616917166400073,0.033632786513795754,2.3701174289867253,0.005798631235652809,58.77319752916413,0.6660016945236078,0.4324324324324325,-0.3402582332307342,-0.03409870300651664,0.33182117747661255,0.04508261116550032,0.5057177451903673,0.6457367029346742,-0.9023400276587208,-0.042959201842212705,0.13298527753059816,REIT—Office,Real Estate,BXP
2009Q1,2009,Q1,2009-05-11,2009-03-31,44598000.0,377544000.0,46138000.0,0.37,248211000.0,0.6574359544847753,10871936000.0,3647168000.0,842970000.0,481807000.0,6650259000.0,0.0,117082000.0,4247597680.0,10216608680.0,30.07824767434189,1.7496009813057927,0.5622549654449769,1.6760401495077826,,30.07824767434189,0.01222811781634408,11.250603055537898,23.810471770034532,1.164629016266868,2.2288443427956413,0.0,0.02340193386676866,0.03472647373935976,1.0218054117104982,0.0041021212781237855,226.3212745098039,0.6574359544847753,1.4917543898108163,-0.4381756004090328,-0.05850911134513208,0.10452753311454079,-0.04515133795989967,1.4888309182980028,-0.5486313565125516,-0.3890953203759054,-0.016272645926306936,0.1515718640060393,REIT—Office,Real Estate,BXP
2008Q4,2008,Q4,2009-03-02,2008-12-31,-91234000.0,392273000.0,102218000.0,-0.7524081282575708,259948000.0,0.6626711499389456,10911645000.0,3531267000.0,613813000.0,436085000.0,7380378000.0,0.0,192843000.0,6669080000.0,12699486000.0,29.122410437421653,1.4075535732712658,0.5747910603763228,1.7761092548368618,,29.122410437421653,-0.02583605261227769,17.001119118573033,-18.274656378104655,1.8885799346240315,-0.9082250038362891,0.0,0.012424652275876132,0.035949941553267174,1.35717348682023,-0.00836115911028997,76.1832305231894,0.6626711499389456,-2.8810203206439264,-2.2598200325268665,-0.026897497424331798,0.22415018856280616,0.16560769454969396,-2.8808807157877374,0.882121156324802,-1.5500821107285745,0.013332178434900142,0.12312124646986428,REIT—Office,Real Estate,BXP
2008Q3,2008,Q3,2008-11-10,2008-09-30,48506000.0,357048000.0,54310000.0,0.4,223015000.0,0.6246078958571396,10873334000.0,3644872000.0,750033000.0,477828000.0,6589291000.0,0.0,366482000.0,11223465120.0,17279331120.0,30.416516456372253,1.5696715135990356,0.5620597141594289,1.6767291142185514,,30.416516456372253,0.013308011913724268,31.434051220004033,57.84575681359007,3.0792480833346136,2.2434338020038758,0.0,0.009695757846307631,0.032837030482095006,0.8356793657968976,0.00446100524457356,-92.48990605531199,0.6246078958571396,-0.3939393939393939,-0.30823752399107973,-0.12403917184247285,0.24348498975533953,-0.08212192552105627,-0.39012246334900796,-0.37434479580669316,-0.21382660206342483,-0.0794431713722403,0.1993180996481826,REIT—Office,Real Estate,BXP
2008Q2,2008,Q2,2008-08-11,2008-06-30,79534000.0,368520000.0,86805000.0,0.66,242968000.0,0.6593075002713557,10387925000.0,3697997000.0,830391000.0,522726000.0,6026615000.0,0.0,399502000.0,10804115660.0,16195894660.0,30.8802034187035,1.5885779547984986,0.5298352654644696,1.4883432842157525,,30.8802034187035,0.02150731869171338,29.317582926299792,33.96068241255312,2.9216128785393822,1.3540875600372169,0.0,0.009968053229818905,0.0354758048407165,0.8505373752214354,0.0076563895099358145,1452.7518703778405,0.6593075002713557,-0.09589041095890405,0.013838635652045704,-0.0813676417626932,0.2771601574851061,-0.01604104823653763,-0.10091452730581839,-0.41695436654531776,-0.5554779607926813,-0.0547585632430614,0.11716818869532687,REIT—Office,Real Estate,BXP
2008Q1,2008,Q1,2008-05-12,2008-03-31,88461000.0,370559000.0,148882000.0,0.73,246929000.0,0.6663689183099047,10349487000.0,3664437000.0,1323278000.0,502706000.0,6030538000.0,0.0,401410000.0,11005679520.0,14386043520.0,30.65550963726409,2.6323099386122304,0.4089716717360001,1.1550606546107902,,30.65550963726409,0.024140406834665187,29.70020838786806,31.103196662936206,3.0033752852075226,10.585342693390308,0.0,0.08508243387410577,0.03580457659398963,2.1149717727657915,0.008547380174495606,973.5231773551526,0.6663689183099047,-0.2975150139271282,-0.6171422529620951,-0.07166473431691134,0.27109956202974544,-0.005917898220202175,-0.2878568323431387,0.5804715448880585,0.3314783808683213,-0.0410223130193651,0.15226706596590997,REIT—Office,Real Estate,BXP
2007Q4,2007,Q4,2008-02-29,2007-12-31,124218000.0,371959000.0,94201000.0,1.0391681167179763,248399000.0,0.6678128503410322,11192637000.0,3668825000.0,0.0,0.0,6869920000.0,0.0,394324000.0,10974600160.0,13665719160.0,30.692218243876322,0.0,0.3750715760727342,1.1442464549276676,,30.692218243876322,0.033857706486409136,29.50486521363914,22.08737896279122,2.9913119759050923,0.7755639279331498,0.0,0.008778360814559278,0.033232472383407055,0.0,0.011098188925451617,-45.30503125025801,0.6678128503410322,-0.4778049664733788,-0.6163265790514018,-0.17808313733756295,0.36056294442047426,-0.010725152533732655,-0.4874860750092833,0.08698060302551262,0.8365409286221256,-0.05445773533795256,0.1518390215904033,REIT—Office,Real Estate,BXP
2007Q3,2007,Q3,2007-11-09,2007-09-30,242370000.0,371507000.0,86663000.0,1.99,251092000.0,0.6758742096380418,10985621000.0,4347882000.0,2254314000.0,474851000.0,5884119000.0,0.0,1065993000.0,12805476000.0,15027472000.0,36.533753466095284,4.747413399150471,0.374689241509424,0.9467124452779537,,36.533753466095284,0.05574438312723298,34.46900327584675,13.20860254982052,2.945221604450167,0.397169616701737,0.0,0.007517252775297069,0.03381756934815064,4.295842274734601,0.022062476031168378,259.99910663526356,0.6758742096380418,1.369047619047619,1.696874270287746,-0.03829334612202551,0.2559927328846168,-0.01566132339162717,1.368189634956617,-0.04167772469922151,2.219018388825196,-0.059825185298758354,0.368247808163066,REIT—Office,Real Estate,BXP
2007Q2,2007,Q2,2007-08-09,2007-06-30,102344000.0,375128000.0,90432000.0,0.84,255087000.0,0.6799998933697298,10994602000.0,4163344000.0,0.0,0.0,6100215000.0,0.0,904417000.0,12149486930.0,14591748930.0,34.997553820159546,0.0,0.39360951856192705,1.039448097490863,,34.997553820159546,0.024582162799903155,32.38757685376725,29.678063516180725,2.9182039557624835,1.0295571797076526,0.0,0.008672711910148127,0.03411928872004644,0.0,0.009308567968172017,172.54117631186537,0.6799998933697298,-0.8798283261802575,0.3930988182322099,-0.006663842248500911,0.2239578003354652,0.04498455588965449,-0.8802023160292495,0.10052085868665725,0.058789155880105096,-0.02040177512637698,0.3138347978168774,REIT—Office,Real Estate,BXP
2007Q1,2007,Q1,2007-05-10,2007-03-31,854307000.0,363695000.0,82172000.0,6.99,244106000.0,0.6711832716974387,11085740000.0,4137609000.0,0.0,0.0,6221194000.0,0.0,881733000.0,13873979800.0,16302797800.0,35.011965103192665,0.0,0.40097945649095146,1.0743291596668512,,35.011965103192665,0.20647359380743807,38.14729319897167,4.0600099847010505,3.3531394097412304,0.9896910595371453,0.0,0.06094141783311519,0.03280746256000953,0.0,0.0770635970174296,-36.44860644432477,0.6711832716974387,10.371620137110762,10.530866450601193,0.020149076448102394,0.22219172847484786,-0.038600747517791946,10.760510448500867,-0.14246057835801426,10.042552042212844,-0.06941476867401344,0.2857025403747334,REIT—Office,Real Estate,BXP
