Quarters,Year,Quarter,FillingDate,Date,NetIncome,Revenue,OperatingIncome,EPSDiluted,GrossProfit,GrossProfitRatio,TotalAssets,CommonStockEquity,CurrentAssets,CurrentLiability,TotalLiability,Inventory,RetainedEarnings,MarketCap,EnterpriseValue,bookValuePerShare,currentRatio,debtToAssets,debtToEquity,roic,shareholdersEquityPerShare,roe,priceToSalesRatio,peRatio,pbRatio,payoutRatio,inventoryTurnover,dividendYield,assetTurnover,quickRatio,returnOnAssets,priceToFreeCashFlowsRatio,grossProfitMargin,epsdilutedGrowth,fiveYNetIncomeGrowthPerShare,fiveYRevenueGrowthPerShare,fiveYShareholdersEquityGrowthPerShare,grossProfitGrowth,netIncomeGrowth,operatingIncomeGrowth,threeYNetIncomeGrowthPerShare,threeYRevenueGrowthPerShare,threeYShareholdersEquityGrowthPerShare,Industry,Sector,Symbol
2023Q1,2023,Q1,2023-05-10,2023-03-31,-19027000.0,782000.0,-21191000.0,-0.11,238000.0,0.3043478261,123262000.0,86538000.0,76990000.0,22155000.0,36724000.0,3116000.0,-701551000.0,466457010.0,459224010.0,0.4953435258696187,3.475062062739788,0.12943161720562704,0.18435831657768842,-0.18062679833240156,0.4953435258696187,-0.21986872818877257,596.4923401534527,-6.128882771850528,5.390198641059419,0.0,0.17458279845956354,0.0,0.006344209894371339,3.088648160686075,-0.15436225276240853,-32.35689581021088,0.30434782608695654,-0.4285714285714286,-0.20042883034223713,-0.8391811808352815,10.84995574212134,8.212121212121213,-0.46869934388267076,-0.514183637013219,-1.8080557035286808,-0.6123681062654356,9.66299577948552,Scientific & Technical Instruments,Technology,MVIS
2022Q4,2022,Q4,2023-03-02,2022-12-31,-12955000.0,0.0,-13995000.0,-0.077,-33000.0,0.0,114996000.0,89741000.0,91008000.0,11426000.0,25255000.0,1861000.0,-682524000.0,395523800.0,390683800.0,0.5331950947073223,7.964992123227726,0.13649170405927163,0.1749033329247501,-0.11107570364514621,0.5331950947073223,-0.14435988009939715,0.0,-7.6326476263990735,4.407392384751675,0.0,0.017732401934443847,0.0,0.0,7.600297566952564,-0.11265609238582211,-36.8100325732899,0.0,-0.013157894736842117,0.23041728336281073,-1.0,7.6122074935504935,0.26666666666666666,-0.028174603174603175,-0.06815753320103801,-1.8412129745776387,-1.0,17.25192591914046,Scientific & Technical Instruments,Technology,MVIS
2022Q3,2022,Q3,2022-10-28,2022-09-30,-12600000.0,0.0,-13102000.0,-0.076,-45000.0,0.0,109391000.0,85625000.0,87852000.0,9961000.0,23766000.0,1762000.0,-669049000.0,598130070.0,590752070.0,0.5167876779711142,8.81959642606164,0.13345704856889506,0.1704992700729927,-0.1118773902437218,0.5167876779711142,-0.14715328467153285,0.0,-11.867660119047619,6.985460671532846,0.0,0.02553916004540295,0.0,0.0,8.358397751229797,-0.11518315035057729,-60.41107665892334,0.0,0.07203907203907207,-0.0871195679273173,-1.0,2.1032112213634546,-1.152027027027027,0.06839186691312385,0.041480722803423804,-0.42254088437551607,-1.0,12.94716597288263,Scientific & Technical Instruments,Technology,MVIS
2022Q2,2022,Q2,2022-07-29,2022-06-30,-13525000.0,314000.0,-13669000.0,-0.0819,296000.0,0.9426751592,107192000.0,94100000.0,95750000.0,8055000.0,13092000.0,1833000.0,-656198000.0,634513920.0,603209920.0,0.569481596242995,11.887026691495965,0.05280244794387641,0.060148777895855474,-0.12898671618168708,0.569481596242995,-0.14373007438894791,2020.7449681528662,-11.728538262476894,6.742974707757704,0.0,0.009819967266775777,0.0,0.0029293230838122247,11.531967721911856,-0.12617546085528772,-63.82797706468162,0.9426751592356688,-0.019925280199252854,-0.033544463049895654,-0.9092713226421065,9.328535104879814,-0.14450867052023122,-0.023690584317287315,-0.041526973483693996,0.026957993822938963,-0.8362195839510478,13.867153732279359,Scientific & Technical Instruments,Technology,MVIS
2022Q1,2022,Q1,2022-04-29,2022-03-31,-13212000.0,350000.0,-13124000.0,-0.0803,346000.0,0.9885714286,117769000.0,103468000.0,106942000.0,9404000.0,14301000.0,1815000.0,-642601000.0,768509210.0,718603210.0,0.6287440068545177,11.371969374734155,0.048442289566863944,0.05513782038891252,-0.11472253856868557,0.6287440068545177,-0.12769165345807398,2195.7406,-14.541878784438389,7.4275061854873,0.0,0.0022038567493112946,0.0,0.0029719196053290763,10.980646533390047,-0.11218571950173645,-65.17761088966161,0.9885714285714285,-0.04421326397919376,0.03161380364601816,-0.8170886413155332,18.918902576224074,-0.32023575638506874,-0.046495049504950495,-0.039524752475247525,-0.014722190368336366,-0.8828327847773693,27.36252266569162,Scientific & Technical Instruments,Technology,MVIS
2021Q4,2021,Q4,2022-03-01,2021-12-31,-12625000.0,557000.0,-12625000.0,-0.0769,509000.0,0.9138240575,130225000.0,112754000.0,119430000.0,12462000.0,17471000.0,1780000.0,-629433000.0,822742200.0,746366200.0,0.6866033369869687,9.58353394318729,0.048155116145133424,0.0556166521808539,-0.10107762761801063,0.6866033369869687,-0.11196942015360874,1477.095511669659,-16.291924752475246,7.296789470883516,0.0,0.02696629213483146,0.0,0.00427721251679785,9.257502808537955,-0.09694759070838932,-95.46788117892783,0.9138240574506283,-0.2816666666666667,0.19058454083600895,-0.9339879147049076,4.193896102029601,-0.3008241758241758,-0.34566190577701983,-0.25384844572450094,0.39077523631102784,-0.8247999985117034,14.790375796113716,Scientific & Technical Instruments,Technology,MVIS
2021Q3,2021,Q3,2021-11-08,2021-09-30,-9382000.0,718000.0,-10069000.0,-0.06,728000.0,1.0139275766016713,134065000.0,122347000.0,129097000.0,11384000.0,11718000.0,1182000.0,-616808000.0,1812034250.0,1688632250.0,0.746086532304784,11.34021433591005,0.01292656547197255,0.014164630109442815,-0.08046959913049037,0.746086532304784,-0.07668353126762405,2523.724582172702,-48.28486063739076,14.810614481760895,0.0,-0.008460236886632826,0.0,0.005355611084175586,10.99218200983837,-0.06998097937567598,-179.09016109903143,1.0139275766016713,0.3333333333333333,0.26746850385353915,-0.9429586578040674,30.999471670474225,-0.06306306306306306,0.3729447934768079,0.32666844991306676,-19.425410586439618,-0.9647843582010912,4.763654699635056,Scientific & Technical Instruments,Technology,MVIS
2021Q2,2021,Q2,2021-08-12,2021-06-30,-14962000.0,746000.0,-14954000.0,-0.09,777000.0,1.0415549597855227,140417000.0,128897000.0,136324000.0,10399000.0,11520000.0,151000.0,-607426000.0,2660201500.0,2527712500.0,0.8116019594756262,13.109337436291952,0.01993348383742709,0.0217150127621279,-0.11251561253818489,0.8116019594756262,-0.1160771779017355,3565.9537533512066,-44.449296551263195,20.638195613551904,0.0,-0.2052980132450331,0.0,0.005312747032054524,13.009712472353112,-0.10655404972332409,-329.8451952882827,1.0415549597855227,-1.2499999999999998,-0.3975972141780835,-0.9417038407335272,386.5173911507372,0.6053719008264463,-1.4012197079120527,-1.4022489959839357,0.09432242757444391,-0.8103371164407548,4.682820987301309,Scientific & Technical Instruments,Technology,MVIS
2021Q1,2021,Q1,2021-04-30,2021-03-31,-6231000.0,479000.0,-6225000.0,-0.04,484000.0,1.010438413361169,79611000.0,67961000.0,75903000.0,10101000.0,11650000.0,0.0,-592464000.0,2883671700.0,2811289700.0,0.43717755734815444,7.514404514404514,0.037130547286179046,0.04349553420344021,-0.08611387782204516,0.43717755734815444,-0.09168493694913259,6020.191440501044,-115.69859171882524,42.4312723473757,0.0,0.0,0.0,0.006016756478376104,7.458469458469459,-0.07826807853186117,-565.8696428571428,1.010438413361169,-1.0,0.4638445448574207,-0.9603985435594391,6.275992894619424,0.23405481345119747,-0.7453781512605042,-0.7466329966329966,0.5582034586430652,-0.8892958018418612,9.458468588903962,Scientific & Technical Instruments,Technology,MVIS
2020Q4,2020,Q4,2021-03-15,2020-12-31,-3570000.0,395000.0,-3564000.0,-0.02,392203.0,0.9929189873417722,21006000.0,9009000.0,17560000.0,10028000.0,11997000.0,0.0,-586233000.0,797186880.0,781906880.0,0.060799319727891155,1.7510969285999203,0.07531181567171284,0.17560217560217561,-0.2941564872895345,0.060799319727891155,-0.3962703962703963,2018.1946329113923,-55.82541176470588,88.48783216783217,0.0,0.0,0.0,0.018804151194896698,1.6814918228958915,-0.1699514424450157,-175.74666666666667,0.9929189873417722,0.0,0.7349885355103729,-0.9317302588716788,19.786592414743673,-0.38622378716744915,-0.2632696390658174,-0.26472675656493966,0.7591132030134701,-0.9181573454034392,-0.01796478969721886,Scientific & Technical Instruments,Technology,MVIS
2020Q3,2020,Q3,2020-10-30,2020-09-30,-2826000.0,639000.0,-2818000.0,-0.02,639000.0,1.0,8961000.0,-4193000.0,5775000.0,11615000.0,13154000.0,0.0,-582663000.0,280185750.0,276736750.0,-0.02918189094199116,0.49720189410245375,0.17609641781051222,-0.3763415215835917,2.798411122144985,-0.02918189094199116,0.6739804435964704,438.47535211267603,-24.78642515923567,-66.82226329596948,0.0,0.0,0.0,0.07130900569132909,0.4328024106758502,-0.315366588550385,-80.58261432269198,1.0,0.0,0.7356545938404793,-0.9124352243635538,-1.4117908436094007,0.08673469387755102,-0.2265625,-0.22575032622879512,0.7188384508112069,-0.9452521788388768,-1.1752316769380349,Scientific & Technical Instruments,Technology,MVIS
2020Q2,2020,Q2,2020-08-06,2020-06-30,-2304000.0,587000.0,-2299000.0,-0.02,588000.0,1.0017035775127767,11506000.0,-2522000.0,8106000.0,12078000.0,14028000.0,0.0,-579837000.0,190545520.0,184314520.0,-0.0180005281677575,0.6711376055638351,0.13679819224752304,-0.6241078509119746,-2.8452970297029703,-0.0180005281677575,0.9135606661379857,324.609063032368,-20.675512152777777,-75.55333862014274,0.0,0.0,0.0,0.0510168607682948,0.6462162609703593,-0.20024335129497653,-64.5479403794038,1.0017035775127767,0.5,0.722877146959365,-0.9516443547939504,-1.1277115167845626,7.4,0.5330360762059181,0.5340494527766518,0.7923535735256311,-0.7999663181425232,-1.3264707557076707,Scientific & Technical Instruments,Technology,MVIS
2020Q1,2020,Q1,2020-05-08,2020-03-31,-4934000.0,1469000.0,-4934000.0,-0.04,70000.0,0.047651463580667124,6904000.0,-7274000.0,3290000.0,12962000.0,14178000.0,0.0,-577533000.0,21944415.0,21519415.0,-0.05717924127847564,0.2538188551149514,0.0,0.0,0.9181243021957574,-0.05717924127847564,0.6783062963981303,14.938335602450646,-1.1118978009728415,-3.016829117404454,0.0,0.0,0.0,0.21277520278099651,0.221956488196266,-0.7146581691772885,-3.9812073657474603,0.047651463580667124,-0.3333333333333334,0.5598456017785324,-0.4237414571271247,-1.3975491302928869,-0.9406276505513147,-0.502436053593179,-0.5042682926829268,0.532182506205533,-0.006902897495717585,-2.811464958698052,Scientific & Technical Instruments,Technology,MVIS
2019Q4,2019,Q4,2020-03-12,2019-12-31,-3284000.0,4605000.0,-3280000.0,-0.03,1179000.0,0.25602605863192185,11836000.0,-3977000.0,7837000.0,14456000.0,15813000.0,192000.0,-572599000.0,87278400.0,83479400.0,-0.0328081174723643,0.5421278361925844,0.0,0.0,1.6915936049510056,-0.0328081174723643,0.8257480512949459,18.952964169381108,-6.644214372716199,-21.94578828262509,0.0,17.84375,0.0,0.38906725245015206,0.4784172661870504,-0.27745860087867524,-19.908394160583942,0.25602605863192185,0.4000000000000001,0.6393124572425805,1.4633540086269938,-1.212679862799605,2.336734693877551,0.46523367529718285,0.4662327095199349,0.7147701164787418,-0.2606507108879576,-1.248181073809544,Scientific & Technical Instruments,Technology,MVIS
2019Q3,2019,Q3,2019-11-07,2019-09-30,-6141000.0,1190000.0,-6145000.0,-0.05,-882000.0,-0.7411764705882353,12394000.0,-4969000.0,7962000.0,15866000.0,17363000.0,241000.0,-569315000.0,68821013.39999999,64351013.39999999,-0.04325608928042899,0.5018278078910878,0.0,0.0,2.1969967822667145,-0.04325608928042899,1.2358623465486014,57.83278436974789,-2.8017022227650217,-13.850073133427248,0.0,8.597510373443983,0.0,0.09601420041955785,0.45046010336568765,-0.49548168468613846,-19.47948298896122,-0.7411764705882353,0.375,0.30116660184694816,-0.5306479884464143,-1.1954993367334146,-0.5128644939965694,0.31690767519466073,0.3159300901703217,0.31553325662784726,-0.8650432430314954,-0.7392886330960147,Scientific & Technical Instruments,Technology,MVIS
2019Q2,2019,Q2,2019-07-19,2019-06-30,-8990000.0,1240000.0,-8983000.0,-0.08,-583000.0,-0.47016129032258064,14240000.0,-4730000.0,8143000.0,17333000.0,18970000.0,54000.0,-563174000.0,85497600.0,83189600.0,-0.044258552286847816,0.4697974961056943,0.0,0.0,3.705858085808581,-0.044258552286847816,1.9006342494714588,68.94967741935484,-2.3775750834260294,-18.075602536997888,0.0,33.75925925925926,0.0,0.08707865168539326,0.4118156118386892,-0.6313202247191011,-9.594613399169566,-0.47016129032258064,0.0,-0.06392018908147529,-0.18316099936427616,-1.1728981588065353,-1.9588815789473684,-0.11427863163113534,-0.11396329365079365,-0.2479231847938976,-0.8560012949800875,-22.132229312739643,Scientific & Technical Instruments,Technology,MVIS
2019Q1,2019,Q1,2019-04-26,2019-03-31,-8068000.0,1851000.0,-8064000.0,-0.08,608000.0,0.32847109670448404,17201000.0,-2432000.0,10605000.0,17859000.0,19633000.0,1062000.0,-554184000.0,101053261.0,96512261.0,-0.023849918113973582,0.5938182429027381,0.0,0.0,-1344.0,-0.023849918113973582,3.317434210526316,54.59387412209617,-3.131298370104115,-41.55150534539474,0.0,1.170433145009416,0.0,0.1076100226731004,0.47326278067081023,-0.4690424975292134,-12.695133291457287,0.32847109670448404,0.38461538461538464,0.6561838793939182,-0.4811651841788183,-1.0624186018874084,1.2333077513430546,0.3247405423501841,0.32445338024629305,-0.05833727026582764,-0.7667040030885862,-1.3969367407310243,Scientific & Technical Instruments,Technology,MVIS
2018Q4,2018,Q4,2019-03-06,2018-12-31,-11948000.0,1833000.0,-11937000.0,-0.13,-2606000.0,-1.4217130387343153,23033000.0,4117000.0,17649000.0,18188000.0,18916000.0,1109000.0,-546116000.0,57178459.8,43466459.8,0.04348239369679559,0.9703650758742027,0.0,0.0,-2.8619036202349557,0.04348239369679559,-2.902113189215448,31.19392242225859,-1.196402322564446,13.888379839689094,0.0,4.002705139765554,0.0,0.0795814700646898,0.8373103144930724,-0.518733990361655,-17.55556027018729,-1.4217130387343153,-42.9219606578523,-0.8160846087367336,-0.4457476539945666,1.8932862978677782,-1.2919233785146185,-42.34256055363322,-42.447916666666664,-0.38804038998697116,-0.5042028007167655,14.435775453658223,Scientific & Technical Instruments,Technology,MVIS
2018Q3,2018,Q3,2018-10-26,2018-09-30,289000.0,11572000.0,288000.0,0.003101,8927000.0,0.7714310404424473,29970000.0,12048000.0,23574000.0,17391000.0,17922000.0,3347000.0,-534168000.0,116341250.0,103171250.0,0.1294467783352852,1.3555287217526306,0.0,0.0,0.02382528127068167,0.1294467783352852,0.02398738379814077,10.053685620463186,100.6412197231834,9.65647825365206,0.0,0.790259934269495,0.0,0.3861194527861195,1.1117244551779657,0.009642976309642975,-15.152546235998958,0.7714310404424473,1.03101,1.02408878855032,2.669098895423764,20.381589210958914,25.80780780780781,1.0341647948930133,1.0340788072417466,1.0417335349705406,1.4480750386620664,0.8266464691807609,Scientific & Technical Instruments,Technology,MVIS
2018Q2,2018,Q2,2018-08-01,2018-06-30,-8459000.0,2014000.0,-8451000.0,-0.1,333000.0,0.16534260178748758,35990000.0,11614000.0,29391000.0,23939000.0,24376000.0,4505000.0,-534457000.0,91079520.00000001,70086520.00000001,0.14281673860380467,1.2277455198629852,0.0,0.0,-0.727656276907181,0.14281673860380467,-0.7283451007404856,45.22319761668322,-2.6917933561886747,7.842218012743242,0.0,0.37314095449500556,0.0,0.055959988885801615,0.988554242031831,-0.235037510419561,-30.188770301624135,0.16534260178748758,-0.11111111111111122,0.19796319402181142,-0.6491299581436923,17.730910177379194,0.05714285714285714,-0.18606281547952888,-0.18693820224719102,-0.7529358183006714,-0.7141582442086802,0.013267063017992665,Scientific & Technical Instruments,Technology,MVIS
2018Q1,2018,Q1,2018-05-10,2018-03-31,-7132000.0,2188000.0,-7120000.0,-0.09,315000.0,0.14396709323583182,22518000.0,3286000.0,16054000.0,18703000.0,19232000.0,4519000.0,-525998000.0,88829299.99999999,81601299.99999999,0.041801297544841624,0.8583649681869219,0.0,0.0,-2.16676810712112,0.041801297544841624,-2.1704199634814363,40.59840036563071,-3.1137584127874365,27.032653682288494,0.0,0.4144722283691082,0.0,0.09716671107558397,0.5340319734801904,-0.3167243982591704,-9.121924419798725,0.14396709323583182,0.10000000000000009,0.37330771860028034,-0.6099276568354052,-0.4045909988533845,30.5,0.09273629309248187,0.09391702723339272,-0.02961378227366828,0.388992851798896,-0.7093688353937352,Scientific & Technical Instruments,Technology,MVIS
2017Q4,2017,Q4,2018-02-23,2017-12-31,-7861000.0,2560000.0,-7858000.0,-0.1,10000.0,0.00390625,29697000.0,4866000.0,23147000.0,20073000.0,24831000.0,4541000.0,-524086000.0,128111479.99999999,111145479.99999999,0.0619115476614586,1.1531410352214417,0.0,0.0,-1.614878750513769,0.0619115476614586,-1.6154952733251131,50.043546875,-4.074274265360641,26.32788327168105,0.0,0.5615503193129266,0.0,0.08620399366939421,0.879838589149604,-0.264706872748089,-15.464929985514242,0.00390625,-0.4285714285714285,0.3829288856196,-0.6997843879931447,-0.6920960129658168,-0.9588477366255144,-0.4999045983590918,-0.49790316431566906,-0.3316179068169386,1.112083069514818,-0.5986560498802884,Scientific & Technical Instruments,Technology,MVIS
2017Q3,2017,Q3,2017-11-02,2017-09-30,-5241000.0,6086000.0,-5246000.0,-0.07,243000.0,0.03992770292474532,37304000.0,12477000.0,32988000.0,20339000.0,24827000.0,4253000.0,-516225000.0,208283160.0,182980160.0,0.1665331945223032,1.6219086484094596,0.0,0.0,-0.4204536346878256,0.1665331945223032,-0.4200528973310892,34.223325665461715,-9.935277618775041,16.693368598220726,0.0,1.37385375029391,0.0,0.16314604331975124,1.2558631201140666,-0.14049431696332834,-33.94445241199478,0.03992770292474532,0.12499999999999993,0.5456436931079324,-0.22362546243143258,-0.5149288546769303,-0.5216535433070866,0.0460502366217692,0.04427035889961742,0.08554761631679657,2.6804087270044588,-0.24733997883767794,Scientific & Technical Instruments,Technology,MVIS
2017Q2,2017,Q2,2017-08-03,2017-06-30,-5494000.0,1453000.0,-5489000.0,-0.08,508000.0,0.3496214728148658,29911000.0,3825000.0,25459000.0,21294000.0,26086000.0,2677000.0,-510984000.0,147070760.0,129326760.0,0.05513672466233261,1.195595003287311,0.0,0.0,-1.4350326797385622,0.05513672466233261,-1.4363398692810458,101.21869236063317,-6.692335274845286,38.449871895424835,0.0,0.35300709749719833,0.0,0.048577446424392365,0.871090448013525,-0.18367824546153588,44.23180751879699,0.3496214728148658,0.0,0.6946425226992904,-0.6900015566903261,-0.908414455186504,1.0,0.02709403222950239,0.027462792345854005,-0.0016395735324445002,0.4745308238254632,-0.7846057386840217,Scientific & Technical Instruments,Technology,MVIS
2017Q1,2017,Q1,2017-04-28,2017-03-31,-5647000.0,792000.0,-5644000.0,-0.08,254000.0,0.3207070707070707,14823000.0,2150000.0,10986000.0,7582000.0,12673000.0,2052000.0,-505490000.0,169601370.0,161946370.0,0.03156519313493753,1.4489580585597468,0.0,0.0,-2.6251162790697675,0.03156519313493753,-2.626511627906977,214.14314393939395,-7.508472197627059,78.88435813953488,0.0,0.2621832358674464,0.0,0.05343047965998786,1.0714850962806648,-0.38096201848478717,-22.661861304115448,0.3207070707070707,0.11111111111111106,0.8559985344214533,-0.8855575344915186,-0.6096873322377768,-0.497029702970297,-0.051582867783985104,-0.05673094926043812,0.6397327344205355,-0.6676508721627202,-0.9173894344469695,Scientific & Technical Instruments,Technology,MVIS
2016Q4,2016,Q4,2017-03-06,2016-12-31,-5370000.0,2905000.0,-5341000.0,-0.09,505000.0,0.1738382099827883,20106000.0,7474000.0,17348000.0,7244000.0,12632000.0,1233000.0,-499843000.0,71237880.0,56098880.0,0.1321942764158619,2.394809497515185,0.0,0.0,-0.7146106502542147,0.1321942764158619,-0.7184907679957185,24.522506024096387,-3.3164748603351955,9.531426277762911,0.0,1.9464720194647203,0.0,0.14448423356212076,2.123688569850911,-0.26708445240226797,-15.56771853146853,0.1738382099827883,-0.12499999999999993,0.8350774309517188,-0.4183041103780323,-0.7916245191137863,-0.5816072908036454,-0.3194103194103194,-0.3100318861908266,-0.3669169572565007,0.4710186992420773,3.715750577170672,Scientific & Technical Instruments,Technology,MVIS
2016Q3,2016,Q3,2016-11-02,2016-09-30,-4070000.0,4000000.0,-4077000.0,-0.08,1207000.0,0.30175,11907000.0,-1296000.0,9337000.0,7575000.0,13203000.0,1252000.0,-494473000.0,71913180.0,66110180.0,-0.024869989061810368,1.2326072607260725,0.0,0.0,3.1458333333333335,-0.024869989061810368,3.140432098765432,17.978295,-4.417271498771498,-55.48856481481481,0.0,2.2308306709265175,0.0,0.3359368438733518,1.0064686468646864,-0.34181573864113546,-18.683600935307872,0.30175,-0.14285714285714277,0.8630975256752342,-0.4300554462272252,-1.032003909446966,-0.22776711452335252,-0.17088607594936708,-0.16919988528821336,0.39409319339242477,1.2651934097586615,-2.723691835949375,Scientific & Technical Instruments,Technology,MVIS
2016Q2,2016,Q2,2016-08-01,2016-06-30,-3476000.0,4155000.0,-3487000.0,-0.07,1563000.0,0.376173285198556,13580000.0,108000.0,11022000.0,7553000.0,13472000.0,1118000.0,-490403000.0,86632560.0,79441560.0,0.0020943626738030136,1.4592877002515556,0.0,0.0,-32.28703703703704,0.0020943626738030136,-32.18518518518518,20.850194945848376,-6.230765247410816,802.1533333333333,0.0,2.3184257602862255,0.0,0.30596465390279826,1.2283860717595658,-0.2559646539027982,-20.495046132008518,0.376173285198556,0.0,0.9024924596127395,-0.074122456750882,-0.997555717428182,0.4055755395683453,0.02249718785151856,0.018575851393188854,0.480260306714009,0.14153358866804192,-0.7253170776383008,Scientific & Technical Instruments,Technology,MVIS
2016Q1,2016,Q1,2016-04-27,2016-03-31,-3556000.0,3701000.0,-3553000.0,-0.07,1112000.0,0.3004593353147798,16504000.0,2858000.0,13701000.0,7439000.0,13646000.0,906000.0,-486927000.0,88948420.0,77739420.0,0.06008493461716352,1.8417798091141282,0.0,0.0,-1.2431770468859342,0.06008493461716352,-1.244226731980406,24.033617941097003,-6.253404105736783,31.12261021693492,0.0,2.857615894039735,0.0,0.22424866698982066,1.6406775104180669,-0.21546291808046533,-29.03016318537859,0.3004593353147798,0.22222222222222213,0.8938038900199268,-0.10739331074602627,-0.9527146998346399,1.9340369393139842,0.17263843648208468,0.17372093023255814,0.483600362988277,0.0904307531849782,-0.1441626694485286,Scientific & Technical Instruments,Technology,MVIS
2015Q4,2015,Q4,2016-03-08,2015-12-31,-4298000.0,1846000.0,-4300000.0,-0.09,379000.0,0.20530877573131096,14042000.0,-153000.0,11075000.0,7704000.0,14195000.0,862000.0,-483371000.0,135209360.0,127321360.0,-0.0032363144090024536,1.437564901349948,0.0,0.0,28.104575163398692,-0.0032363144090024536,28.091503267973856,73.24450704225352,-7.864667287110284,-883.7213071895425,0.0,1.7018561484918793,0.0,0.13146275459336276,1.2428608515057114,-0.30608175473579263,-35.62828985507247,0.20530877573131096,-0.28571428571428553,0.9243151275112761,-0.26609805420386096,-1.0019028522240492,-0.35213675213675216,-0.22345573583831482,-0.2222853894258101,0.4391024382953769,-0.6400976152555041,-1.0160951251820889,Scientific & Technical Instruments,Technology,MVIS
2015Q3,2015,Q3,2015-11-05,2015-09-30,-3513000.0,2398000.0,-3518000.0,-0.07,585000.0,0.24395329441201,15538000.0,3346000.0,12546000.0,5410000.0,12192000.0,269000.0,-479073000.0,150619040.0,139459040.0,0.07086580820060996,2.3190388170055454,0.0,0.0,-1.0514046622833233,0.07086580820060996,-1.0499103407053199,62.8102752293578,-10.718690577853685,45.01465630603706,0.0,6.739776951672862,0.0,0.1543313167717853,2.1689463955637707,-0.22609087398635602,-38.48212570260603,0.24395329441201,-0.16666666666666682,0.9298542223404209,-0.5638723542691009,-0.9684840249505507,-0.5071609098567817,-0.26868905742145177,-0.2700361010830325,0.516740143188331,-0.5145900388835999,-0.7935849435500312,Scientific & Technical Instruments,Technology,MVIS
2015Q2,2015,Q2,2015-07-29,2015-06-30,-2769000.0,4043000.0,-2770000.0,-0.06,1187000.0,0.29359386594113285,20176000.0,6577000.0,17295000.0,6529000.0,13599000.0,348000.0,-475560000.0,139989000.0,124904000.0,0.14094678867625313,2.6489508347373256,0.0,0.0,-0.42116466474076325,0.14094678867625313,-0.4210126197354417,34.62503091763542,-12.638949079089924,21.28462824996199,0.0,8.206896551724139,0.0,0.20038659793814434,2.5126359319957112,-0.13724226804123713,-33.02406227883935,0.29359386594113285,0.3333333333333333,0.94053703578045,-0.5395715551603685,-0.9351309490728309,9.3006993006993,0.301110550227158,0.3008581524482585,0.7711975455541978,0.28237622972637866,-0.7658785771247297,Scientific & Technical Instruments,Technology,MVIS
2015Q1,2015,Q1,2015-04-30,2015-03-31,-3962000.0,901000.0,-3962000.0,-0.09,-143000.0,-0.15871254162042175,20555000.0,6467000.0,18136000.0,6733000.0,14088000.0,432000.0,-472791000.0,154223090.0,137538090.0,0.14382937081600428,2.693598693004604,0.0,0.0,-0.6126488325344055,0.14382937081600428,-0.6126488325344055,171.1688013318535,-9.731391342756183,23.847702180299983,0.0,2.4166666666666665,0.0,0.04383361712478716,2.5490865884449727,-0.19275115543663343,30.962274643645856,-0.15871254162042175,-0.12499999999999993,0.8928464425374203,-0.6674228509042897,-0.9523436252772569,-1.803370786516854,-0.18410041841004185,-0.1823336317517159,0.8469482413400993,-0.8027751912651623,0.7784914283835184,Scientific & Technical Instruments,Technology,MVIS
2014Q4,2014,Q4,2015-03-16,2014-12-31,-3346000.0,687000.0,-3351000.0,-0.08,178000.0,0.2590975254730713,11945000.0,6872000.0,9625000.0,4585000.0,5073000.0,116000.0,-468829000.0,77513520.0,69164520.0,0.15426057286522402,2.099236641221374,0.0,0.0,-0.4876309662398137,0.15426057286522402,-0.4869033760186263,112.82899563318777,-5.791506276150628,11.279615832363215,0.0,4.387931034482759,0.0,0.05751360401841775,1.9668484187568156,-0.28011720385098365,-25.19126421839454,0.2590975254730713,0.0,0.9047780063960407,-0.8239205576470264,-0.9591743065660425,-0.7033333333333334,0.002682563338301043,0.0014898688915375446,0.8695800670019113,-0.8254102167349012,-0.7568418094634171,Scientific & Technical Instruments,Technology,MVIS
2014Q3,2014,Q3,2014-11-06,2014-09-30,-3355000.0,968000.0,-3356000.0,-0.08,600000.0,0.6198347107438017,14351000.0,9704000.0,12010000.0,4124000.0,4647000.0,79000.0,-465483000.0,85084520.0,74188520.0,0.22125951935792787,2.912221144519884,0.0,0.0,-0.34583676834295135,0.22125951935792787,-0.34573371805441055,87.89723140495867,-6.3401281669150515,8.767984336356141,0.0,4.658227848101266,0.0,0.06745174552296007,2.782007759456838,-0.2337816180057139,-25.72861203507711,0.6198347107438017,0.0,0.9367241402419898,-0.772285937951267,-0.8674649918015052,0.3544018058690745,0.013525433695971773,0.014679976512037582,0.8659119741438864,-0.8361190178466861,-0.7152725075909278,Scientific & Technical Instruments,Technology,MVIS
2014Q2,2014,Q2,2014-08-06,2014-06-30,-3401000.0,611000.0,-3406000.0,-0.08,443000.0,0.7250409165302782,15521000.0,11011000.0,13096000.0,3953000.0,4510000.0,31000.0,-462128000.0,86460149.99999999,73996149.99999999,0.25598047192839707,3.3129268909688845,0.0,0.0,-0.30932703659976385,0.25598047192839707,-0.3088729452365816,141.5059738134206,-6.355494707438988,7.852161474888747,0.0,5.419354838709677,0.0,0.03936602023065524,3.1667088287376677,-0.21912247922169964,-22.951990974250062,0.7250409165302782,0.6521739130434784,0.9345042003774968,-0.8760879372090578,-0.912221758697579,-0.6368852459016393,0.5758293838862559,-0.1148936170212766,0.8856287138920237,-0.8367791362421143,-0.7012510707497638,Scientific & Technical Instruments,Technology,MVIS
2014Q1,2014,Q1,2014-05-08,2014-03-31,-8018000.0,1219000.0,-3055000.0,-0.23,1220000.0,1.0008203445447088,18267000.0,13313000.0,15778000.0,4421000.0,4954000.0,49000.0,-458727000.0,67245060.0,51912060.0,0.38209632053269044,3.5688758199502373,0.0,0.0,-0.2293887971166842,0.38209632053269044,-0.6022684594005859,55.16411812961444,-2.0966905712147668,5.0510824006610076,0.0,-0.02040816326530612,0.0,0.06673235889856025,3.4998869034155167,-0.4389335961022609,-22.355405585106382,1.0008203445447088,-2.31006195786865,0.7790908036935281,-0.6869240750388219,-0.8316259482325397,0.048109965635738834,-2.311854605534903,0.2158624229979466,0.6731063658357963,-0.5986360955948772,-0.6993000105003547,Scientific & Technical Instruments,Technology,MVIS
2013Q4,2013,Q4,2014-03-06,2013-12-31,-2421000.0,1217000.0,-3896000.0,-0.06948510418460478,1164000.0,0.9564502875924404,8447000.0,-1696000.0,5784000.0,9662000.0,10143000.0,49000.0,-450709000.0,45991440.0,40631440.0,-0.04867688422019402,0.5986338232250051,0.0,0.0,2.3176680547293276,-0.04867688422019402,1.4274764150943395,37.790829909613805,-4.749219330855019,-27.11759433962264,0.0,1.0816326530612246,0.0,0.1440748194625311,0.5587870006209894,-0.28661063099325207,-16.361237993596585,0.9564502875924404,0.46549919857996325,0.9401075421238746,-0.8050841221401343,-1.0149810236415988,0.32272727272727275,0.33978729206435776,0.05252918287937743,0.9421537634205062,-0.34350024515606664,-1.0286204940844208,Scientific & Technical Instruments,Technology,MVIS
2013Q3,2013,Q3,2013-11-13,2013-09-30,-3667000.0,964000.0,-4112000.0,-0.13,880000.0,0.9128630705394191,12015000.0,-190000.0,8918000.0,11777000.0,12205000.0,28000.0,-448288000.0,49499520.0,41207520.0,-0.006678852643419573,0.7572386855735757,0.0,0.0,25.540372670807454,-0.006678852643419573,19.3,51.34804979253112,-3.374660485410417,-260.5237894736842,0.0,3.0,0.0,0.08023304203079484,0.7191984376326739,-0.3052018310445277,-12.8905,0.9128630705394191,0.0,0.8761840649563,-0.6926013639549251,-1.0014694698882678,-0.12611717974180736,-0.06722933643771828,-0.19778619283425575,0.878473288149108,-0.7090094233993234,-1.0029702695645986,Scientific & Technical Instruments,Technology,MVIS
2013Q2,2013,Q2,2013-08-09,2013-06-30,-3436000.0,1870000.0,-3433000.0,-0.13,1007000.0,0.5385026737967914,10597000.0,202000.0,7452000.0,10065000.0,10395000.0,44000.0,-444621000.0,64907850.00000001,58964850.00000001,0.00762465556939569,0.7403874813710879,0.0016042276115881854,0.08415841584158416,-13.103053435114504,0.00762465556939569,-17.00990099009901,34.710080213903744,-4.722631693830035,321.3259900990099,0.0,19.613636363636363,0.0,0.1764650372747004,0.7057128663686041,-0.32424271020100026,-22.56879346314326,0.5385026737967914,0.07142857142857148,0.900653992560611,-0.691126737383995,-0.9973794054008195,0.007,0.05966064586754242,0.06022447303586093,0.8700374358560109,-0.6249047812890067,-0.9964908447004825,Scientific & Technical Instruments,Technology,MVIS
2013Q1,2013,Q1,2013-05-10,2013-03-31,-3654000.0,1801000.0,-3653000.0,-0.14,1000000.0,0.555247084952804,8740000.0,1772000.0,5744000.0,6963000.0,6968000.0,217000.0,-441185000.0,40384000.0,37172000.0,0.07020602218700475,0.8249317822777539,0.004805491990846682,0.023702031602708805,-1.953475935828877,0.07020602218700475,-2.0620767494356658,22.423098278734038,-2.762999452654625,22.790067720090295,0.0,3.6912442396313363,0.0,0.20606407322654463,0.6933792905356886,-0.41807780320366134,-11.518539646320594,0.555247084952804,0.12499999999999993,0.7962283200764522,-0.8031143628173427,-0.9829076645437704,-0.19224555735056542,0.10309278350515463,0.10377821393523062,0.8239538241372458,0.1842605374631086,-0.976737960528123,Scientific & Technical Instruments,Technology,MVIS
2012Q4,2012,Q4,2013-03-14,2012-12-31,-4074000.0,2727000.0,-4076000.0,-0.16,1238000.0,0.453978731206454,12938000.0,5054000.0,9695000.0,7864000.0,7884000.0,497000.0,-437531000.0,48007850.0,41292850.0,0.20107419932365228,1.2328331637843337,0.00517854382439326,0.013256826276216858,-0.7855078049720563,0.20107419932365228,-0.8060941828254847,17.604638797213056,-2.945989813451153,9.49898100514444,0.0,2.995975855130785,0.0,0.21077446282269285,1.0143692777212614,-0.3148863812026588,-12.888013422818792,0.453978731206454,-0.06666666666666674,0.80913593000983,-0.742517064478323,-0.9568716186457201,-0.1606779661016949,-0.059557867360208065,-0.018745313671582105,0.7945142644812353,0.2387577268128009,-0.9467848882796641,Scientific & Technical Instruments,Technology,MVIS
2012Q3,2012,Q3,2012-11-06,2012-09-30,-3845000.0,2613000.0,-4001000.0,-0.15,1475000.0,0.5644852659778032,16795000.0,8574000.0,12962000.0,8187000.0,8221000.0,622000.0,-433457000.0,55979220.99999999,45407220.99999999,0.343317049731721,1.583241724685477,0.005418279249776719,0.010613482621880103,,0.343317049731721,-0.4484487986937252,21.423352851128968,-3.6397412873862156,6.528950431537205,0.0,1.8295819935691318,0.0,0.15558201845787437,1.4332478319286674,-0.22893718368562072,-13.935579039083892,0.5644852659778032,0.42307692307692313,0.7899334912346107,-0.7170110628019666,-0.9375589339951066,0.11069277108433735,0.22651377992355662,0.1936719064893188,0.8726489323299702,0.07948004561107185,-0.7943522243340425,Scientific & Technical Instruments,Technology,MVIS
2012Q2,2012,Q2,2012-08-07,2012-06-30,-4971000.0,1295000.0,-4962000.0,-0.26,1328000.0,1.0254826254826255,20765000.0,11539000.0,16701000.0,9114000.0,9226000.0,866000.0,-429612000.0,30858870.000000004,16208870.000000004,0.60202431262065,1.8324555628703094,0.005490007223693715,0.009879538954848773,,0.60202431262065,-0.43079989600485313,23.829243243243248,-1.55194477972239,2.674310598838721,0.0,-0.03810623556581986,0.0,0.0623645557428365,1.6824665350010972,-0.23939320972790754,-4.519459578207382,1.0254826254826255,0.5517241379310345,0.34451938311897,-0.8617627510375118,-0.7745048195661667,1.5107692307692309,0.4929103335713557,0.49511599511599513,0.7851593961871582,-0.41060298858817257,-0.7935598954676462,Scientific & Technical Instruments,Technology,MVIS
2012Q1,2012,Q1,2012-05-10,2012-03-31,-9803000.0,1730000.0,-9828000.0,-0.58,-2600000.0,-1.5028901734104045,13773000.0,1377000.0,9317000.0,12175000.0,12396000.0,1119000.0,-424641000.0,46483710.0,39812710.0,0.08087155693897927,0.7652566735112937,0.009946997749219488,0.09949164851125636,,0.08087155693897927,-7.1190994916485115,26.869196531791907,-1.185446036927471,33.75723311546841,0.0,3.86952636282395,0.0,0.12560807376751615,0.5973716632443532,-0.7117548827415959,-7.0601017618469015,-1.5028901734104045,-0.007103813991433824,0.5499686923956526,-0.7550950464382861,-0.9705744093529978,0.11019849418206708,0.00030593514174994904,0.0059674319813897035,0.4473226242876059,-0.09080505959576675,-0.9643632482627014,Scientific & Technical Instruments,Technology,MVIS
2011Q4,2011,Q4,2012-03-09,2011-12-31,-9806000.0,1504000.0,-9887000.0,-0.5759088506489692,-2922000.0,-1.9428191489361701,23870000.0,10802000.0,18655000.0,12742000.0,13068000.0,4254000.0,-414838000.0,49051381.599999994,36136381.599999994,0.6344041815939391,1.464055878198085,0.006702974444909929,0.014812071838548418,,0.6344041815939391,-0.9077948528050361,32.61395053191489,-1.25054511523557,4.540953675245325,0.0,1.0404325340855665,0.0,0.06300795978215333,1.0630984146915712,-0.41080854629241725,-7.988824364820846,-1.9428191489361701,-0.02840866187315926,0.6426028158439513,-0.7416626476936707,-0.8436839586858788,-2.316685584562997,-0.258793324775353,-0.2636758691206544,0.5035972532135391,-0.5070879711778882,-0.8047528268285262,Scientific & Technical Instruments,Technology,MVIS
2011Q3,2011,Q3,2011-11-01,2011-09-30,-7790000.0,1839000.0,-7824000.0,-0.56,-881000.0,-0.4790647090810223,21953000.0,10611000.0,16074000.0,10914000.0,11342000.0,4443000.0,-405032000.0,74292763.8,65105763.8,0.7770922206558157,1.4727872457394173,0.008290438664419442,0.01715201206295354,,0.7770922206558157,-0.7341438130242202,40.39845774877651,-2.3842350385109117,7.001485609273396,0.0,0.6121989646635156,0.0,0.08376987199927118,0.9395272127542605,-0.3548489955814695,-11.307878812785388,-0.4790647090810223,0.22222222222222213,0.6436523282348751,-0.21375546904095627,-0.7428624854911537,0.6040449438202247,0.15095367847411445,0.15689655172413794,0.45201196560194007,0.22172825396575757,-0.8290254809280769,Scientific & Technical Instruments,Technology,MVIS
2011Q2,2011,Q2,2011-07-28,2011-06-30,-9175000.0,1155000.0,-9280000.0,-0.72,-2225000.0,-1.9264069264069263,23059000.0,11372000.0,16490000.0,10982000.0,11687000.0,5042000.0,-397242000.0,129534720.0,120398720.0,0.8568414707655214,1.501547987616099,0.008803504054815907,0.017850861765740415,,0.8568414707655214,-0.8068061906436862,112.15127272727273,-3.529556403269755,11.390671825536405,0.0,0.6703689012296707,0.0,0.05008890238084913,0.9413585867783646,-0.39789236306865,-17.22078170699282,-1.9264069264069263,0.0,0.6880321597826381,-0.8333917210142521,-0.8495662756532243,-0.5669014084507042,-0.015270554387517982,-0.026662241398384776,0.4704608153311406,-0.61918376086719,-0.7055035325589085,Scientific & Technical Instruments,Technology,MVIS
2011Q1,2011,Q1,2011-05-09,2011-03-31,-9037000.0,1119000.0,-9039000.0,-0.72,-1420000.0,-1.2689901697944594,28768000.0,16312000.0,21690000.0,11284000.0,12456000.0,5423000.0,-388067000.0,135560040.0,121315040.0,1.2706895040750947,1.922190712513293,0.00778642936596218,0.01373222167729279,,1.2706895040750947,-0.554009318293281,121.14391420911528,-3.75013942680093,8.310448749386955,0.0,0.4681910381707542,0.0,0.038897385984427144,1.3884260900389933,-0.3141337597330367,-16.52163802559415,-1.2689901697944594,0.40060116731517514,-5.671792616296381,-0.8888435922018122,0.0026360423581269408,0.7906222353288116,0.41394293125810633,0.41354700577434633,0.009119810833615788,-0.7594795600021506,-0.690638344293181,Scientific & Technical Instruments,Technology,MVIS
2010Q4,2010,Q4,2010-12-31,2010-12-31,-15420000.0,683000.0,-15413000.0,-1.201203540512381,-6782000.0,-9.929721815519766,35233000.0,21833000.0,27624000.0,12006000.0,13400000.0,6075000.0,-379030000.0,191016420.0,171847420.0,1.7007702269783926,2.3008495752123936,0.0069253256889847585,0.011175743141116658,,1.7007702269783926,-0.7062703247377823,279.67265007320646,-3.0968939688715955,8.748977236293685,0.0,1.2288065843621399,0.0,0.019385235432690943,1.736465100782942,-0.4376578775579712,-16.763178587099606,-9.929721815519766,-0.15500340433882795,0.30125597701049023,-0.9380894614441212,2.527857779422239,-1.4126645321949485,-0.3012658227848101,-0.25451733680612076,-0.41448598582836643,-0.8737314663681163,-0.635201994130228,Scientific & Technical Instruments,Technology,MVIS
2010Q3,2010,Q3,2010-11-04,2010-09-30,-11850000.0,1301000.0,-12286000.0,-1.04,-2811000.0,-2.1606456571867794,37929000.0,25121000.0,32069000.0,11711000.0,12808000.0,7713000.0,-363610000.0,195733440.0,177339440.0,2.2485678481919082,2.7383656391426863,0.006960373329114925,0.010509135782811194,,2.2485678481919082,-0.4717168902511843,150.4484550345888,-4.129397468354431,7.79162612953306,0.0,0.5331258913522624,0.0,0.03430093068628227,1.996072068994962,-0.31242584829549946,-14.748959385125461,-2.1606456571867794,-0.08333333333333341,0.731591157464784,-0.9010465318970958,2.3064894861273157,-1.2133858267716535,-0.07017068545109727,-0.10386343216531896,-0.447224827124377,-0.685033383353949,-0.5910399045571793,Scientific & Technical Instruments,Technology,MVIS
2010Q2,2010,Q2,2010-08-09,2010-06-30,-11073000.0,2088000.0,-11130000.0,-0.96,-1270000.0,-0.6082375478927203,37550000.0,24109000.0,31402000.0,12219000.0,13441000.0,6600000.0,-351760000.0,262750320.0,243747320.0,2.1727894375161942,2.569932073001064,0.016857523302263647,0.026255755112198763,,2.1727894375161942,-0.4592890621759509,125.83827586206897,-5.932229748035763,10.898432950350491,0.0,0.5087878787878788,0.0,0.055605858854860184,1.968982731811114,-0.2948868175765646,-19.711201800450112,-0.6082375478927203,-0.1999999999999999,0.42768274066082235,-0.8930621042676199,2.242378883818286,-1.0516962843295639,-0.21454425797959856,-0.17096265123619148,-1.522167805666165,-0.6149843387847014,-0.18615654553112224,Scientific & Technical Instruments,Technology,MVIS
2010Q1,2010,Q1,2010-05-10,2010-03-31,-9117000.0,668000.0,-9505000.0,-0.8,-619000.0,-0.9266467065868264,46333000.0,33460000.0,40629000.0,11531000.0,12873000.0,3607000.0,-340687000.0,250114260.0,217837260.0,3.0180510299572685,3.5234585031653802,0.016187166814149744,0.022414823670053794,,3.0180510299572685,-0.27247459653317396,374.4225449101796,-6.858458374465284,7.475022713687985,0.0,0.35680621014693653,0.0,0.014417369909136037,3.139276732286879,-0.19677119979280427,-24.798161808447354,-0.9266467065868264,-0.014213836477987442,0.6797781453268946,-0.9593441251079214,57.339034972060695,-3.7615384615384615,-0.04253859348198971,0.16018731224597985,0.35720208724835156,-0.8547665323496926,0.09813558092241619,Scientific & Technical Instruments,Technology,MVIS
2009Q4,2009,Q4,2010-03-10,2009-12-31,-8745000.0,971000.0,-11318000.0,-0.7887882921989334,-130000.0,-0.13388259526261587,53536000.0,41891000.0,48395000.0,10174000.0,11645000.0,926000.0,-331570000.0,281156810.0,239293810.0,3.7785169066329924,4.756732848437193,0.021705020920502093,0.027738655081043662,,3.7785169066329924,-0.20875605738702824,289.55387229660147,-8.03764465408805,6.711628034661383,0.0,1.1889848812095032,0.0,0.01813732815301853,4.585020640849224,-0.16334802749551702,-31.502163585434175,-0.13388259526261587,0.3426764231675555,0.7338805195125554,-0.9290549885910412,0.4120170533392937,0.2571428571428571,0.24121475054229935,-0.21738195116704312,0.5104942141287059,-0.7438482213157703,-0.06898027784217954,Scientific & Technical Instruments,Technology,MVIS
2009Q3,2009,Q3,2009-10-30,2009-09-30,-11525000.0,924000.0,-9297000.0,-1.2,-175000.0,-0.1893939393939394,27752000.0,15915000.0,22472000.0,10252000.0,11837000.0,642000.0,-322825000.0,419457500.0,402038500.0,1.6694420769684652,2.1919625438938746,0.012251369270683194,0.02136349355953503,,1.6694420769684652,-0.7241595978636507,453.9583333333333,-9.098861171366595,26.356110587496072,0.0,1.7118380062305296,0.0,0.03329489766503315,2.0503316426063205,-0.41528538483712885,-57.51508295625943,-0.1893939393939394,0.0,0.6759802692032331,-0.9045132330983096,-0.7036255266818727,-1.108433734939759,-0.10881277660188571,0.01785336995563068,0.24486279588861395,-0.43415648209435365,-0.44758656067117,Scientific & Technical Instruments,Technology,MVIS
2009Q2,2009,Q2,2009-08-07,2009-06-30,-10394000.0,987000.0,-9466000.0,-1.2,-83000.0,-0.08409321175278622,33733000.0,25109000.0,28730000.0,6910000.0,8624000.0,1016000.0,-311300000.0,211464670.0,188206670.0,2.9162178249444692,4.157742402315485,0.010612753090445558,0.014257835835756103,,2.9162178249444692,-0.4139551555219244,214.24991894630193,-5.086219694054262,8.421867457883627,0.0,1.0531496062992125,0.0,0.029259182402988172,3.8591895803183793,-0.30812557436338306,-27.306904700413224,-0.08409321175278622,-0.15384615384615377,0.6189082821326483,-0.8715463684398275,-0.1156481409712327,-1.253822629969419,-0.1724760293288212,-0.0405628229086512,0.4552297503712243,-0.7805383382960162,-0.48800621424064816,Scientific & Technical Instruments,Technology,MVIS
2009Q1,2009,Q1,2009-05-07,2009-03-31,-8865000.0,951000.0,-9097000.0,-1.04,327000.0,0.3438485804416404,27174000.0,19312000.0,22117000.0,6193000.0,7862000.0,1439000.0,-300906000.0,87823200.0,71801200.0,2.2693301997649824,3.5712901663168095,0.013799955840141312,0.01941797845898923,,2.2693301997649824,-0.4590410107705054,92.34826498422713,-2.47668358714044,4.547597348798674,0.0,0.43363446838082004,0.0,0.03499668801059837,3.165670918779267,-0.3262309560609406,-9.642424242424243,0.3438485804416404,0.10357540767750431,0.5823210822930553,-0.899207205692579,-0.6438779269528699,0.13937282229965156,0.10209662716499544,0.10883620689655173,-7.913153874698498,-0.8574972833217346,0.7906122959221941,Scientific & Technical Instruments,Technology,MVIS
2008Q4,2008,Q4,2009-03-06,2008-12-31,-9873000.0,1525000.0,-10208000.0,-1.1601645123384254,287000.0,0.1881967213114754,36964000.0,27651000.0,31884000.0,7537000.0,9313000.0,1525000.0,-292041000.0,114374400.0,89275400.0,3.2492361927144535,4.230330370173809,0.011741153554810086,0.015695634877581282,,3.2492361927144535,-0.35705761093631333,74.99960655737705,-2.8961409905803706,4.13635673212542,0.0,0.8118032786885246,0.0,0.04125635753706309,3.8178320286586174,-0.2670977166973271,-12.653435114503816,0.1881967213114754,-0.11554280032540903,0.40268785340042534,-0.8809893236886305,-0.6258566244931345,0.007017543859649123,-0.1693710766315291,-0.1373816155988858,0.32512851374445434,-0.7914779758814138,3.918895636501606,Scientific & Technical Instruments,Technology,MVIS
2008Q3,2008,Q3,2008-11-07,2008-09-30,-8443000.0,894000.0,-8975000.0,-1.04,285000.0,0.3187919463087248,45297000.0,36860000.0,40193000.0,6556000.0,8437000.0,1806000.0,-282168000.0,125865260.0,95323260.0,4.545076218807318,6.13071995118975,0.00991235622668168,0.012181226261530113,,4.545076218807318,-0.22905588714053174,140.78888143176735,-3.726911642781002,3.4146842105263158,0.0,0.3372093023255814,0.0,0.01973640638452878,5.703325198291641,-0.18639203479259112,-16.757457062974304,0.3187919463087248,0.1875,0.6625979605241276,-0.9043815707674989,0.17243205244277468,-0.6036161335187761,0.08881933952082884,0.03130059363194819,0.7365537476779863,-0.9063283848283618,3.640833941610402,Scientific & Technical Instruments,Technology,MVIS
2008Q2,2008,Q2,2008-08-07,2008-06-30,-9266000.0,1622000.0,-9265000.0,-1.28,719000.0,0.4432799013563502,28992000.0,20651000.0,23709000.0,6351000.0,8341000.0,1406000.0,-273725000.0,156150500.0,146584500.0,2.9095135782466275,3.733112895606991,0.016314845474613687,0.022904459832453636,,2.9095135782466275,-0.4486949784514067,96.27034525277435,-4.212996438592704,7.561401384920827,0.0,0.6422475106685633,0.0,0.05594646799116998,3.331443867107542,-0.319605408388521,-16.159629514643484,0.4432799013563502,-0.7777777777777779,0.5659684684935998,-0.8872898726551053,-0.5758825904211842,-0.5105513955071477,-0.8392219134577213,-0.30640157924421885,0.2513054077894471,-0.870134782633814,2.663630248464539,Scientific & Technical Instruments,Technology,MVIS
2008Q1,2008,Q1,2008-05-09,2008-03-31,-5038000.0,2570000.0,-7092000.0,-0.72,1469000.0,0.5715953307392996,39196000.0,29127000.0,33752000.0,7973000.0,10069000.0,1336000.0,-264459000.0,137286600.0,123178600.0,4.107456372289794,4.233287344788661,0.012373711603224818,0.016651217083805403,,4.107456372289794,-0.17296666323342602,53.41891050583658,-6.812554585152838,4.7133793387578535,0.0,0.8241017964071856,0.0,0.06556791509337688,3.899285087169196,-0.12853352382896213,-25.227232635060638,0.5715953307392996,0.15215875124543343,0.8085062058499757,-0.7957361529929056,-0.6240834506399916,0.34523809523809523,0.16340086350049818,0.10668849981105932,0.7233480483449444,-0.7554562692348249,78.39727942659093,Scientific & Technical Instruments,Technology,MVIS
2007Q4,2007,Q4,2008-03-13,2007-12-31,-6022000.0,2988000.0,-7939000.0,-0.8492155825841706,1092000.0,0.3654618473895582,45298000.0,33061000.0,40079000.0,10036000.0,12237000.0,761000.0,-259421000.0,221247000.0,208350000.0,4.6622245725365765,3.993523316062176,0.011082166983089762,0.015184053718883277,,4.6622245725365765,-0.1821481503886755,74.04518072289157,-9.184946861507804,6.692084328967666,0.0,2.4914586070959266,0.0,0.06596317718221555,3.8001195695496213,-0.13294185173738354,-44.86858649361184,0.3654618473895582,-0.3268993477877666,0.754686094206413,-0.736927702273101,-0.4663444714428304,0.2907801418439716,-0.16886645962732919,-0.21410001529285824,0.7134937068739523,-0.6586815321038185,0.7422551666667891,Scientific & Technical Instruments,Technology,MVIS
2007Q3,2007,Q3,2007-11-02,2007-09-30,-5152000.0,2599000.0,-6539000.0,-0.64,846000.0,0.32550981146594843,50415000.0,38650000.0,44913000.0,9459000.0,11765000.0,1024000.0,-253399000.0,259810320.0,240582320.0,5.498257344050074,4.748176339993657,0.01025488445899038,0.013376455368693403,,5.498257344050074,-0.13329883570504528,99.96549442093112,-12.60725543478261,6.7221298835705054,0.0,1.7119140625,0.0,0.051552117425369436,4.495929802304683,-0.10219180799365268,-48.2739353400223,0.32550981146594843,-0.6,0.7538416770048841,-0.8397788284693469,-0.5883002219884902,-0.15315315315315314,-1.3907192575406033,-0.038595933926302416,0.8035657425562803,-0.635759402784856,-0.023899572802520773,Scientific & Technical Instruments,Technology,MVIS
2007Q2,2007,Q2,2007-08-02,2007-06-30,-2155000.0,2662000.0,-6296000.0,-0.4,999000.0,0.37528174305033807,27079000.0,14541000.0,21601000.0,10126000.0,12538000.0,886000.0,-248681000.0,217860000.0,202215000.0,2.669787937207381,2.1332214102310885,0.01960929133276709,0.03651743346399835,,2.669787937207381,-0.14820163675125508,81.84072126220886,-25.273781902552205,14.982463379409944,0.0,1.8769751693002257,0.0,0.09830495956276081,1.8943314240568834,-0.07958196388345212,-34.94145950280674,0.37528174305033807,0.6875,0.8993424013566823,-0.8253896032346909,-0.8093853913879608,0.061636556854410204,0.6873186302959954,-0.057440376217668794,0.8750932176083628,-0.4523170338328545,-0.19037874836154117,Scientific & Technical Instruments,Technology,MVIS
2007Q1,2007,Q1,2007-05-11,2007-03-31,-6892000.0,2235000.0,-5954000.0,-1.28,941000.0,0.4210290827740492,25364000.0,14806000.0,20126000.0,8034000.0,10558000.0,969000.0,-246526000.0,158600640.0,151841640.0,2.748340990301174,2.5051033109285537,0.021526573095726226,0.036876941780359315,,2.748340990301174,-0.4654869647440227,70.96225503355704,-5.753070226349391,10.711916790490342,0.0,1.3353973168214655,0.0,0.08811701624349472,2.205999502116007,-0.27172370288598013,-27.26033688552767,0.4210290827740492,0.2056583342932842,0.746461659926195,-0.8222031353091106,-0.8511022265980364,6.198895027624309,0.20608224858887225,0.24403250380904012,0.48705415772625416,-0.6258128009223002,-0.5687075900158479,Scientific & Technical Instruments,Technology,MVIS
