Quarters,Year,Quarter,FillingDate,Date,NetIncome,Revenue,OperatingIncome,EPSDiluted,GrossProfit,GrossProfitRatio,TotalAssets,CommonStockEquity,CurrentAssets,CurrentLiability,TotalLiability,Inventory,RetainedEarnings,MarketCap,EnterpriseValue,bookValuePerShare,currentRatio,debtToAssets,debtToEquity,roic,shareholdersEquityPerShare,roe,priceToSalesRatio,peRatio,pbRatio,payoutRatio,inventoryTurnover,dividendYield,assetTurnover,quickRatio,returnOnAssets,priceToFreeCashFlowsRatio,grossProfitMargin,epsdilutedGrowth,fiveYNetIncomeGrowthPerShare,fiveYRevenueGrowthPerShare,fiveYShareholdersEquityGrowthPerShare,grossProfitGrowth,netIncomeGrowth,operatingIncomeGrowth,threeYNetIncomeGrowthPerShare,threeYRevenueGrowthPerShare,threeYShareholdersEquityGrowthPerShare,Industry,Sector,Symbol
2023Q1,2023,Q1,2023-05-04,2023-04-01,100000000.0,797900000.0,124300000.0,1.2,261900000.0,0.3282366211,3767800000.0,2299200000.0,1798300000.0,1121400000.0,1458600000.0,567600000.0,2554700000.0,7128380000.0,7050480000.0,27.83535108958838,1.6036204744069913,0.11996390466585276,0.19659011830201809,0.03660495017145269,27.83535108958838,0.04349338900487126,8.933926557212683,17.82095,3.100374043145442,0.242,0.9443269908386187,0.0033948807442925324,0.21176814055947768,1.0093632958801497,0.026540686872976272,243.28941979522185,0.3282366211304675,-0.13669064748201437,0.05274239393620387,0.23322639488634472,0.4768545133750014,0.05477245267821184,-0.13194444444444445,0.1414141414141414,0.24777285394490384,0.2728283886897599,0.2089096030759413,Specialty Industrial Machinery,Industrials,ITT
2022Q4,2022,Q4,2023-02-15,2022-12-31,115200000.0,774600000.0,108900000.0,1.39,248300000.0,0.3205525432,3780300000.0,2248100000.0,1836800000.0,1185500000.0,1522900000.0,533900000.0,2509700000.0,6706970000.0,6663370000.0,27.183796856106408,1.5493884436946437,0.1369203502367537,0.2302388683777412,0.030184837842166166,27.183796856106408,0.05124327209643699,8.65862380583527,14.55505642361111,2.983394866776389,0.1892361111111111,0.9857651245551602,0.0032503500090204666,0.2049043726688358,1.0037958667229017,0.030473771922863265,50.618641509433964,0.32055254324812804,0.13008130081300806,2.8262221454482637,0.20710719195552668,0.5004651983102404,0.06383890317052271,0.125,-0.10737704918032787,0.7860370393941323,0.1423055522345293,0.14898018424046075,Specialty Industrial Machinery,Industrials,ITT
2022Q3,2022,Q3,2022-11-03,2022-10-01,102400000.0,753600000.0,122000000.0,1.23,233400000.0,0.3097133758,3690200000.0,2057000000.0,1785600000.0,1269100000.0,1624700000.0,525100000.0,2411800000.0,5403618000.0,5510418000.0,24.87303506650544,1.4069813253486723,0.16836485827326433,0.30204180845892076,0.03828541049593681,24.87303506650544,0.04978123480797277,7.170406050955414,13.192426757812502,2.6269411764705883,0.212890625,0.9906684441058846,0.00403433403323477,0.20421657362744566,0.9270349066267434,0.027749173486531897,155.72386167146973,0.30971337579617836,0.3820224719101123,0.2538839483874917,0.24324962740080422,0.32527675336187856,0.050405040504050404,0.3726541554959786,0.21393034825870647,-0.0833484567026434,0.12385660730782765,0.09323812516979253,Specialty Industrial Machinery,Industrials,ITT
2022Q2,2022,Q2,2022-08-04,2022-07-02,74600000.0,733300000.0,100500000.0,0.89,222200000.0,0.3030137734,3699900000.0,2008300000.0,1776400000.0,1303400000.0,1683300000.0,535200000.0,2329900000.0,5609250000.0,5719150000.0,24.167268351383875,1.362897038514654,0.17178842671423553,0.3164865806901359,0.028087078031918806,24.167268351383875,0.03714584474431111,7.649324969316787,18.797754691689008,2.7930339092765024,0.2935656836461126,0.9549701046337817,0.0039042652761064316,0.1981945457985351,0.8911308884456038,0.0201627071001919,142.00632911392404,0.30301377335333424,0.011363636363636374,0.6620847997824872,0.2378368418733653,0.3848764886671023,0.0173992673992674,-0.009296148738379814,0.06236786469344609,0.17992895076273446,0.07622481996680575,0.09646866538420011,Specialty Industrial Machinery,Industrials,ITT
2022Q1,2022,Q1,2022-05-03,2022-04-02,75300000.0,726200000.0,94600000.0,0.88,218400000.0,0.3007435968,3725600000.0,2084900000.0,1904500000.0,1242300000.0,1635400000.0,475600000.0,2334600000.0,6449040000.0,6295240000.0,24.58608490566038,1.5330435482572649,0.1493987545630234,0.26696724063504246,0.02761628109835214,24.58608490566038,0.03611684013621756,8.880528779950426,21.411155378486054,3.093213103745983,0.29747675962815406,1.067703952901598,0.0034733851860121816,0.19492162336267985,1.0675360218948724,0.020211509555507837,-196.61707317073171,0.3007435968052878,-0.29032258064516125,0.7083803322395407,0.21106681560809717,0.45992251352049357,-0.02456453774006253,-0.2942830365510778,-0.1407811080835604,0.09097224059911613,0.07861725648712073,0.15259608141702297,Specialty Industrial Machinery,Industrials,ITT
2021Q4,2021,Q4,2022-02-16,2021-12-31,106700000.0,685400000.0,110100000.0,1.24,223900000.0,0.3266705573,3565400000.0,2225800000.0,1722100000.0,928300000.0,1334700000.0,430900000.0,2461600000.0,8747464000.0,8391564000.0,26.002336448598133,1.8551114941290532,0.0817860548606047,0.1310090753886243,0.03975113896912128,26.002336448598133,0.047937820109623504,12.762567843594981,20.495463917525775,3.9300314493665196,0.17619493908153702,1.071014156416802,0.002149194326492798,0.19223649520390418,1.3176774749542173,0.02992651595893869,104.38501193317423,0.32667055733878025,0.2277227722772277,3.266106100123161,0.20159572609389,0.6096510855378682,0.008558558558558558,0.21942857142857142,0.08259587020648967,1.1039111879423043,0.03392396623170519,0.2498928187539488,Specialty Industrial Machinery,Industrials,ITT
2021Q3,2021,Q3,2021-11-04,2021-10-02,87500000.0,689600000.0,101700000.0,1.01,222000000.0,0.3219257540603248,3454200000.0,2143000000.0,1641800000.0,899200000.0,1309200000.0,413700000.0,2376800000.0,7462992000.0,7168892000.0,24.947613504074504,1.8258451957295374,0.08444791847605813,0.13611759216052263,0.03478256942911959,24.947613504074504,0.0408306112925805,10.822204176334107,21.322834285714283,3.482497433504433,0.216,1.1302876480541455,0.0025324963499893877,0.19964101673325227,1.2940391459074734,0.0253314805164727,85.68303099885189,0.3219257540603248,1.2444444444444445,0.008451352074205458,0.2310335228345005,0.5283840141232458,-0.01157613535173642,1.2435897435897436,-0.43374164810690424,-0.19538625133971066,0.033275781794944344,0.22390845819720348,Specialty Industrial Machinery,Industrials,ITT
2021Q2,2021,Q2,2021-08-06,2021-07-03,39000000.0,691600000.0,179600000.0,0.45,224600000.0,0.3247541931752458,3462300000.0,2138200000.0,1627200000.0,900000000.0,1322000000.0,406200000.0,2353100000.0,8083068000.0,7800468000.0,24.83391405342625,1.808,0.08555006787395662,0.13852773360770743,0.015261235438402958,24.83391405342625,0.018239640819380787,11.687489878542511,51.81453846153846,3.7803142830418106,0.48717948717948717,1.1496799606105368,0.0023505926215145042,0.19975161020131127,1.274,0.011264188545186725,-25.228052434456927,0.3247541931752458,-0.5454545454545455,0.24012067646808868,0.1519008706535486,0.5758094135088164,-0.01921397379912664,-0.5475638051044084,0.6342129208371247,-0.43136088462749766,0.008676131537434843,0.2932020946704736,Specialty Industrial Machinery,Industrials,ITT
2021Q1,2021,Q1,2021-05-07,2021-03-31,86200000.0,698400000.0,109900000.0,0.99,229000000.0,0.32789232531500573,4179700000.0,2106100000.0,1892000000.0,826500000.0,2071800000.0,374700000.0,2329400000.0,7845533000.0,7227133000.0,24.404403244495946,2.2891712038717484,0.03871091226643061,0.07682446227624519,0.03628555135518071,24.404403244495946,0.040928730829495275,11.233581042382589,22.753866009280742,3.7251474288970132,0.22157772621809746,1.2527355217507339,0.0024345063617729986,0.16709333205732468,1.6266182698124623,0.02062348972414288,146.64547663551403,0.32789232531500573,7.187499999999999,1.3929458858229904,0.19045462094502208,0.538366772693708,0.04757548032936871,7.385185185185185,-0.30967336683417085,-0.13144239004483843,0.03316058291456941,0.294819417289065,Specialty Industrial Machinery,Industrials,ITT
2020Q4,2020,Q4,2021-02-19,2020-12-31,-13500000.0,708600000.0,159200000.0,-0.16,218600000.0,0.30849562517640416,4277600000.0,2126400000.0,1917300000.0,871000000.0,2149700000.0,360500000.0,2319300000.0,6654528000.0,6006728000.0,24.61111111111111,2.2012629161882895,0.04956050121563493,0.09969902182091799,-0.03888022838189042,24.61111111111111,-0.006348758465011287,9.391092294665537,-123.232,3.1294808126410834,-2.1703703703703705,1.3592233009708738,0.004403017013377959,0.16565363755376847,1.5917336394948336,-0.003155975313259772,64.9222243902439,0.30849562517640416,0.7037037037037037,-1.3810456403269753,0.10081629507431854,0.617131227108468,0.14690451206715635,0.7115384615384616,3.5472,0.7951543898809523,0.056966590273714326,0.35846055315386816,Specialty Industrial Machinery,Industrials,ITT
2020Q3,2020,Q3,2020-10-30,2020-09-30,-46800000.0,591200000.0,-62500000.0,-0.54,190600000.0,0.32239512855209745,4176400000.0,2020900000.0,1822800000.0,866000000.0,2151900000.0,378500000.0,2341900000.0,5101920000.0,4530720000.0,23.390046296296298,2.104849884526559,0.05054592471985442,0.10445840961947647,-0.02005041323943898,23.390046296296298,-0.02315799891137612,8.629769959404602,-27.253846153846155,2.524578158246326,-0.32264957264957267,1.0583883751651255,0.0029596700849876126,0.14155732209558472,1.4894919168591223,-0.01120582319701178,50.117092337917484,0.32239512855209745,-1.9818181818181817,-1.3705049732211172,0.01632792453526795,0.5338297798642184,0.16503667481662593,-1.975,-4.048780487804878,-1.5485232067510548,-0.06643697961527414,0.246260640635792,Specialty Industrial Machinery,Industrials,ITT
2020Q2,2020,Q2,2020-07-31,2020-06-30,48000000.0,514700000.0,20500000.0,0.55,163600000.0,0.31785506120069945,4151300000.0,2051800000.0,1826800000.0,947600000.0,2096300000.0,384600000.0,2398200000.0,5069262000.0,4586462000.0,23.775202780996523,1.9278176445757704,0.08101076771131935,0.1639048640218345,0.020985159706287188,23.775202780996523,0.023394092991519642,9.848964445307946,26.40240625,2.4706413880495175,0.3,0.9128965158606345,0.002840650177481456,0.12398525763013996,1.3731532292106374,0.011562643027485366,36.89419213973799,0.31785506120069945,-0.42708333333333326,-0.6509585529567631,-0.15219319263816536,0.6818168633895672,-0.218720152817574,-0.4339622641509434,-0.8124428179322964,0.02978323159941245,-0.16338409676845256,0.36240963877116816,Specialty Industrial Machinery,Industrials,ITT
2020Q1,2020,Q1,2020-05-01,2020-03-31,84800000.0,663300000.0,109300000.0,0.96,209400000.0,0.31569425599276346,4276600000.0,2012400000.0,1948200000.0,1107000000.0,2261000000.0,382400000.0,2361800000.0,3964464000.0,3600564000.0,23.02517162471396,1.7598915989159891,0.11130337183744096,0.23653349234744583,0.03276833544907738,23.02517162471396,0.04213873981315842,5.976879240162822,11.687688679245284,1.9700178890876565,0.0023584905660377358,1.1869769874476988,5.044818164574076e-05,0.15509984567179536,1.291237579042457,0.01982883599120797,125.856,0.31569425599276346,0.24675324675324667,1.088000130451089,0.1679727934839943,0.8805377708456547,-0.08157894736842106,0.23976608187134502,0.32806804374240583,0.8666799323450404,0.07326329392199489,0.36723543262693603,Specialty Industrial Machinery,Industrials,ITT
2019Q4,2019,Q4,2020-02-21,2019-12-31,68400000.0,719100000.0,82300000.0,0.77,228000000.0,0.3170629954109303,4107700000.0,2074900000.0,1736800000.0,849700000.0,2029900000.0,392900000.0,2372400000.0,6481907000.0,6052207000.0,23.659064994298745,2.044015534894669,0.04440441122769433,0.08790785098077016,0.02797892231854496,23.659064994298745,0.03296544411778881,9.013916006118759,23.691180555555555,3.1239611547544457,0.38011695906432746,1.249936370577755,0.004011165232700809,0.17506146992234098,1.4222666823584795,0.016651654210385374,57.008856640281444,0.3170629954109303,-0.4253731343283582,1.1153040612554943,0.13551259458899143,0.7799313033820934,-0.014267185473411154,-0.42327150084317033,-0.460327868852459,1.6693007345336905,0.23048899785825092,0.46459298864033877,Specialty Industrial Machinery,Industrials,ITT
2019Q3,2019,Q3,2019-11-01,2019-09-30,118600000.0,711900000.0,152500000.0,1.34,231300000.0,0.324905183312263,4064200000.0,1997600000.0,1706300000.0,888800000.0,2064300000.0,414600000.0,2313600000.0,5372482000.0,5032082000.0,22.751708428246015,1.9197794779477948,0.05297475517937109,0.10777933520224268,0.05139414818177989,22.751708428246015,0.059371245494593515,7.546680713583369,11.3247934232715,2.689468362034441,0.0,1.1591895803183792,0.0,0.17516362383740958,1.3091809180918093,0.029181634762068795,55.38641237113402,0.324905183312263,0.7866666666666667,0.5408845530853833,0.13028635174434225,0.6069523417590678,-0.003017241379310345,0.7754491017964071,0.7732558139534884,0.33730428605017454,0.24334103599417786,0.3938546646974895,Specialty Industrial Machinery,Industrials,ITT
2019Q2,2019,Q2,2019-08-02,2019-06-30,66800000.0,719900000.0,86000000.0,0.75,232000000.0,0.3222669815252118,4041400000.0,1935200000.0,1702400000.0,892400000.0,2104000000.0,421400000.0,2218800000.0,5753534000.0,5468834000.0,22.04100227790433,1.9076647243388616,0.061166922353639824,0.12773873501446878,0.029291005987129134,22.04100227790433,0.034518396031417944,7.9921294624253365,21.532687125748502,2.973095287308805,0.19311377245508982,1.1578073089700998,0.0022421002465615046,0.17813134062453606,1.3000896458987001,0.01652892561983471,130.76213636363636,0.3222669815252118,-0.06250000000000006,0.821597863646907,0.13405329540261882,0.600665168990122,0.0603290676416819,-0.06311360448807854,-0.05077262693156733,1.0829768320462247,0.1758202383542052,0.39858818863468676,Specialty Industrial Machinery,Industrials,ITT
2019Q1,2019,Q1,2019-05-03,2019-03-31,71300000.0,695500000.0,90600000.0,0.8,218800000.0,0.3145938173975557,3937100000.0,1868600000.0,1678900000.0,860500000.0,2065800000.0,396200000.0,2158100000.0,5220084000.0,4860884000.0,21.331050228310502,1.9510749564206857,0.0494780422138122,0.1042491705019801,0.03312255011746533,21.331050228310502,0.038156908915765814,7.505512580877067,18.303239831697056,2.7935802204859255,0.18513323983169705,1.2031802120141342,0.0025286949405411863,0.17665286632292804,1.347239976757699,0.018109776231236187,417.60672,0.3145938173975557,0.35593220338983067,1.3103392041748205,0.07586373806404882,0.5779038449883295,0.039429928741092635,0.3737957610789981,0.3206997084548105,0.9499426171464849,0.16791823252961746,0.34463353064346486,Specialty Industrial Machinery,Industrials,ITT
2018Q4,2018,Q4,2019-02-22,2018-12-31,51900000.0,678400000.0,68600000.0,0.59,210500000.0,0.31028891509433965,3846800000.0,1822400000.0,1645100000.0,872100000.0,2021900000.0,380500000.0,2110300000.0,4228452000.0000005,3783452000.0000005,20.80365296803653,1.886366242403394,0.030206925236560257,0.0637620719929763,0.027218873868690756,20.80365296803653,0.02847892888498683,6.232977594339624,20.36826589595376,2.3202655838454787,0.4508670520231214,1.2296977660972406,0.0055339400801995625,0.17635437246542582,1.2876963650957458,0.013491733388790682,46.3646052631579,0.31028891509433965,-0.528,3.803204500978474,0.08935977561551872,0.5728323809306554,-0.0706401766004415,-0.5320108205590622,-0.502177068214804,0.44484155126721664,0.039463340208670546,0.3669531903966444,Specialty Industrial Machinery,Industrials,ITT
2018Q3,2018,Q3,2018-11-02,2018-09-30,110900000.0,680600000.0,137800000.0,1.25,226500000.0,0.33279459300617104,3844700000.0,1785600000.0,1631900000.0,897700000.0,2056900000.0,391400000.0,2065700000.0,5282280000.0,4902780000.0,20.383561643835616,1.8178678845939624,0.038052383801076804,0.08193324372759857,0.057853802349278116,20.383561643835616,0.06210797491039426,7.761210696444314,11.90775473399459,2.958266129032258,0.1073038773669973,1.1601941747572815,0.0022528150722793947,0.17702291466174214,1.236493260554751,0.028844903373475173,48.32827081427264,0.33279459300617104,0.5822784810126581,-0.7342819854691258,0.10781441309076238,0.6436303385984654,0.0022123893805309734,0.5911047345767575,0.7160647571606475,-0.1340568697529636,0.15398725952292627,0.3366760147868438,Specialty Industrial Machinery,Industrials,ITT
2018Q2,2018,Q2,2018-08-03,2018-06-30,69700000.0,696800000.0,80300000.0,0.79,226000000.0,0.3243398392652124,3799700000.0,1680300000.0,1578600000.0,939600000.0,2117400000.0,393500000.0,1959300000.0,4573625000.0,4334725000.0,19.20342857142857,1.6800766283524904,0.055451746190488725,0.12539427483187526,0.03766820928415927,19.20342857142857,0.04148068797238588,6.563755740528128,16.404680774748925,2.7219097780158306,0.16929698708751795,1.1964421855146123,0.002580010385635027,0.1833828986498934,1.101319710515113,0.01834355343842935,77.38790186125212,0.3243398392652124,-0.307017543859649,1.7910874861572539,0.18170378013319574,1.645922790515383,0.008028545941123996,-0.31126482213438733,-0.2739602169981917,-0.5001136432085133,0.13201873834538594,0.3584174361759913,Specialty Industrial Machinery,Industrials,ITT
2018Q1,2018,Q1,2018-05-04,2018-03-31,101200000.0,689300000.0,110600000.0,1.14,224200000.0,0.32525750761642247,3871500000.0,1658600000.0,1598000000.0,1009100000.0,2211000000.0,404900000.0,1891800000.0,4310240000.0,4119440000.0,18.847727272727273,1.5835893370329996,0.06403202892935554,0.14946340286989027,0.05395975069807624,18.847727272727273,0.06101531412034246,6.253068330190048,10.647826086956522,2.598721813577716,0.001976284584980237,1.1486786860953322,4.640112847544452e-05,0.17804468552240735,1.0364681399266673,0.026139739119204444,344.8192,0.32525750761642247,2.5,4.086538461538461,0.18485994439628115,1.6165548650836112,0.08100289296046287,2.505952380952381,0.6122448979591837,1.4748218527315913,0.20547933041987743,0.5393528269260713,Specialty Industrial Machinery,Industrials,ITT
2017Q4,2017,Q4,2018-02-16,2017-12-31,-67200000.0,683600000.0,68600000.0,-0.76,207400000.0,0.30339379754242246,3700200000.0,1596100000.0,1478700000.0,899400000.0,2102400000.0,311900000.0,1856100000.0,4701897000.0,4475697000.0,18.116912599318955,1.6440960640426951,0.044213826279660556,0.10249984336821001,-0.03755266480595428,18.116912599318955,-0.0421026251488002,6.878140725570509,-17.492176339285713,2.9458661737986342,-0.33630952380952384,1.526771401090093,0.004806570624579824,0.1847467704448408,1.133422281521014,-0.018161180476730987,139.52216617210684,0.30339379754242246,-1.7755102040816326,-3.165888930928658,0.35329198293623687,1.370244538022389,0.02117183653372723,-1.7733026467203683,-0.46322378716744916,-3.0687578520497008,0.07455439755099234,0.3629811602417914,Specialty Industrial Machinery,Industrials,ITT
2017Q3,2017,Q3,2017-11-02,2017-09-30,86900000.0,645000000.0,127800000.0,0.98,203100000.0,0.31488372093023254,3800100000.0,1651600000.0,1465200000.0,925400000.0,2146900000.0,327900000.0,1924500000.0,3895760000.0000005,3691260000.0000005,18.76818181818182,1.5833153231035229,0.050288150311833896,0.11570598207798498,0.04728733035022719,18.76818181818182,0.052615645434729956,6.039937984496125,11.207594936708862,2.3587793654637927,0.12888377445339472,1.3476669716376943,0.002874920426309628,0.1697323754638036,1.088394207910093,0.022867819267914,65.47495798319329,0.31488372093023254,0.8148148148148147,0.25128424657534243,0.21961315802384326,1.255791083916084,-0.006360078277886497,0.8179916317991632,1.2149046793760832,0.12646326276463274,0.02174153650336874,0.3255960016542946,Specialty Industrial Machinery,Industrials,ITT
2017Q2,2017,Q2,2017-08-04,2017-06-30,47800000.0,630900000.0,57700000.0,0.54,204400000.0,0.3239816135679188,3730600000.0,1544400000.0,1404200000.0,892900000.0,2184600000.0,314900000.0,1843600000.0,3555930000.0,3404730000.0,17.45084745762712,1.572628513831336,0.05470969817187584,0.13215488215488216,0.027030482490598962,17.45084745762712,0.03095053095053095,5.6362815026153115,18.597960251046025,2.3024669774669775,0.2384937238493724,1.354398221657669,0.00320591237735276,0.16911488768562696,1.0599171239780492,0.012812952340106149,72.71840490797545,0.3239816135679188,0.03846153846153849,1.98348130212537,0.16573374150675738,1.3446339135193233,0.010380622837370242,0.0391304347826087,0.03776978417266187,0.29316870971072856,-0.014008743001763933,0.26731821641277176,Specialty Industrial Machinery,Industrials,ITT
2017Q1,2017,Q1,2017-05-08,2017-03-31,46000000.0,625800000.0,55600000.0,0.52,202300000.0,0.3232662192393736,3670400000.0,1490400000.0,1378900000.0,885800000.0,2178400000.0,311500000.0,1832600000.0,3630270000.0000005,3494870000.0000005,16.840677966101694,1.5566719349740348,0.058059067131647775,0.14298174986580783,0.027218757431565325,16.840677966101694,0.030864197530864196,5.801006711409396,19.729728260869567,2.435768921095008,0.004347826086956522,1.3595505617977528,5.5092320956843426e-05,0.17049912816041848,1.0447053510950552,0.012532693984306887,-349.0644230769231,0.3232662192393736,0.7931034482758622,15.33822975517891,0.15565490702934517,1.1965088965468738,0.16666666666666666,0.7829457364341085,1.3559322033898304,0.47538337368845834,-0.04179919840182936,0.24574131280486794,Specialty Industrial Machinery,Industrials,ITT
2016Q4,2016,Q4,2017-02-17,2016-12-31,25800000.0,588400000.0,23600000.0,0.29,173400000.0,0.2946974847042828,3601700000.0,1426400000.0,1401800000.0,866200000.0,2173300000.0,295200000.0,1789200000.0,3405731000.0,3159331000.0,16.154020385050963,1.6183329485107365,0.05949968070633312,0.15023836231071228,0.013973097254282921,16.154020385050963,0.0180874929893438,5.788122025832767,33.00126937984496,2.3876409141895683,0.8527131782945736,1.4058265582655827,0.006459699841238196,0.1633672987755782,1.13668898637728,0.007163284004775523,59.33329268292683,0.2946974847042828,-0.71,1.055106228765572,1.0945503881966145,1.1949915307064924,-0.057096247960848286,-0.7136514983351832,-0.8249258160237388,1.3687914576929299,-0.06265047769513307,0.2213031231995233,Specialty Industrial Machinery,Industrials,ITT
2016Q3,2016,Q3,2016-11-04,2016-09-30,90100000.0,581700000.0,134800000.0,1.0,183900000.0,0.31614234141309955,3717600000.0,1456000000.0,1515800000.0,938900000.0,2259900000.0,305100000.0,1771200000.0,3196928000.0000005,2973028000.0000005,16.32286995515695,1.6144424326339333,0.06775876909834301,0.17300824175824175,0.05187491932852602,16.32286995515695,0.061881868131868134,5.49583634175692,8.870499445061043,2.195692307692308,0.0011098779134295228,1.303834808259587,3.128002882767457e-05,0.1564719173660426,1.1566727020982,0.02423606627931999,61.716756756756766,0.31614234141309955,1.777777777777778,0.2011002357134645,-0.7970980823240764,-0.6433577883767239,-0.10554474708171206,1.7469512195121952,1.7232323232323232,-0.7879913916338092,-0.07014895814177205,0.31619609664275106,Specialty Industrial Machinery,Industrials,ITT
2016Q2,2016,Q2,2016-08-04,2016-06-30,32800000.0,626200000.0,49500000.0,0.36,205600000.0,0.3283296071542638,3750300000.0,1415200000.0,1527800000.0,916300000.0,2333500000.0,299300000.0,1734600000.0,2871804000.0,2657504000.0,15.759465478841872,1.6673578522318018,0.0583953283737301,0.15474844544940644,0.01968853261534696,15.759465478841872,0.023176936122102882,4.586081124241456,21.888749999999998,2.0292566421707177,0.3384146341463415,1.4052789842966922,0.003865166285721449,0.1669733088019625,1.1770162610498744,0.008745966989307522,71.97503759398496,0.3283296071542638,-0.1219512195121951,-0.7985655955032347,-0.7863512464500771,-0.7065686341208401,0.05273937532002048,-0.12299465240641712,-0.029411764705882353,0.2798121579392621,0.034773414913421,1.171400212295847,Specialty Industrial Machinery,Industrials,ITT
2016Q1,2016,Q1,2016-05-05,2016-03-31,37400000.0,609100000.0,51000000.0,0.41,195300000.0,0.3206370054178296,3809200000.0,1421400000.0,1566200000.0,954000000.0,2386300000.0,301300000.0,1727200000.0,3305344000.0,3149644000.0,15.863839285714286,1.641719077568134,0.07224614092197837,0.19361193189812861,0.022926176897405358,15.863839285714286,0.026312086675109047,5.426603185027089,22.094545454545454,2.3254143801885463,0.3048128342245989,1.3733820112844342,0.003448960229252991,0.1599023416990444,1.159748427672956,0.009818334558437468,-423.7620512820513,0.3206370054178296,0.0,-0.6886250720046083,-0.7721687774974121,-0.6922388561391419,-0.029806259314456036,0.01907356948228883,-0.05204460966542751,0.8462396978021979,0.028305127542631627,1.2023135872728448,Specialty Industrial Machinery,Industrials,ITT
2015Q4,2015,Q4,2016-02-22,2015-12-31,36700000.0,666800000.0,53800000.0,0.41,201300000.0,0.3018896220755849,3723600000.0,1362100000.0,1497700000.0,953100000.0,2358200000.0,292700000.0,1696700000.0,3250640000.0,3080640000.0,15.218994413407822,1.5713985940614836,0.06598453109893651,0.18038323177446589,0.02275950516043817,15.218994413407822,0.02694368989061009,4.8749850029994,22.1433242506812,2.3864914470303207,0.5776566757493188,1.5903655620088828,0.006521792631604853,0.17907401439467183,1.1179309621235967,0.00985605328177033,54.632605042016806,0.3018896220755849,-0.7172413793103449,-0.858995659487861,-0.7729321785868775,-0.6875123233651003,0.032837352488455616,-0.7192042846212701,-0.4821944177093359,0.16435616249396506,0.29938521009293334,0.9911084841204774,Specialty Industrial Machinery,Industrials,ITT
2015Q3,2015,Q3,2015-10-30,2015-09-30,130700000.0,601900000.0,103900000.0,1.45,194900000.0,0.32380794151852466,3478300000.0,1363300000.0,1571100000.0,717200000.0,2111400000.0,299700000.0,1665300000.0,2988642000.0,2494242000.0,15.249440715883669,2.1906023424428334,0.0030187160394445564,0.007701899801951148,0.06763911306671078,15.249440715883669,0.09587031467762049,4.965346403056986,5.716606732976281,2.19221154551456,0.0811017597551645,1.3580246913580247,0.0035467613718872986,0.17304430325158843,1.5100390407138873,0.03757582727194319,72.89370731707317,0.32380794151852466,-0.08227848101265829,-0.07190195170870928,-0.7655158702951784,-0.6757424306082025,-0.08882655446470314,-0.08151791988756149,-0.36838905775075986,0.8524945603873617,0.12029367295632405,0.8328654706590948,Specialty Industrial Machinery,Industrials,ITT
2015Q2,2015,Q2,2015-07-31,2015-06-30,142300000.0,628200000.0,164500000.0,1.58,213900000.0,0.3404966571155683,3575700000.0,1262400000.0,1633400000.0,816000000.0,2307900000.0,294900000.0,1540900000.0,3736312000.0000005,3307612000.0000005,14.136618141097424,2.00171568627451,0.01921302122661297,0.05442015209125475,0.10589517283105719,14.136618141097424,0.11272179974651457,5.947647246099969,6.564146170063247,2.95968948035488,0.0,1.404883011190234,0.0,0.1756858796878933,1.3640931372549019,0.03979640350141231,58.839559055118116,0.3404966571155683,2.4347826086956523,-0.3840232621604072,-0.7637116725069881,-0.6766362831971748,0.07487437185929648,2.380047505938242,1.8411053540587219,7.802218311736789,0.15034625649323427,0.8993458281364426,Specialty Industrial Machinery,Industrials,ITT
2015Q1,2015,Q1,2015-05-01,2015-03-31,42100000.0,588700000.0,57900000.0,0.46,199000000.0,0.33803295396636657,3572600000.0,1109300000.0,1638700000.0,834500000.0,2458000000.0,287600000.0,1401700000.0,3615845999.9999995,3159245999.9999995,12.2439293598234,1.9636908328340323,0.03176957957789845,0.10231677634544308,0.03223497809693427,12.2439293598234,0.03795186153430091,6.142085952097842,21.471769596199525,3.259574506445506,0.0,1.3550069541029208,0.0,0.16478195151990147,1.3452366686638706,0.011784134803784358,-162.14556053811657,0.33803295396636657,0.2777777777777779,-0.7083019595391454,-0.7740809248409692,-0.7136626369411038,-0.08252650991240203,0.24925816023738873,0.31890660592255127,13.606438557763063,0.061944249964610947,0.5969606343448776,Specialty Industrial Machinery,Industrials,ITT
2014Q4,2014,Q4,2015-02-20,2014-12-31,33700000.0,660000000.0,43900000.0,0.36,216900000.0,0.3286363636363636,3631500000.0,1214900000.0,1636200000.0,775400000.0,2411200000.0,302300000.0,1445100000.0,3698044000.0,3115544000.0,13.292122538293217,2.1101367036368326,0.0004130524576621231,0.0012346695201251132,0.029259623642214735,13.292122538293217,0.02773890855214421,5.60309696969697,27.433560830860536,3.0439081405877024,0.6023738872403561,1.4657624875951043,0.005489388444269457,0.18174308137133416,1.405081248387929,0.009279911882142366,54.543421828908556,0.3286363636363636,-0.5813953488372093,-0.8303605560095964,-0.769381729225655,-0.6858873654347076,-0.013642564802182811,-0.5803237858032378,-0.633249791144528,1.069538512035011,1.1024587600116158,0.8061198204049718,Specialty Industrial Machinery,Industrials,ITT
2014Q3,2014,Q3,2014-10-31,2014-09-30,80300000.0,657100000.0,119700000.0,0.86,219900000.0,0.3346522599299954,3706700000.0,1296900000.0,1709600000.0,815300000.0,2405000000.0,312800000.0,1449500000.0,4116504000.0,3595504000.0,14.158296943231441,2.096896847786091,0.00043165079450724364,0.0012337111573752794,0.06274660807719315,14.158296943231441,0.06191687871077184,6.264653781768376,12.81601494396015,3.1741105713624793,0.12577833125778332,1.39769820971867,0.0024535382450739753,0.17727358566919363,1.4220532319391634,0.02166347424933229,224.9455737704918,0.3346522599299954,1.0975609756097562,0.3573023832432831,-0.7570869241192522,-0.6395417001298201,0.023743016759776536,1.0966057441253263,1.1963302752293579,0.042411963945806694,-0.7768032143898256,-0.6906520514759208,Specialty Industrial Machinery,Industrials,ITT
2014Q2,2014,Q2,2014-07-31,2014-06-30,38300000.0,663000000.0,54500000.0,0.41,214800000.0,0.3239819004524887,3812500000.0,1262700000.0,1757600000.0,839900000.0,2545400000.0,309000000.0,1381000000.0,4410770000.0,3907270000.0,13.76990185387132,2.0926300750089295,0.006347540983606558,0.01916528074760434,0.032625056480833935,13.76990185387132,0.03033182862120852,6.652745098039215,28.79092689295039,3.4931258414508592,0.0,1.4504854368932039,0.0,0.17390163934426228,1.4285033932611024,0.010045901639344263,66.12848575712144,0.3239819004524887,0.17142857142857143,-0.8107643983933621,-0.7626811309948769,-0.6367436992871472,0.0,0.18944099378881987,0.12836438923395446,-0.7696620060237835,-0.7784826080559449,-0.7436130613422071,Specialty Industrial Machinery,Industrials,ITT
2014Q1,2014,Q1,2014-05-01,2014-03-31,32200000.0,674500000.0,48300000.0,0.35,214800000.0,0.3184581171237954,3783700000.0,1235600000.0,1714400000.0,834100000.0,2544100000.0,289800000.0,1356100000.0,3908264000.0,3421964000.0,13.518599562363239,2.055389042081285,0.007611597113936094,0.02330851408222726,0.0276787677145722,13.518599562363239,0.026060213661379086,5.794312824314307,30.34366459627329,3.1630495305924247,0.0,1.5862663906142167,0.0,0.17826466157464915,1.410742117252128,0.008510188439886884,-119.88539877300613,0.3184581171237954,1.9166666666666665,-0.8258605053622984,-0.7373790074522844,-0.6099950669958296,0.029721955896452542,1.875,0.725,-0.7371973600621162,-0.7526747772175182,-0.7377369002687502,Specialty Industrial Machinery,Industrials,ITT
2013Q4,2013,Q4,2014-02-21,2013-12-31,11200000.0,645500000.0,28000000.0,0.12,208600000.0,0.3231603408210689,3740200000.0,1201000000.0,1665500000.0,832600000.0,2533300000.0,315900000.0,1320300000.0,3942536000.0,3475036000.0,13.226872246696034,2.0003603170790294,0.010641142184909897,0.03313905079100749,0.009925078546684925,13.226872246696034,0.0093255620316403,6.107724244771495,88.00303571428572,3.282711074104913,1.6160714285714286,1.3830326052548274,0.004590953639992126,0.17258435377787285,1.3414604852269998,0.002994492273140474,60.2834250764526,0.3231603408210689,-0.9744136460554371,-0.939489651733023,-0.7803321541027501,-0.6066389834800684,0.028092656481025137,-0.9739958207569074,-0.6363636363636364,-0.9575847894797176,-0.78333266806494,-0.7284160526483057,Specialty Industrial Machinery,Industrials,ITT
2013Q3,2013,Q3,2013-10-31,2013-09-30,430700000.0,634000000.0,77000000.0,4.69,202900000.0,0.3200315457413249,3795300000.0,1121100000.0,1691500000.0,862100000.0,2669300000.0,297400000.0,1305000000.0,3249880000.0000005,2837080000.0000005,12.401548672566372,1.9620693655028418,0.017864200458461783,0.06047631790206048,0.3542106647056945,12.401548672566372,0.3841762554633842,5.125993690851736,1.8863942419317392,2.8988315047720987,0.020896215463199443,1.449562878278413,0.0027693330215269483,0.16704871815139777,1.3064609674051735,0.11348246515426975,-515.8539682539683,0.3200315457413249,15.749999999999998,0.9890132313772662,-0.7800511677955158,-0.7461958966677825,0.02578361981799798,15.693798449612403,0.8599033816425121,2.0245601922490084,-0.7557427534412156,-0.7362987860222374,Specialty Industrial Machinery,Industrials,ITT
2013Q2,2013,Q2,2013-08-01,2013-06-30,25800000.0,609200000.0,41400000.0,0.28,197800000.0,0.324688115561392,3365800000.0,656100000.0,1570600000.0,841500000.0,2705300000.0,308500000.0,872600000.0,2735504000.0,2259504000.0,7.257743362831858,1.8664289958407605,0.012389327945807832,0.06355738454503887,0.03753487637531367,7.257743362831858,0.039323273891175126,4.49032173342088,26.506821705426358,4.169340039628105,0.36046511627906974,1.33354943273906,0.0033997391339950513,0.18099708835937964,1.251455733808675,0.007665339592370314,47.40908145580589,0.324688115561392,0.2727272727272728,-0.8831287790814079,-0.8009614915292224,-0.8497585035142771,0.03832020997375328,0.2403846153846154,0.11290322580645161,-0.889677995091842,-0.7736464764932618,-0.8339849852360689,Specialty Industrial Machinery,Industrials,ITT
2013Q1,2013,Q1,2013-05-02,2013-03-31,20800000.0,608200000.0,37200000.0,0.22,190500000.0,0.3132193357448208,3373600000.0,662700000.0,1569800000.0,842900000.0,2706600000.0,314900000.0,882200000.0,2584280000.0,2146080000.0,7.203260869565217,1.8623798789892039,0.013309224567227888,0.06775313113022484,0.029714650871285674,7.203260869565217,0.03138675116945828,4.249062808286748,31.061057692307692,3.899622755394598,0.0,1.3264528421721182,0.0,0.1802821911311359,1.3103571004864158,0.006165520512212474,-87.90068027210884,0.3132193357448208,-0.37530864197530867,-0.8811695373953512,-0.7871678786996182,-0.8450773359124908,0.15594660194174756,-0.35802469135802467,0.8235294117647058,-0.8580762358546754,-0.7701493946691298,-0.8315440523869221,Specialty Industrial Machinery,Industrials,ITT
2012Q4,2012,Q4,2013-02-27,2012-12-31,32400000.0,527500000.0,20400000.0,0.3521739130434783,164800000.0,0.3124170616113744,3386100000.0,703200000.0,1540400000.0,805300000.0,2682900000.0,304200000.0,898800000.0,2158320000.0,1630820000.0,7.643478260869565,1.912827517695269,0.0,0.0,0.03533090548553778,7.643478260869565,0.04607508532423208,4.091601895734597,16.6537037037037,3.0692832764505122,0.5246913580246914,1.1923076923076923,0.007876496534341524,0.15578394022621894,1.2703340370048428,0.009568530167449277,79.05934065934066,0.3124170616113744,-0.5484949832775919,-0.7989961273311544,-0.7951360769668553,-0.8249370662975144,-0.023696682464454975,-0.5561643835616439,-0.44715447154471544,-0.8379681770560503,-0.8168821805339446,-0.8193732350234134,Specialty Industrial Machinery,Industrials,ITT
2012Q3,2012,Q3,2012-11-02,2012-09-30,73000000.0,555900000.0,36900000.0,0.78,168800000.0,0.3036517359237273,3314600000.0,769600000.0,1714500000.0,741100000.0,2545000000.0,268700000.0,913300000.0,1848150000.0,1086150000.0,8.32,2.313452975306976,0.0,0.0,0.06940896940896941,8.32,0.09485446985446985,3.3246087425796005,6.329280821917808,2.4014423076923075,0.0,1.440640119091924,0.0,0.16771254450009052,1.6464714613412494,0.022023773607675136,32.7686170212766,0.3036517359237273,3.333333333333334,-0.6909780706390877,-0.7517528660147401,-0.7827783251231527,-0.028209556706966035,3.3452380952380953,-0.36048526863084923,0.22190563444800734,-0.7964974567925229,-0.7881798166160363,Specialty Industrial Machinery,Industrials,ITT
2012Q2,2012,Q2,2012-08-03,2012-06-30,16800000.0,567500000.0,57700000.0,0.18,173700000.0,0.306079295154185,3703600000.0,690700000.0,1829600000.0,921900000.0,3012900000.0,259700000.0,850500000.0,1633280000.0000002,934480000.0000002,7.442887931034483,1.98459702787721,0.010881304676530942,0.058346604893586215,0.024275885350928242,7.442887931034483,0.024323150427102938,2.878026431718062,24.304761904761907,2.3646735196177793,0.4880952380952381,1.51636503658067,0.005020572100313479,0.15322929042013175,1.4510250569476082,0.004536127011556324,23.36595135908441,0.306079295154185,5.0,-0.9236300485695385,-0.7520154512028094,-0.7799356028262516,0.004046242774566474,4.6,0.5594594594594594,-0.9179771770023628,-0.7992729200260482,-0.8036532166213077,Specialty Industrial Machinery,Industrials,ITT
2012Q1,2012,Q1,2012-05-04,2012-03-31,3000000.0,577000000.0,37000000.0,0.03,173000000.0,0.29982668977469673,3749000000.0,723000000.0,1859000000.0,925000000.0,3026000000.0,268000000.0,839000000.0,2163242000.0,1458242000.0,7.667020148462354,2.0097297297297296,0.006134969325153374,0.0318118948824343,0.014170815779394868,7.667020148462354,0.004149377593360996,3.7491195840554594,180.27016666666668,2.992035961272476,3.0,1.507462686567164,0.004160422181152178,0.15390770872232595,1.4378378378378378,0.0008002133902373967,540.8105,0.29982668977469673,1.005658,-0.9794122102711711,-0.7322317773116934,-0.7609909419362456,1.0948464912280702,1.006,1.0436835891381346,-0.9842747642222661,-0.7822501820871528,-0.7788102483878914,Specialty Industrial Machinery,Industrials,ITT
2011Q4,2011,Q4,2012-02-29,2011-12-31,-500000000.0,-6646000000.0,-847000000.0,-5.302226935312832,-1824000000.0,-0.2744507974721637,3671000000.0,694000000.0,1762000000.0,834000000.0,2977000000.0,254000000.0,852000000.0,1822818999.9999998,1138818999.9999998,7.35949098621421,2.1127098321342928,0.0016344320348678834,0.008645533141210375,-1.316066897347174,7.35949098621421,-0.7204610951008645,-0.2742730965994583,-0.9114094999999999,2.6265403458213252,-0.018,-18.984251968503937,0.004937407389323899,-1.8104058839553254,1.3021582733812949,-0.13620266957232363,-9.493848958333333,0.2744507974721637,-7.312174922991466,-4.411802275137377,-4.1127745129579,-0.7672542993050099,-3.1358313817330212,-7.410256410256411,-6.572368421052632,-3.60109245883271,-3.1777335275382717,-0.7811321678010742,Specialty Industrial Machinery,Industrials,ITT
2011Q3,2011,Q3,2011-10-28,2011-09-30,78000000.0,2981000000.0,152000000.0,0.84,854000000.0,0.2864810466286481,15088000000.0,4245000000.0,6547000000.0,4176000000.0,10843000000.0,1011000000.0,5709000000.0,7791000000.0,8278000000.0,45.76819407008086,1.5677681992337165,0.21029957582184516,0.7474676089517079,0.011191073687703508,45.76819407008086,0.018374558303886925,2.6135524991613552,24.971153846153847,1.8353356890459365,0.5897435897435898,2.1038575667655786,0.00590424849184957,0.19757423117709438,1.1695402298850575,0.0051696712619300105,41.88709677419355,0.2864810466286481,-0.5333333333333333,-0.46054828742357506,0.47843780260479396,0.3370238857984585,0.016666666666666666,-0.5357142857142857,-0.4153846153846154,-0.6489152906079083,0.007972980854230163,-0.06333025303621663,Specialty Industrial Machinery,Industrials,ITT
2011Q2,2011,Q2,2011-08-01,2011-06-30,168000000.0,3024000000.0,260000000.0,1.8,840000000.0,0.2777777777777778,13100000000.0,4976000000.0,5018000000.0,2960000000.0,8124000000.0,980000000.0,5676000000.0,10919729000.0,11187729000.0,53.70750134916352,1.6952702702702702,0.10900763358778626,0.2869774919614148,0.027502971932864544,53.70750134916352,0.03376205787781351,3.6110214947089947,16.249596726190475,2.1944793006430867,0.27380952380952384,2.2285714285714286,0.004212558754892177,0.23083969465648854,1.135135135135135,0.01282442748091603,102.05354205607476,0.2777777777777778,0.3636363636363636,0.18590036987571598,0.45446129797320534,0.6350004127272609,0.07006369426751592,0.3548387096774194,0.3829787234042553,-0.25745947015113085,-0.03598895997558767,0.11179122377494367,Specialty Industrial Machinery,Industrials,ITT
2011Q1,2011,Q1,2011-05-02,2011-03-31,124000000.0,2760000000.0,188000000.0,1.32,785000000.0,0.28442028985507245,12726000000.0,4768000000.0,4710000000.0,2769000000.0,7958000000.0,950000000.0,5539000000.0,11109250000.0,11474250000.0,51.545945945945945,1.7009750812567714,0.11307559327361308,0.30180369127516776,0.02231775669235922,51.545945945945945,0.026006711409395974,4.025090579710145,22.3976814516129,2.3299601510067114,0.7419354838709677,2.0789473684210527,0.00828138713234467,0.21687883074021688,1.1202600216684724,0.009743831526009744,-411.4537037037037,0.28442028985507245,-0.5460966542750929,-0.20633808921172614,0.4597087149162201,0.6628305643823608,-0.1354625550660793,-0.5390334572490706,-0.4820936639118457,-0.2954168828514378,-0.0393925852876822,0.10861391992578164,Specialty Industrial Machinery,Industrials,ITT
2010Q4,2010,Q4,2011-02-24,2010-12-31,269000000.0,3035000000.0,363000000.0,2.908108108108108,908000000.0,0.29917627677100495,12438000000.0,4505000000.0,4394000000.0,2745000000.0,7933000000.0,856000000.0,5409000000.0,9640350000.0,9973350000.0,48.7027027027027,1.600728597449909,0.10974433188615533,0.3029966703662597,0.04918258166711497,48.7027027027027,0.05971143174250832,3.1763920922570015,8.959433085501859,2.13992230854606,0.0,2.4848130841121496,0.0,0.24401029104357613,1.0841530054644808,0.021627271265476766,22.62992957746479,0.29917627677100495,0.8641718641718641,4.195456885456886,0.8540699386787303,0.6506056618416168,0.18229166666666666,0.8551724137931035,12.34375,0.6598077546908879,0.17232441837970378,0.11546572429253418,Specialty Industrial Machinery,Industrials,ITT
2010Q3,2010,Q3,2010-11-01,2010-09-30,145000000.0,2643000000.0,-32000000.0,1.56,768000000.0,0.2905788876276958,12460000000.0,4329000000.0,4258000000.0,2792000000.0,8131000000.0,942000000.0,0.0,8621403000.0,9352403000.0,47.02878870179251,1.5250716332378222,0.13186195826645264,0.3795333795333795,0.0013395847287340924,47.02878870179251,0.033495033495033494,3.2619761634506244,14.864487931034484,1.9915460845460844,0.31724137931034485,1.9904458598726114,0.005335558493205804,0.2121187800963082,1.0111031518624642,0.011637239165329053,37.484360869565215,0.2905788876276958,-0.390625,-0.23110760275499695,0.3763485316755522,0.7543946368628639,-0.016645326504481434,-0.3907563025210084,-1.0987654320987654,-0.3831886143544326,0.18604911080047734,0.22784522226354811,Specialty Industrial Machinery,Industrials,ITT
2010Q2,2010,Q2,2010-08-02,2010-06-30,238000000.0,2739000000.0,324000000.0,2.56,781000000.0,0.285140562248996,11015000000.0,4022000000.0,4093000000.0,2474000000.0,6993000000.0,813000000.0,5058000000.0,8265280000.0,8890280000.0,43.71739130434783,1.654405820533549,0.13336359509759418,0.36524117354549973,0.043722216085337856,43.71739130434783,0.0591745400298359,3.017626871120847,8.68201680672269,2.0550174042764793,0.18907563025210083,2.408364083640836,0.005444461651631887,0.24866091693145712,1.0804365400161682,0.021606899682251476,36.73457777777778,0.285140562248996,0.620253164556962,0.7340311325818573,0.3856048415384885,0.7121160969922372,0.07280219780219781,0.6301369863013698,0.296,0.09131553783239398,0.2072881483553126,0.29259522010067446,Specialty Industrial Machinery,Industrials,ITT
2010Q1,2010,Q1,2010-05-03,2010-03-31,146000000.0,2636000000.0,250000000.0,1.58,728000000.0,0.27617602427921095,11200000000.0,3919000000.0,4027000000.0,2667000000.0,7281000000.0,821000000.0,4850000000.0,9826713000.0,10600713000.0,42.76050190943808,1.509936257967754,0.14767857142857144,0.4220464404184741,0.029369662667296438,42.76050190943808,0.03725440163306966,3.7278880880121394,16.82656335616438,2.5074541974993623,0.5821917808219178,2.3239951278928137,0.008649891372628874,0.23535714285714285,1.0247469066366703,0.013035714285714286,393.06852,0.27617602427921095,-0.2730572289156626,0.26210696131251343,0.40974724415112995,0.6836423198708022,-0.1316793893129771,-0.26706827309236947,-0.13194444444444445,0.030909516015899103,0.2586583235918669,0.3330012293965143,Specialty Industrial Machinery,Industrials,ITT
2009Q4,2009,Q4,2010-03-01,2009-12-31,199200000.0,2869700000.0,288000000.0,2.1734860883797054,838400000.0,0.2921559744921072,11129100000.0,3878300000.0,4255800000.0,2615600000.0,7250800000.0,802300000.0,4736800000.0,9117342000.0,9407542000.0,42.316421167485,1.6270836519345466,0.1353029445328014,0.3882628986927262,0.03945251566515485,42.316421167485,0.05136271046592579,3.177106317733561,11.442447289156627,2.3508604285382773,0.19427710843373494,2.531845942914122,0.004244658147078392,0.25785553189386384,1.1516669215476372,0.017899021484217053,114.2524060150376,0.2921559744921072,2.3960720130932893,0.6497760358342666,0.49898987669580064,0.6670105308403181,0.08264462809917356,2.376271186440678,2.1067961165048543,0.3985642017556911,0.3829390694959079,0.33826715923420164,Specialty Industrial Machinery,Industrials,ITT
2009Q3,2009,Q3,2009-11-03,2009-09-30,59000000.0,2697700000.0,92700000.0,0.64,774400000.0,0.28705934685102125,11544400000.0,3588100000.0,4396800000.0,2803600000.0,7956300000.0,815400000.0,4556700000.0,9527805000.0,9862605000.0,39.278598795840175,1.5682693679554858,0.14574165829319843,0.4689111228784036,0.014901368489346308,39.278598795840175,0.016443242941946993,3.5318252585535825,40.37205508474576,2.6553900392965635,0.6576271186440678,2.358719646799117,0.004072291571878308,0.23368039915456845,1.1297260664859465,0.005110703024843214,20.95404662414779,0.28705934685102125,-0.7090909090909091,-0.4570712735400883,0.6344395867009087,0.7796066507245475,-0.005649717514124294,-0.7070506454816285,-0.6982421875,-0.5856996008383729,0.3584388739450008,0.14744367475629572,Specialty Industrial Machinery,Industrials,ITT
2009Q2,2009,Q2,2009-08-03,2009-06-30,201400000.0,2780000000.0,307200000.0,2.2,778800000.0,0.2801438848920863,10551900000.0,3459000000.0,4133300000.0,2780800000.0,7092900000.0,858000000.0,4533300000.0,8121250000.0,8913950000.0,37.90684931506849,1.48637082853855,0.17169419725357518,0.5237640936686904,0.041346062017498665,37.90684931506849,0.05822492049725354,2.9213129496402876,10.080995531281033,2.3478606533680257,0.1916583912611718,2.3324009324009323,0.004752962905956596,0.2634596612932268,1.0498058112773303,0.01908660999440859,27.362702156334233,0.2801438848920863,0.08910891089108919,0.820876712328767,0.7035011294634532,0.8154734238907004,0.16395157674488117,0.09397066811515481,0.38690744920993225,0.4434805603896671,0.3576184429044886,0.1539861791818836,Specialty Industrial Machinery,Industrials,ITT
2009Q1,2009,Q1,2009-04-27,2009-03-31,184100000.0,2557100000.0,221500000.0,2.02,669100000.0,0.261663603300614,10297800000.0,3154300000.0,3953100000.0,3834500000.0,7143500000.0,826200000.0,4358700000.0,7001540000.0,8067940000.0,34.66263736263736,1.0309297170426392,0.19202159684592826,0.6268902767650509,0.040966489734192715,34.66263736263736,0.058364771898677996,2.7380782918149467,9.507794676806084,2.2196810702850076,0.17273221075502446,2.2851609779714357,0.004541857934111639,0.24831517411485948,0.7209805711305255,0.017877604925323854,42.48507281553398,0.261663603300614,-0.00905660377358483,1.1004499437570303,0.7109505904083385,0.7135458350229922,-0.18072731725235705,-0.007547169811320755,-0.08922697368421052,0.19775497113534307,0.37469125987173374,0.11818867208563837,Specialty Industrial Machinery,Industrials,ITT
2008Q4,2008,Q4,2009-02-25,2008-12-31,185500000.0,2945000000.0,243200000.0,2.0384615384615383,816700000.0,0.2773174872665535,10480200000.0,3059900000.0,4064200000.0,4030500000.0,7420300000.0,803800000.0,4203000000.0,8370180000.0,9552180000.0,33.62527472527473,1.0083612455030393,0.20485296082135837,0.7016242360861467,0.03942895853474328,33.62527472527473,0.060622896173077555,2.8421663837011883,11.28056603773585,2.735442334716821,0.17142857142857143,2.6477979596914656,0.0037992014508648557,0.2810060876700826,0.7259645205309515,0.01770004389229213,77.4299722479186,0.2773174872665535,-0.13624511082138202,0.7405180388529138,0.9693245177817963,0.6797168680753681,0.007401011471567781,-0.1423948220064725,-0.25853658536585367,3.239880952380952,0.8287445993457994,0.1396096266221845,Specialty Industrial Machinery,Industrials,ITT
2008Q3,2008,Q3,2008-10-27,2008-09-30,216300000.0,2879300000.0,328000000.0,2.36,810700000.0,0.2815614906400861,10636900000.0,4412300000.0,4020800000.0,4058800000.0,6224600000.0,881900000.0,4035500000.0,10043166000.0,11227266000.0,48.862679955703214,0.9906376268847935,0.20131805319218946,0.4853251138861818,0.03376716984646304,48.862679955703214,0.04902205199102509,3.488058208592366,11.607912621359224,2.2761747841261926,0.14748035136384652,2.345617416940696,0.00317628922991017,0.27068976863559874,0.7091997634768897,0.020334872002181086,28.613008547008548,0.2815614906400861,-0.016666666666666684,1.024640088593577,1.140104618629518,2.039715144511294,-0.06504440087648483,-0.021266968325791856,-0.07553551296505073,0.16920355286919977,0.5284605027579783,0.82280739145988,Specialty Industrial Machinery,Industrials,ITT
2008Q2,2008,Q2,2008-07-25,2008-06-30,221000000.0,3064100000.0,354800000.0,2.4,867100000.0,0.28298684768773863,10803200000.0,4371800000.0,4124500000.0,4253500000.0,6431400000.0,923400000.0,3854500000.0,11462730000.0,12864730000.0,48.30718232044199,0.9696720347948748,0.2110208086492891,0.5214556933071046,0.03652156641707871,48.30718232044199,0.05055126035042774,3.740977774876799,12.966889140271492,2.6219703554599936,0.14389140271493212,2.379250595624865,0.002774208238351597,0.2836289247630332,0.6856471141412954,0.020456901658767773,52.872370848708485,0.28298684768773863,0.2765957446808511,1.2488787129671108,1.165822686584136,2.2109390748361126,0.13957155999474308,0.285631180919139,0.2488560366068286,0.6368596957915561,0.5757580805840888,0.8918673320505752,Specialty Industrial Machinery,Industrials,ITT
2008Q1,2008,Q1,2008-04-25,2008-03-31,171900000.0,2806400000.0,284100000.0,1.88,760900000.0,0.27113027366020526,10795300000.0,4200900000.0,4143300000.0,4429800000.0,6594400000.0,960300000.0,3680900000.0,9362067000.0,10935267000.0,46.49584947426674,0.9353243938778274,0.22906264763369244,0.5886357685257921,0.029229522435991542,46.49584947426674,0.0409198028993787,3.3359702822120867,13.615571553228621,2.228586017282011,0.14776032577079698,2.130063521816099,0.002713076076041754,0.2599649847618871,0.6510226195313559,0.01592359637990607,50.36076923076923,0.27113027366020526,0.07301326595072637,1.014518701780657,1.1995056080547946,2.463982293245972,0.08606908364259207,0.08591282375236892,0.14096385542168674,0.5073825917806528,0.5224734661848345,0.8307170490891648,Specialty Industrial Machinery,Industrials,ITT
2007Q4,2007,Q4,2008-02-28,2007-12-31,158300000.0,2528700000.0,249000000.0,1.7520752628666298,700600000.0,0.27705935856368885,11552700000.0,3944800000.0,4929800000.0,5456300000.0,7607900000.0,887600000.0,3528800000.0,11933428000.000002,13659428000.000002,43.66131710016602,0.9035060388908235,0.30867243155279717,0.9039748529709998,0.019472782614809607,43.66131710016602,0.040128777124315555,4.719194843200064,18.846222362602653,3.0251034272966946,0.15982312065698043,2.059598918431726,0.0021200949132135372,0.21888389727076787,0.6918607847808955,0.013702424541449185,73.03199510403918,0.27705935856368885,-0.29916989485334805,0.6912776985400274,1.0648415546335674,2.5242318735560016,0.09280923412884105,-0.31203824424163407,-0.04046242774566474,0.3299058121923515,0.33987357831577064,0.7199912797035101,Specialty Industrial Machinery,Industrials,ITT
2007Q3,2007,Q3,2007-10-26,2007-09-30,230100000.0,2181200000.0,259500000.0,2.5,641100000.0,0.2939207775536402,8597300000.0,3451000000.0,3937800000.0,3166200000.0,5146300000.0,779100000.0,3378600000.0,12477048000.0,12672148000.0,38.301886792452834,1.2436990714421072,0.19019924860130505,0.4738336713995943,0.035589742723734094,38.301886792452834,0.06667632570269487,5.720267742527049,13.5561147327249,3.6154876847290636,0.11082138200782268,1.9767680657168527,0.002043752656878454,0.2537075593500285,0.9266628766344513,0.026764216672676304,41.35581040768976,0.2939207775536402,0.0775862068965518,0.9450674960638052,0.7973717523086061,0.9992503522699938,-0.0020236612702366126,0.07674309780065512,0.03304140127388535,1.146798032544289,0.33984472357438045,0.7353544821045536,Specialty Industrial Machinery,Industrials,ITT
2007Q2,2007,Q2,2007-07-30,2007-06-30,213700000.0,2223100000.0,251200000.0,2.32,642400000.0,0.28896585848589806,7906900000.0,3049000000.0,3678900000.0,2982800000.0,4857900000.0,752900000.0,3159200000.0,12310884000.0,12646184000.0,33.82140876317249,1.233371328952662,0.18320707230393707,0.4751065923253526,0.04631856945963742,33.82140876317249,0.07008855362413906,5.537710404390266,14.402063640617689,4.037679239094785,0.11932615816565278,2.0994820029220347,0.002071337850311968,0.2811594936068497,0.8523870189084082,0.02702702702702703,121.52896347482725,0.28896585848589806,0.5263157894736841,1.3220120514368174,0.6999174376401257,0.8466119862294934,0.09962341663813762,0.5264285714285715,0.1549425287356322,0.955657237936772,0.3788714220625737,0.6198093452118064,Specialty Industrial Machinery,Industrials,ITT
2007Q1,2007,Q1,2007-05-04,2007-03-31,140000000.0,2070300000.0,217500000.0,1.52,584200000.0,0.2821813263778196,7729300000.0,2906300000.0,3565800000.0,3029300000.0,4823000000.0,761900000.0,3040000000.0,10929984000.0,11280984000.0,32.07836644591612,1.1771036212986499,0.18128420426170547,0.48212503870901147,0.034886297683744,32.07836644591612,0.04817121425867942,5.279420373858861,19.517828571428574,3.760790007913842,0.145,1.9505184407402547,0.001857276277806079,0.2678509049978653,0.7918330967550259,0.018112895087524096,-459.24302521008406,0.2821813263778196,-0.021931818181818136,0.9364300159002146,0.7266394051463287,0.9691844570800794,-0.03613265137766045,-0.005681818181818182,0.08913370055082624,0.6043524360779405,0.3913494879225029,0.5857925247485715,Specialty Industrial Machinery,Industrials,ITT
