Quarters,Year,Quarter,FillingDate,Date,NetIncome,Revenue,OperatingIncome,EPSDiluted,GrossProfit,GrossProfitRatio,TotalAssets,CommonStockEquity,CurrentAssets,CurrentLiability,TotalLiability,Inventory,RetainedEarnings,MarketCap,EnterpriseValue,bookValuePerShare,currentRatio,debtToAssets,debtToEquity,roic,shareholdersEquityPerShare,roe,priceToSalesRatio,peRatio,pbRatio,payoutRatio,inventoryTurnover,dividendYield,assetTurnover,quickRatio,returnOnAssets,priceToFreeCashFlowsRatio,grossProfitMargin,epsdilutedGrowth,fiveYNetIncomeGrowthPerShare,fiveYRevenueGrowthPerShare,fiveYShareholdersEquityGrowthPerShare,grossProfitGrowth,netIncomeGrowth,operatingIncomeGrowth,threeYNetIncomeGrowthPerShare,threeYRevenueGrowthPerShare,threeYShareholdersEquityGrowthPerShare,Industry,Sector,Symbol
2021Q4,2021,Q4,2021-12-31,2021-12-31,553500000.0,6625000000.0,751000000.0,0.42,6625000000.0,1.0,181838000000.0,17088000000.0,3955000000.0,1620000000.0,181838000000.0,0.0,10216000000.0,33515904846.6,33333904846.6,13.004566210045661,2.441358024691358,0.03842981115058459,0.4089419475655431,0.025440897896546466,13.004566210045661,0.032391151685393256,5.059004505147169,15.13816840406504,1.9613708360603932,0.1901535682023487,0.0,0.003140300119651313,0.036433528745366754,4.565432098765432,0.003043918212914792,553.981898290909,1.0,2.081081081081081,-0.09004927513495378,-0.7078026898661393,-0.08008610603097158,0.0,2.0842311459353575,0.0,-0.43201966504346234,-0.17921699812334402,-0.23502103781544081,Insurance—Life,Financial Services,PUK
2021Q3,2021,Q3,,2021-09-30,-510500000.0,6625000000.0,0.0,-0.3885,0.0,0.0,49775500000.0,4316000000.0,0.0,0.0,45459500000.0,0.0,2554000000.0,37994480730.648,38809230730.648,3.284627092846271,0.0,0.030843487257787464,0.35571130676552365,0.0,3.284627092846271,-0.11828081556997219,5.7350159593430945,-18.606503785821744,8.803169770771083,-0.20617042115572967,0.0,0.0027701391880084513,0.1330976082610923,0.0,-0.010256049662986811,628.007945961124,0.0,0.0,-1.839258979301908,-0.7078026898661393,-0.0706747034288033,0.0,0.0,0.0,-1.5238553947521454,-0.17921699812334402,-0.22794770750269358,Insurance—Life,Financial Services,PUK
2021Q2,2021,Q2,2021-06-30,2021-06-30,-510500000.0,6625000000.0,0.0,-0.3885,0.0,0.0,525121000000.0,15713000000.0,0.0,0.0,508898000000.0,0.0,10180000000.0,36384577218.0,370148577218.0,11.95814307458143,0.0,0.6475821762984151,21.641888881817604,0.0,11.95814307458143,-0.03248902182905874,5.49201165554717,-17.818108333986288,2.315571642461656,-0.20617042115572967,0.0,0.0028927091654628663,0.01261613989918514,0.0,-0.0009721568933636248,601.3979705454545,0.0,0.0,0.0,0.0,0.0,0.0,0.0,0.0,0.0,0.0,0.0,Insurance—Life,Financial Services,PUK
2021Q1,2021,Q1,,2021-03-31,-510500000.0,6625000000.0,0.0,-0.3885,0.0,0.0,49775500000.0,4316000000.0,0.0,0.0,45459500000.0,0.0,2554000000.0,40545220248.0,41359970248.0,3.284627092846271,0.0,0.030843487257787464,0.35571130676552365,0.0,3.284627092846271,-0.11828081556997219,6.120033244981132,-19.855641649363367,9.394165951807228,-0.20617042115572967,0.0,0.0025958670185098265,0.1330976082610923,0.0,-0.010256049662986811,670.1689297190082,0.0,-1.9522058823529413,-1.839258979301908,-0.7078026898661393,-0.0706747034288033,0.0,-1.9641170915958452,0.0,-1.5238553947521454,-0.17921699812334402,-0.22794770750269358,Insurance—Life,Financial Services,PUK
2020Q4,2020,Q4,2020-12-31,2020-12-31,529500000.0,14487000000.0,0.0,0.408,0.0,0.0,516097000000.0,20878000000.0,0.0,0.0,493978000000.0,0.0,14424000000.0,35180682772.2,36239682772.2,16.078552175587216,0.0,0.017587779041536765,0.43476386627071556,0.0,16.078552175587216,0.02536162467669317,2.4284311984675915,16.61033180934844,1.6850600044161317,0.3843248347497639,0.0,0.005784424404656723,0.028070304613280063,0.0,0.0010259699242584242,73.79272736696382,0.0,0.0,-0.4550573270915542,-0.06908071148775073,0.06936922095515306,0.0,0.0,0.0,-0.3515479942774555,-0.510357393480366,-0.05074725143286752,Insurance—Life,Financial Services,PUK
2020Q3,2020,Q3,,2020-09-30,529500000.0,14487000000.0,0.0,0.408,0.0,0.0,129024250000.0,5529750000.0,0.0,0.0,123494500000.0,0.0,3606000000.0,28861029483.3,29125779483.3,4.258567577974586,0.0,0.01565597164874045,0.365296803652968,0.0,4.258567577974586,0.09575478095754782,1.9922019385172913,13.626548386827196,5.219228623952258,0.3843248347497639,0.0,0.0070510305295156655,0.11228121845312025,0.0,0.004103879697033697,60.537030903618245,0.0,0.0,-0.4550573270915542,-0.06908071148775073,0.1328456810286953,0.0,0.0,0.0,-0.3515479942774555,-0.510357393480366,0.005239449171092832,Insurance—Life,Financial Services,PUK
2020Q2,2020,Q2,2020-06-30,2020-06-30,529500000.0,14487000000.0,0.0,0.408,0.0,0.0,463165000000.0,19110000000.0,0.0,0.0,443858000000.0,0.0,13420000000.0,31590697228.3,31950697228.3,14.716981132075471,0.0,0.018878801291116555,0.4575614861329147,0.0,14.716981132075471,0.02770800627943485,2.180623816407814,14.915343356137866,1.6530977094871795,0.3843248347497639,0.0,0.006441769820062658,0.03127827016290091,0.0,0.0011432210983126963,66.26260561782905,0.0,0.0,0.0,0.0,0.0,0.0,0.0,0.0,0.0,0.0,0.0,Insurance—Life,Financial Services,PUK
2020Q1,2020,Q1,,2020-03-31,529500000.0,14487000000.0,0.0,0.408,0.0,0.0,129024250000.0,5529750000.0,0.0,0.0,123494500000.0,0.0,3606000000.0,25977320163.9,26242070163.9,4.258567577974586,0.0,0.01565597164874045,0.365296803652968,0.0,4.258567577974586,0.09575478095754782,1.7931469706564507,12.265023684560907,4.697738625417063,0.3843248347497639,0.0,0.007833756473571844,0.11228121845312025,0.0,0.004103879697033697,54.488348534661775,0.0,1.6930693069306928,-0.4550573270915542,-0.06908071148775073,0.1328456810286953,0.0,1.7049808429118773,0.0,-0.3515479942774555,-0.510357393480366,0.005239449171092832,Insurance—Life,Financial Services,PUK
2019Q4,2019,Q4,2019-12-31,2019-12-31,195750000.0,23434000000.0,0.0,0.1515,0.0,0.0,454214000000.0,19477000000.0,0.0,0.0,434545000000.0,0.0,13575000000.0,37301381402.350006,38575381402.350006,15.057595670660998,0.0,0.0181390269784727,0.423011757457514,0.0,15.057595670660998,0.010050315757046773,1.5917633098212003,47.63905670798213,1.91515024913231,2.086845466155811,0.0,0.010951337045503209,0.05159242119353433,0.0,0.00043096425913776327,-546.5403868476192,0.0,0.0,-0.7763210962197825,-0.012877538574610029,0.043922875517463524,0.0,0.0,0.0,-0.6730879319514321,0.04994291866874988,0.06514060088439558,Insurance—Life,Financial Services,PUK
2019Q3,2019,Q3,,2019-09-30,195750000.0,23434000000.0,0.0,0.1515,0.0,0.0,113553500000.0,4917250000.0,0.0,0.0,108636250000.0,0.0,3393750000.0,38324772603.0,38643272603.0,3.801507537688442,0.0,0.015607180756207427,0.36041486603284356,0.0,3.801507537688442,0.039808836239768164,1.6354345226167109,48.946069735632186,7.793944298744218,2.086845466155811,0.0,0.010658902121392451,0.2063696847741373,0.0,0.001723857036551053,-561.5351297142857,0.0,0.0,-0.7763210962197825,-0.012877538574610029,0.05412438919963851,0.0,0.0,0.0,-0.6730879319514321,0.04994291866874988,0.07556718617290448,Insurance—Life,Financial Services,PUK
2019Q2,2019,Q2,2019-06-30,2019-06-30,0.0,0.0,0.0,0.0,0.0,0.0,702940095553.1055,24929982638.228848,0.0,0.0,677980965415.8588,0.0,18749445563.877377,0.0,273127273188.10275,0.0,0.0,0.39793900299810886,11.2205164701098,,0.0,0.0,0.0,0.0,0.0,0.0,0.0,,0.0,0.0,0.0,0.0,0.0,-1.0,0.0,0.0,-1.0,0.0,-1.0,0.0,0.0,0.0,0.0,Insurance—Life,Financial Services,PUK
2019Q1,2019,Q1,,2019-03-31,195750000.0,23434000000.0,0.0,0.1515,0.0,0.0,113553500000.0,4917250000.0,0.0,0.0,108636250000.0,0.0,3393750000.0,40607249718.75,40925749718.75,3.801507537688442,0.0,0.015607180756207427,0.36041486603284356,0.0,3.801507537688442,0.039808836239768164,1.7328347579905266,51.86111075191571,8.25812186054197,2.086845466155811,0.0,0.010059780035075341,0.2063696847741373,0.0,0.001723857036551053,-594.9780178571428,0.0,-0.7955580085595746,-0.7763210962197825,-0.012877538574610029,0.05412438919963851,0.0,-0.7949944717607973,0.0,-0.6730879319514321,0.04994291866874988,0.07556718617290448,Insurance—Life,Financial Services,PUK
2018Q4,2018,Q4,2018-12-31,2018-12-31,954852299.2589585,7908778296.619633,0.0,0.7410415,0.0,0.0,645423053497.1069,21887371840.42229,0.0,0.0,623512841335.905,0.0,18026088721.95716,35759401593.75,51307315511.11879,16.99990045858042,0.0,0.024775629368223414,0.730593077859586,0.0,16.99990045858042,0.04362571743289466,4.521482364606714,9.362547909635381,1.633791478230767,0.41328903654485055,0.0,0.011035698843247517,0.012253634656784201,0.0,0.0014794208141237994,51.82762153195863,0.0,0.0,0.7027621880654098,-0.6367175577917855,0.3610346150376664,0.0,0.0,0.0,-0.008903899004261384,-0.48744829047482074,0.130647219424989,Insurance—Life,Financial Services,PUK
2018Q3,2018,Q3,,2018-09-30,954852299.2589585,7908778296.619633,0.0,0.7410415,0.0,0.0,161355763374.27673,5477553040.300477,0.0,0.0,155878210333.97626,0.0,4506522180.48929,45169198601.25,49056177080.5922,4.25441012838872,0.0,0.023623548840546942,0.69589390166213,0.0,4.25441012838872,0.1743209590548445,5.711273841189379,11.826226589260168,8.24623664415894,0.41328903654485055,0.0,0.008736705521103696,0.049014538627136804,0.0,0.0059176832564951974,65.46564052169767,0.0,0.0,0.7027621880654098,-0.6367175577917855,0.3623137349987669,0.0,0.0,0.0,-0.008903899004261384,-0.48744829047482074,0.13173973431745808,Insurance—Life,Financial Services,PUK
2018Q2,2018,Q2,2018-06-30,2018-06-30,0.0,0.0,0.0,0.0,0.0,0.0,655226963706.7252,20764041418.26169,0.0,0.0,634452463131.4716,0.0,16935989959.209288,0.0,4084300805.3550873,0.0,0.0,0.023093960133288106,0.7287495277672837,,0.0,0.0,0.0,0.0,0.0,0.0,0.0,,0.0,0.0,0.0,0.0,0.0,-1.0,0.0,0.0,-1.0,0.0,-1.0,0.0,0.0,0.0,0.0,Insurance—Life,Financial Services,PUK
2018Q1,2018,Q1,,2018-03-31,954852299.2589585,7908778296.619633,0.0,0.7410415,0.0,0.0,161355763374.27673,5477553040.300477,0.0,0.0,155878210333.97626,0.0,4506522180.48929,46922876601.25,50809855080.5922,4.25441012838872,0.0,0.023623548840546942,0.69589390166213,0.0,4.25441012838872,0.1743209590548445,5.933012007847756,12.285375611931265,8.566393836083419,0.41328903654485055,0.0,0.008410183164108432,0.049014538627136804,0.0,0.0059176832564951974,68.00732062880572,0.0,0.17924423589133576,0.7027621880654098,-0.6367175577917855,0.3623137349987669,0.0,0.18302562726270633,0.0,-0.008903899004261384,-0.48744829047482074,0.13173973431745808,Insurance—Life,Financial Services,PUK
2017Q4,2017,Q4,2017-12-31,2017-12-31,807127315.9722693,29245104531.264782,0.0,0.62840375,0.0,0.0,667514899252.6724,21740070543.40041,0.0,0.0,645765368866.3054,0.0,16657432058.056408,47925311911.6,63411074847.93525,16.93811495395435,0.0,0.02386317394182706,0.7327034251258779,0.0,16.93811495395435,0.03712625101013241,1.6387464732897414,14.844408980839951,2.2044690156789115,0.48514022603599816,0.0,0.00817042003258905,0.04381191275881128,0.0,0.0012091525101176055,95.45973904502465,0.0,0.0,-0.09986406535365183,0.2916479218158786,0.2855211776301837,0.0,0.0,0.0,-0.07052896478703856,0.2415046388338604,0.17429675064459793,Insurance—Life,Financial Services,PUK
2017Q3,2017,Q3,,2017-09-30,807127315.9722693,29245104531.264782,0.0,0.62840375,0.0,0.0,166878724813.1681,5437382596.591754,0.0,0.0,161441342216.57635,0.0,4164358014.514102,45786689406.149994,49658130140.23381,4.236371325743478,0.0,0.02277802409599527,0.6990804026345222,0.0,4.236371325743478,0.14844041257611534,1.5656189348614316,14.18199102547878,8.42072239589134,0.48514022603599816,0.0,0.008552047190772002,0.17524765103524512,0.0,0.004836610040470422,91.19993690408833,0.0,0.0,-0.09986406535365183,0.2916479218158786,0.2854600958610033,0.0,0.0,0.0,-0.07052896478703856,0.2415046388338604,0.17470826820656846,Insurance—Life,Financial Services,PUK
2017Q2,2017,Q2,2017-06-30,2017-06-30,0.0,0.0,0.0,0.0,0.0,0.0,625957873098.8903,20099397629.54868,0.0,0.0,605857174453.248,0.0,15221888294.758205,0.0,2801087649.4542236,0.0,0.0,0.025036892316006067,0.7797268431613695,,0.0,0.0,0.0,0.0,0.0,0.0,0.0,,0.0,0.0,0.0,0.0,0.0,-1.0,0.0,0.0,-1.0,0.0,-1.0,0.0,0.0,0.0,-1.0,Insurance—Life,Financial Services,PUK
2017Q1,2017,Q1,,2017-03-31,807127315.9722693,29245104531.264782,0.0,0.62840375,0.0,0.0,166878724813.1681,5437382596.591754,0.0,0.0,161441342216.57635,0.0,4164358014.514102,43570277302.8,47441718036.88382,4.236371325743478,0.0,0.02277802409599527,0.6990804026345222,0.0,4.236371325743478,0.14844041257611534,1.4898314778195012,13.495478482943872,8.013097575681103,0.48514022603599816,0.0,0.008987088280143937,0.17524765103524512,0.0,0.004836610040470422,86.78519002894461,0.0,0.3581902935577664,-0.09986406535365183,0.2916479218158786,0.2854600958610033,0.0,0.3621586456960424,-1.0,-0.07052896478703856,0.2415046388338604,0.17470826820656846,Insurance—Life,Financial Services,PUK
2016Q4,2016,Q4,2016-12-31,2016-12-31,592535471.9309068,22086366440.468845,803000000.0,0.46267725,0.0,0.0,580503392967.3041,18095003084.51573,0.0,0.0,562407156076.496,0.0,13500308451.573103,41447810560.0,54053609449.57434,14.136721159777915,0.0,0.02224026457073144,0.7134869766807582,0.02181223488002373,14.136721159777915,0.032745806627573974,1.8766242365722585,17.487480717792817,2.2905666479530886,0.6595523165018222,0.0,0.009428921282966076,0.0380469204970053,0.0,0.0010207269743973406,72.51689251781976,0.0,0.0,0.013731905459592578,0.5422509745847937,0.26485792094471106,0.0,0.0,0.0,0.0628437469206403,0.020461322207728207,0.13180467664925694,Insurance—Life,Financial Services,PUK
2016Q3,2016,Q3,,2016-09-30,592535471.9309068,22086366440.468845,803000000.0,0.46267725,0.0,0.0,145125848241.82602,4524059222.702036,0.0,0.0,140601789019.124,0.0,3375077112.8932757,35259768320.0,38411218042.39358,3.5344212677359654,0.0,0.01986618434084736,0.6372809708870253,0.09153981141037693,3.5344212677359654,0.13097429603872637,1.5964494845740462,14.876648736782927,7.793834382862207,0.6595523165018222,0.0,0.01108368437293039,0.1521876819880212,0.0,0.004082907897589362,61.69032320207232,0.0,0.0,0.013731905459592578,0.5422509745847937,0.25900610850710104,0.0,0.0,0.0,0.0628437469206403,0.020461322207728207,0.13176456735543954,Insurance—Life,Financial Services,PUK
2016Q2,2016,Q2,2016-06-30,2016-06-30,0.0,0.0,0.0,0.0,0.0,0.0,586406471075.042,19494647481.246162,0.0,0.0,566910488801.0892,0.0,13588189754.131184,0.0,4827945220.107317,0.0,0.0,0.027649297557155998,0.8317014720985964,,0.0,0.0,0.0,0.0,0.0,0.0,0.0,,0.0,0.0,0.0,0.0,0.0,-1.0,0.0,0.0,-1.0,0.0,-1.0,-1.0,0.0,0.0,-1.0,Insurance—Life,Financial Services,PUK
2016Q1,2016,Q1,,2016-03-31,592535471.9309068,22086366440.468845,803000000.0,0.46267725,0.0,0.0,145125848241.82602,4524059222.702036,0.0,0.0,140601789019.124,0.0,3375077112.8932757,33447383040.0,36598832762.393585,3.5344212677359654,0.0,0.01986618434084736,0.6372809708870253,0.09153981141037693,3.5344212677359654,0.13097429603872637,1.5143904784045585,14.111974989026551,7.393223959615463,0.6595523165018222,0.0,0.011684266678028573,0.1521876819880212,0.0,0.004082907897589362,58.51938252330276,0.0,-0.3809662859562615,0.013731905459592578,0.5422509745847937,0.25900610850710104,0.0,-0.37967348864111244,-0.03282143932550437,0.0628437469206403,0.020461322207728207,0.13176456735543954,Insurance—Life,Financial Services,PUK
2015Q4,2015,Q4,2015-12-31,2015-12-31,955199336.2864635,15298374790.73764,830250000.0,0.7474185,0.0,0.0,573319604734.885,19192876931.510098,0.0,0.0,554125246299.9452,0.0,15460969792.14507,39044024670.0,39815887956.86351,15.035547929110926,0.0,0.021455611974624336,0.6409108452335005,0.02151839319157681,15.035547929110926,0.04976842917792358,2.5521681357708075,10.218815902288986,2.0342976620612347,0.377665761923226,0.0,0.009239469756927264,0.026683850795250458,0.0,0.0016660852487822525,46.29657656917576,0.0,0.0,0.7103078588700982,-0.17730517962640677,0.5308420189711984,0.0,0.0,0.0,0.07111257984090108,-0.3206222462590285,0.14112552268594308,Insurance—Life,Financial Services,PUK
2015Q3,2015,Q3,,2015-09-30,955199336.2864635,15298374790.73764,830250000.0,0.7474185,0.0,0.0,143329901183.72125,4798589608.734944,0.0,0.0,138531311574.9863,0.0,3865242448.0362673,35519204030.1,35712169851.81588,3.7591771317939244,0.0,0.018393477783376615,0.5493979623340537,0.09148479369044193,3.7591771317939244,0.1990583513430071,2.321763227529568,9.296280546055524,7.402009116479529,0.377665761923226,0.0,0.010156367378657483,0.10673540318100183,0.0,0.00666434099512901,42.11700927233588,0.0,0.0,0.7103078588700982,-0.17730517962640677,0.522618111012598,0.0,0.0,0.0,0.07111257984090108,-0.3206222462590285,0.14066304028395155,Insurance—Life,Financial Services,PUK
2015Q2,2015,Q2,2015-06-30,2015-06-30,0.0,0.0,0.0,0.0,0.0,0.0,594249367068.7025,19033541427.515606,0.0,0.0,575214253141.069,0.0,15075558630.666897,0.0,1852187520.639063,0.0,0.0,0.02507498421544267,0.7828702585922009,,0.0,0.0,0.0,0.0,0.0,0.0,0.0,,0.0,0.0,0.0,0.0,0.0,-1.0,0.0,0.0,-1.0,0.0,-1.0,-1.0,0.0,0.0,-1.0,Insurance—Life,Financial Services,PUK
2015Q1,2015,Q1,,2015-03-31,955199336.2864635,15298374790.73764,830250000.0,0.7474185,0.0,0.0,143329901183.72125,4798589608.734944,0.0,0.0,138531311574.9863,0.0,3865242448.0362673,42912896525.4,43105862347.115875,3.7591771317939244,0.0,0.018393477783376615,0.5493979623340537,0.09148479369044193,3.7591771317939244,0.1990583513430071,2.8050624404483475,11.23139822632018,8.942814456832277,0.377665761923226,0.0,0.00840647251377363,0.10673540318100183,0.0,0.00666434099512901,50.88410369025867,0.0,0.10645477659389413,0.7103078588700982,-0.17730517962640677,0.522618111012598,0.0,0.10775536024788293,0.05294863665187064,0.07111257984090108,-0.3206222462590285,0.14066304028395155,Insurance—Life,Financial Services,PUK
2014Q4,2014,Q4,2014-12-31,2014-12-31,862283650.8529447,23391000498.06998,788500000.0,0.6755075,0.0,0.0,574654463952.1853,18383451624.953304,0.0,0.0,556269455858.5481,0.0,13678246793.674511,37851187511.25,39798329834.74645,14.42404992150122,0.0,0.020747337515303194,0.6485479637625943,0.021974147198826437,14.42404992150122,0.04690542714418762,1.6181944639081662,10.974111440536056,2.0589815385850394,0.4038808664259927,0.0,0.00920076464993197,0.0407044614901247,0.0,0.0015005254547621368,58.74065447398044,0.0,0.0,2.0959779042498705,0.18034006122642637,0.7787899256560321,0.0,0.0,0.0,0.4815934272739425,0.6403998012942312,0.29056614961197774,Insurance—Life,Financial Services,PUK
2014Q3,2014,Q3,,2014-09-30,862283650.8529447,23391000498.06998,788500000.0,0.6755075,0.0,0.0,143663615988.04633,4596252023.409289,0.0,0.0,139067363964.63702,0.0,3419561698.4186277,34935935720.75,35422721301.624115,3.6063177900425964,0.0,0.01593428023531706,0.4980528276329157,0.0970811489921139,3.6063177900425964,0.18760582458516759,1.493563121578857,10.128898908784956,7.600961727689624,0.4038808664259927,0.0,0.00996852841713378,0.1628178459604988,0.0,0.006002101819048547,54.216521695332034,0.0,0.0,2.0959779042498705,0.18034006122642637,0.7699089425197535,0.0,0.0,0.0,0.4815934272739425,0.6403998012942312,0.28461657027937537,Insurance—Life,Financial Services,PUK
2014Q2,2014,Q2,2014-06-30,2014-06-30,0.0,0.0,0.0,0.0,0.0,0.0,577868992063.2217,18096195115.304695,0.0,0.0,559771093776.612,0.0,13594713356.269375,34089792239.4,37106108620.50162,14.198662310949153,0.0,0.02261781956438445,0.7222588235294118,,14.198662310949153,0.0,0.0,0.0,1.88380994027683,0.0,0.0,0.01021595747975685,0.0,0.0,0.0,52.90340511586888,0.0,-1.0,0.0,0.0,1.286763603165657,0.0,-1.0,-1.0,0.0,0.0,0.3160872879650545,Insurance—Life,Financial Services,PUK
2014Q1,2014,Q1,,2014-03-31,862283650.8529447,23391000498.06998,788500000.0,0.6755075,0.0,0.0,143663615988.04633,4596252023.409289,0.0,0.0,139067363964.63702,0.0,3419561698.4186277,32602446915.9,33089232496.774117,3.6063177900425964,0.0,0.01593428023531706,0.4980528276329157,0.0970811489921139,3.6063177900425964,0.18760582458516759,1.3938030106318056,9.452355638324654,7.09326789520062,0.4038808664259927,0.0,0.010682016258160409,0.1628178459604988,0.0,0.006002101819048547,50.595217619631484,0.0,0.5546411160611288,2.0959779042498705,0.18034006122642637,0.7699089425197535,0.0,0.5539812017436888,0.5148895292987512,0.4815934272739425,0.6403998012942312,0.28461657027937537,Insurance—Life,Financial Services,PUK
2013Q4,2013,Q4,2013-12-31,2013-12-31,554886796.4975348,21542057615.883118,520500000.0,0.43451025,0.0,0.0,537460217997.13074,15912801147.700478,0.0,0.0,521545767854.4927,0.0,12243787411.572645,34561963800.0,36042761253.95181,12.49042476271623,0.0,0.02357240160524281,0.7961658031088081,0.01490242506891125,12.49042476271623,0.03487046632124352,1.6043947340720697,15.571628311466569,2.1719597624076683,0.5802377414561665,0.0,0.009315624060794168,0.04008121325920744,0.0,0.001032423941190187,76.00874599178243,0.0,0.0,4.713267809580892,6.560203525620842,1.0842743649934787,0.0,0.0,0.0,-0.004511926380990531,0.1607322226663356,0.2717106920023639,Insurance—Life,Financial Services,PUK
2013Q3,2013,Q3,,2013-09-30,554886796.4975348,21542057615.883118,520500000.0,0.43451025,0.0,0.0,134365054499.28268,3978612535.6595154,0.0,0.0,130386441963.62317,0.0,3060946852.8931613,29402041996.599995,29772241360.087948,3.1229297768128066,0.0,0.018240000981799884,0.6159983421407108,0.06664621336922429,3.1229297768128066,0.1394674127033468,1.3648669277962404,13.246865028230413,7.39002396767097,0.5802377414561665,0.0,0.010950472814126607,0.16032485303682975,0.0,0.004129695764760748,64.66103473435409,0.0,0.0,4.713267809580892,6.560203525620842,1.0620677098153815,0.0,0.0,0.0,-0.004511926380990531,0.1607322226663356,0.2649123121598031,Insurance—Life,Financial Services,PUK
2013Q2,2013,Q2,2013-06-30,2013-06-30,0.0,0.0,0.0,0.0,0.0,0.0,495336039281.8595,14631884586.734772,0.0,0.0,480695033520.31744,0.0,10217235979.994223,28036578861.200005,29196488257.53025,11.484995750969208,0.0,0.02333375276595353,0.7899220779220779,,11.484995750969208,0.0,0.0,0.0,1.9161290327985427,0.0,0.0,0.011483792767923912,0.0,0.0,0.0,61.6581052358931,0.0,-1.0,0.0,0.0,0.28464774562042044,0.0,-1.0,-1.0,0.0,0.0,0.34464277355467005,Insurance—Life,Financial Services,PUK
2013Q1,2013,Q1,,2013-03-31,554886796.4975348,21542057615.883118,520500000.0,0.43451025,0.0,0.0,134365054499.28268,3978612535.6595154,0.0,0.0,130386441963.62317,0.0,3060946852.8931613,27160481166.0,27530680529.487953,3.1229297768128066,0.0,0.018240000981799884,0.6159983421407108,0.06664621336922429,3.1229297768128066,0.1394674127033468,1.2608118337764715,12.236946949106523,6.826621321519999,0.5802377414561665,0.0,0.011854217883541048,0.16032485303682975,0.0,0.004129695764760748,59.73138927832233,0.0,-0.3775941321904446,4.713267809580892,6.560203525620842,1.0620677098153815,0.0,-0.3748393290111252,-0.3469259723964868,-0.004511926380990531,0.1607322226663356,0.2649123121598031,Insurance—Life,Financial Services,PUK
2012Q4,2012,Q4,2012-12-31,2012-12-31,887590698.2757227,22412372133.611286,797000000.0,0.698114,0.0,0.0,501370372165.9314,16740194890.192467,0.0,0.0,484622097251.17566,0.0,11071249656.598955,21556091535.952053,22280061736.821465,13.17606839054897,0.0,0.02202073791389608,0.6595231199922772,0.02228656180060232,13.17606839054897,0.053021527174437685,0.9617942896648994,6.07151798059285,1.287684622392363,0.298133818843878,0.0,0.012275917645177053,0.044702226892246004,0.0,0.0017703293763476904,173.79967431091188,0.0,0.0,2.5672427318089026,0.5723893589308389,0.309841914861265,0.0,0.0,0.0,2.1968746906989804,0.13451787957348654,0.6248874511954048,Insurance—Life,Financial Services,PUK
2012Q3,2012,Q3,,2012-09-30,887590698.2757227,22412372133.611286,797000000.0,0.698114,0.0,0.0,125342593041.48285,4187068728.6889353,0.0,0.0,121155524312.79391,0.0,2767812414.149739,20093862959.940002,20274855510.157356,3.295607027696919,0.0,0.016715390342720297,0.5003859513701273,0.0991902488164685,3.295607027696919,0.21198379004245466,0.8965522631942081,5.659664696513643,4.799028690945763,0.298133818843878,0.0,0.013169235053250091,0.17880890756898402,0.0,0.0070813175053907615,162.01020636143934,0.0,0.0,1.726097153981594,0.3444892244063737,0.2892670372476722,0.0,0.0,0.0,2.1968746906989804,0.13451787957348654,0.6174182889419808,Insurance—Life,Financial Services,PUK
2012Q2,2012,Q2,2012-06-30,2012-06-30,0.0,0.0,0.0,0.0,0.0,0.0,443918260924.1982,14594917224.264128,0.0,0.0,429269939999.3717,0.0,9135174190.305658,18422964053.5248,19392084149.023182,11.487538153690773,0.0,0.026020344980097303,0.7914334911752046,,11.487538153690773,0.0,0.0,0.0,1.2622862994314572,0.0,0.0,0.014363638971363923,0.0,0.0,0.0,148.53829818842578,0.0,-1.0,-1.0,-1.0,0.2063673129141998,0.0,-1.0,-1.0,0.0,0.0,0.850123875372371,Insurance—Life,Financial Services,PUK
2012Q1,2012,Q1,,2012-03-31,887590698.2757227,22412372133.611286,797000000.0,0.698114,0.0,0.0,125342593041.48285,4187068728.6889353,0.0,0.0,121155524312.79391,0.0,2767812414.149739,18554965729.7004,18735958279.917755,3.295607027696919,0.0,0.016715390342720297,0.5003859513701273,0.0991902488164685,3.295607027696919,0.21198379004245466,0.8278894183571927,5.226216815291719,4.431492992356582,0.298133818843878,0.0,0.014261454766455028,0.17880890756898402,0.0,0.0070813175053907615,149.60258427616813,0.0,0.5319974434304118,0.20669623443781393,0.26240210365929967,0.2850485765941012,0.0,0.5347098441487985,0.0,2.1968746906989804,0.13451787957348654,0.6174182889419808,Insurance—Life,Financial Services,PUK
2011Q4,2011,Q4,2011-12-31,2011-12-31,578344305.0552727,14169823624.394485,0.0,0.45568875,0.0,0.0,424760899267.17175,14155073903.862873,0.0,0.0,410539063470.37634,0.0,9065644019.376474,15729835864.601202,15274923431.363094,11.176528941068199,0.0,0.02545507712552087,0.7638477569375891,0.0,11.176528941068199,0.04085773829110454,1.110093977282895,6.799511868236471,1.11125070567866,0.43087248322147653,0.0,0.015842037324556805,0.03335952920535127,0.0,0.0013615761386066236,25.10848248741597,0.0,0.0,0.16763741794636855,-0.41722301051390626,0.25412072577660566,0.0,0.0,0.0,4.8931629268050765,4.6790202989021745,0.8650248653681751,Insurance—Life,Financial Services,PUK
2011Q3,2011,Q3,,2011-09-30,578344305.0552727,14169823624.394485,0.0,0.45568875,0.0,0.0,106190224816.79294,3555458949.1988573,0.0,0.0,102634765867.59409,0.0,2266411004.8441186,13434375845.537474,13320647737.227945,2.807310658664712,0.0,0.02545507712552087,0.7602620087336244,0.0,2.807310658664712,0.1626637554585153,0.9480976052806417,5.807256909123339,3.7785208710016485,0.43087248322147653,0.0,0.01854888159608393,0.13343811682140508,0.0,0.005446304554426494,21.444393542983338,0.0,0.0,0.39195296324206663,-0.32427414970737256,0.2397573904275922,0.0,0.0,0.0,4.8931629268050765,4.6790202989021745,0.853664691289037,Insurance—Life,Financial Services,PUK
2011Q2,2011,Q2,2011-06-30,2011-06-30,0.0,0.0,0.0,0.0,0.0,0.0,433113668509.7081,13663687797.351164,0.0,0.0,419376044747.33185,0.0,0.0,17670251323.165497,21463487789.66929,10.788541490210157,0.0,0.04063221334045854,1.2879661216327492,,10.788541490210157,0.0,0.0,0.0,1.2932270983673269,0.0,0.0,0.014102382717640001,0.0,0.0,0.0,28.205837601547547,0.0,-1.0,-1.0,-1.0,0.4031594805713353,0.0,-1.0,0.0,0.0,0.0,0.20674624566241231,Insurance—Life,Financial Services,PUK
2011Q1,2011,Q1,,2011-03-31,578344305.0552727,14169823624.394485,0.0,0.45568875,0.0,0.0,106190224816.79294,3555458949.1988573,0.0,0.0,102634765867.59409,0.0,2266411004.8441186,17323538783.7999,17209810675.490376,2.807310658664712,0.0,0.02545507712552087,0.7602620087336244,0.0,2.807310658664712,0.1626637554585153,1.222565590299659,7.488419369040161,4.872377668065432,0.43087248322147653,0.0,0.014384627181901016,0.13343811682140508,0.0,0.005446304554426494,27.652403618016955,0.0,0.04328587070559757,0.41164574842862517,0.9081742466000152,0.2352200894856616,0.0,0.04743771385440208,-1.0,4.8931629268050765,4.6790202989021745,0.853664691289037,Insurance—Life,Financial Services,PUK
2010Q4,2010,Q4,2010-12-31,2010-12-31,552151500.185208,18384214100.506237,518000000.0,0.43678225,0.0,0.0,402528089887.64044,12395048771.453266,0.0,0.0,390065131497.71576,0.0,7689220891.468082,16540523075.968319,17486627533.30873,9.821750215097675,0.0,0.02777543461423433,0.9020047316647988,0.015227710638297875,9.821750215097675,0.04454613373178931,0.8997133619931488,7.489123488037312,1.3344459857279782,0.31376659678546454,0.0,0.01047407608135508,0.04567187871444676,0.0,0.001371709239818102,23.109295334515135,0.0,0.0,0.3369483072363874,-0.08330517393240201,0.29952250284843857,0.0,0.0,0.0,1.234053094926897,0.29847219676372705,-0.023613134987942166,Insurance—Life,Financial Services,PUK
2010Q3,2010,Q3,,2010-09-30,552151500.185208,18384214100.506237,518000000.0,0.43678225,0.0,0.0,100632022471.91011,3115739597.4811707,0.0,0.0,97516282874.42894,0.0,1922305222.8670206,15433366049.680002,15669892164.015104,2.4688903308091685,0.0,0.02777543461423433,0.8970897832817336,0.06073589137672174,2.4688903308091685,0.17721362229102164,0.8394901171899984,6.987831258496623,4.95335555710646,0.31376659678546454,0.0,0.011225464138245695,0.18268751485778703,0.0,0.005486836959272408,21.562450740503863,0.0,0.0,0.39322988479282406,-0.039844995517664815,0.3114720727196338,0.0,0.0,0.0,0.7072697996179533,0.11027327094554029,-0.03415094841687155,Insurance—Life,Financial Services,PUK
2010Q2,2010,Q2,2010-06-30,2010-06-30,0.0,0.0,0.0,0.0,0.0,0.0,366396724568.74493,10779119125.748863,0.0,0.0,355561911069.633,0.0,0.0,12051378103.188,18855123173.48333,8.541298831813679,0.0,0.04338323500895601,1.4746543778801846,,8.541298831813679,0.0,0.0,0.0,1.1180299579768074,0.0,0.0,0.014375675183344538,0.0,0.0,0.0,16.837366901601225,0.0,-1.0,-1.0,-1.0,0.13097404967030318,0.0,-1.0,-1.0,-1.0,-1.0,-0.10303290551233037,Insurance—Life,Financial Services,PUK
2010Q1,2010,Q1,,2010-03-31,552151500.185208,18384214100.506237,518000000.0,0.43678225,0.0,0.0,100632022471.91011,3115739597.4811707,0.0,0.0,97516282874.42894,0.0,1922305222.8670206,13303254633.234,13539780747.569101,2.4688903308091685,0.0,0.02777543461423433,0.8970897832817336,0.06073589137672174,2.4688903308091685,0.17721362229102164,0.7236237872614677,6.023371587676432,4.26969398982785,0.31376659678546454,0.0,0.013022880633307513,0.18268751485778703,0.0,0.005486836959272408,18.5864037562587,0.0,1.0008829804656318,0.8228721108145647,1.23595628006574,0.26565489447368773,0.0,1.0205151021274443,0.3248081841432225,-0.24428370597158286,0.04248608872056139,-0.037311190712440004,Insurance—Life,Financial Services,PUK
2009Q4,2009,Q4,2009-12-31,2009-12-31,273272642.012839,19443995278.366184,391000000.0,0.21829475,0.0,0.0,368277735556.16644,10140193716.346231,0.0,0.0,358085797907.60474,0.0,6409779603.18872,15330768415.79915,17625288409.97796,8.10891140851358,0.0,0.029531863326220393,1.072556211130601,0.008219880164653378,8.10891140851358,0.026949449848509017,0.7884577318765603,14.025158448790927,1.5118812169323346,0.5088757396449707,0.0,0.009070766321517735,0.05279709686767301,0.0,0.00074202868006709,2230.825202678289,0.0,0.0,1.6820055058378798,1.5526673483199187,-0.24070419195327475,0.0,0.0,0.0,-0.4412221348564137,-0.19007471731619044,-0.09009729992867618,Insurance—Life,Financial Services,PUK
2009Q3,2009,Q3,,2009-09-30,273272642.012839,19443995278.366184,391000000.0,0.21829475,0.0,0.0,92069433889.04161,2547984412.14042,0.0,0.0,89521449476.90118,0.0,1602444900.79718,14670366805.402,15243996803.946703,2.0375725007120513,0.0,0.029531863326220393,1.0671108995716325,0.03279876659758998,2.0375725007120513,0.107250515627479,0.7544934359104979,13.420998437078044,5.75763601044884,0.5088757396449707,0.0,0.009479096172142924,0.21118838747069205,0.0,0.00296811472026836,2134.7282219917215,0.0,0.0,-0.19438151834416878,-0.2553732170873612,-0.23246982526869303,0.0,0.0,0.0,-0.3338749741776294,-0.06089728972033606,-0.10017241643953823,Insurance—Life,Financial Services,PUK
2009Q2,2009,Q2,2009-06-30,2009-06-30,0.0,0.0,0.0,0.0,0.0,0.0,327991445961.50684,7764434939.95723,0.0,0.0,320179305806.87616,0.0,0.0,10076277055.36244,12543788159.162407,6.209064326235289,0.0,0.040333824842265754,1.7038135593220338,,6.209064326235289,0.0,0.0,0.0,1.2977476317700907,0.0,0.0,0.013800912486324715,0.0,0.0,0.0,1466.2287104347843,0.0,-1.0,1.0,-1.0,1.0566180160340428,0.0,-1.0,-1.0,-1.0,-1.0,-0.1924480725462174,Insurance—Life,Financial Services,PUK
2009Q1,2009,Q1,,2009-03-31,273272642.012839,19443995278.366184,391000000.0,0.21829475,0.0,0.0,92069433889.04161,2547984412.14042,0.0,0.0,89521449476.90118,0.0,1602444900.79718,8336874785.8102045,8910504784.354906,2.0375725007120513,0.0,0.029531863326220393,1.0671108995716325,0.03279876659758998,2.0375725007120513,0.107250515627479,0.4287634648361592,7.62688383696539,3.2719488965816943,0.5088757396449707,0.0,0.016680329428206023,0.21118838747069205,0.0,0.00296811472026836,1213.1231703032088,0.0,2.8633383837306075,1.611052180099871,1.5306349386146656,-0.29202517924586513,0.0,2.8849463540536098,1.7540983606557377,-0.32445090785691316,1.6519210503666617,-0.10346563217189686,Insurance—Life,Financial Services,PUK
2008Q4,2008,Q4,2008-12-31,2008-12-31,-144976349.81768125,-3758768140.348822,-518500000.0,-0.1171525,0.0,0.0,315641337296.9965,7406973508.866988,0.0,0.0,308153821371.56415,0.0,5277724896.393164,10347419655.87756,10769169037.16536,5.99269701364643,0.0,0.02896419259355485,1.234282325029656,-0.005906604946464921,5.99269701364643,-0.019572953736654804,-2.7528752158991368,-17.843289041437142,1.3969834836712354,-0.7500000000000004,0.0,0.010508152368353854,-0.011908351968525856,0.0,-0.00045930723478486787,31.26523212570402,0.0,0.0,-1.142704778672046,0.5668529758764672,-0.2934360378734582,0.0,0.0,0.0,-1.3584217899567994,-1.1913665962163433,-0.20710215069252538,Insurance—Life,Financial Services,PUK
2008Q3,2008,Q3,,2008-09-30,-144976349.81768125,-3758768140.348822,-518500000.0,-0.1171525,0.0,0.0,78910334324.24913,1871878981.3580916,0.0,0.0,77038455342.89104,0.0,1319431224.098291,12377953264.62,12483390609.94195,1.5144651952735368,0.0,0.02896419259355485,1.2210052806571483,-0.023511991017964095,1.5144651952735368,-0.07744963817719538,-3.293087735779121,-21.344780166189544,6.612582003372626,-0.7500000000000004,0.0,0.008784349079265896,-0.047633407874103424,0.0,-0.0018372289391394715,37.400588255801146,0.0,0.0,-2.752460649908199,-1.2184855951981384,-0.32208738471106835,0.0,0.0,0.0,-1.3735102893850752,-1.2004392190540443,-0.19551760403380555,Insurance—Life,Financial Services,PUK
2008Q2,2008,Q2,2008-06-30,2008-06-30,0.0,0.0,0.0,0.0,0.0,0.0,420259135419.15454,11050075630.921104,0.0,0.0,409014011623.2784,0.0,0.0,12764423832.33024,17859559569.930748,8.940190639903806,0.0,0.03506428926617887,1.3335734870317002,,8.940190639903806,0.0,0.0,0.0,1.1551435717427967,0.0,0.0,0.008518383891943449,0.0,0.0,0.0,38.56832788665199,0.0,1.0,-1.0,-1.0,2.9710051604560785,0.0,1.0,1.0,-1.0,-1.0,0.18379227936338666,Insurance—Life,Financial Services,PUK
2008Q1,2008,Q1,,2008-03-31,-144976349.81768125,-3758768140.348822,-518500000.0,-0.1171525,0.0,0.0,78910334324.24913,1871878981.3580916,0.0,0.0,77038455342.89104,0.0,1319431224.098291,16119773691.87192,16225211037.193869,1.5144651952735368,0.0,0.02896419259355485,1.2210052806571483,-0.023511991017964095,1.5144651952735368,-0.07744963817719538,-4.288578888075807,-27.797247123658025,8.611546928197596,-0.7500000000000004,0.0,0.006745272262605468,-0.047633407874103424,0.0,-0.0018372289391394715,48.706680800745914,0.0,-1.5857625,-2.101238652051107,-1.5555760579735813,-0.3296303598601482,0.0,-1.605540063502001,0.0,-1.488692854678161,-1.466771853006166,-0.22362274946421737,Insurance—Life,Financial Services,PUK
2007Q4,2007,Q4,2007-12-31,2007-12-31,239416610.982342,13715193120.084,0.0,0.2,0.0,0.0,435783837382.25085,12297471492.31532,0.0,0.0,423284085275.16113,0.0,8805156172.533466,17094268524.68055,14175081613.426212,10.05928138430701,0.0,0.01583205912334353,0.5610385421706177,,10.05928138430701,0.019468767309763903,1.2463746135406846,17.84991907468497,1.3900636838526312,0.5280560263353465,0.0,0.007395776195482081,0.03147246855796908,0.0,0.0005493930486741206,38.01448689556854,0.0,-0.2901810748078165,1.1435850515278052,1.5798441936682979,0.32370140133648806,0.0,-0.23579712429626984,0.0,1.6111964630522573,0.8418127360271527,-0.058076996741185785,Insurance—Life,Financial Services,PUK
2007Q3,2007,Q3,,2007-09-30,313289335.324564,16040012315.623657,0.0,0.281762,0.0,0.0,108945959345.56271,3124938026.772434,0.0,0.0,105821021318.79028,0.0,2201289043.1333666,18467759444.9859,17737962717.172318,2.5561865249672264,0.0,0.01583205912334353,0.5519593844201175,,2.5561865249672264,0.10025457549573942,1.151355689858013,14.736983805922986,5.90980022220158,0.40354193385815645,0.0,0.006845734839173259,0.14722907037558666,0.0,0.0028756397869777813,41.068876296071174,0.0,-0.4475254901960784,0.5084313424497777,1.1080080876377492,0.31499782873226073,0.0,-0.496357282573189,0.0,-0.05525695201167566,-0.3716629456835764,-0.037113874736588094,Insurance—Life,Financial Services,PUK
2007Q2,2007,Q2,2007-06-30,2007-06-30,622046789.289852,17626353868.027332,0.0,0.51,0.0,0.0,432024581768.52167,11622115558.411825,0.0,0.0,420211676340.0478,0.0,0.0,16858287548.790333,22160237622.09381,9.522421596404609,0.0,0.03319108582266477,1.2337998963193364,,9.522421596404609,0.053522681491462935,0.9564251163350235,6.775329379979711,1.4505351856176207,0.20324095616399235,0.0,0.007499301685780217,0.040799423486211524,0.0,0.0014398411931641985,37.48970891500562,0.0,-0.11842644305812679,0.6205191497120298,0.49816941658095465,3.8947958515412755,0.0,-0.11822576689462791,0.0,2.446268362883505,1.38575555196043,1.0868312180870972,Insurance—Life,Financial Services,PUK
2007Q1,2007,Q1,,2007-03-31,705449043.457723,17027111478.507322,0.0,0.578511,0.0,0.0,108945959345.56271,3124938026.772434,0.0,0.0,105821021318.79028,0.0,2201289043.1333666,17154275836.243917,16424479108.430334,2.564577781512051,0.0,0.01583205912334353,0.5519593844201175,,2.564577781512051,0.2257481708161554,1.0074683458728222,6.079204442663604,5.489477131795016,0.1792126382571069,0.0,0.007369905056959429,0.15628951803985214,0.0,0.006475219895215466,38.14793204156999,0.0,0.4833615384615384,0.9895860894775104,1.4478492023763103,0.32228703006336434,0.0,0.4950821528396678,0.0,2.618847555422932,1.2742758240099838,-0.10891195550512642,Insurance—Life,Financial Services,PUK
2023Q1,2023,Q1,2023-04-13,2023-04-13,,,,,,,0.0,0.0,0.0,0.0,0.0,0.0,0.0,0.0,0.0,0.0,0.0,0.0,0.0,0.0,0.0,0.0,0.0,0.0,0.0,0.0,0.0,,0.0,0.0,0.0,0.0,0.0,0.0,-1.0,-1.0,-1.0,0.0,0.0,0.0,-1.0,-1.0,-1.0,Insurance—Life,Financial Services,PUK
2022Q4,2022,Q4,2022-12-31,2022-12-31,,,,,,,165942000000.0,16960000000.0,5514000000.0,3501000000.0,148815000000.0,0.0,10810000000.0,0.0,-438000000.0,0.0,1.5749785775492717,0.03058900097624471,0.2992924528301887,,0.0,,0.0,0.0,0.0,0.0,0.0,,,1.5749785775492717,,0.0,0.0,0.0,-1.0,-1.0,-1.0,0.0,0.0,0.0,-1.0,-1.0,-1.0,Insurance—Life,Financial Services,PUK
2022Q3,2022,Q3,2022-11-14,2022-11-14,,,,,,,0.0,0.0,0.0,0.0,0.0,0.0,0.0,0.0,0.0,0.0,0.0,0.0,0.0,0.0,0.0,0.0,0.0,0.0,0.0,0.0,0.0,,0.0,0.0,0.0,0.0,0.0,0.0,-1.0,-1.0,-1.0,0.0,0.0,0.0,-1.0,-1.0,-1.0,Insurance—Life,Financial Services,PUK
2022Q2,2022,Q2,2022-06-30,2022-06-30,,,,,,,166888000000.0,16109000000.0,6415000000.0,544000000.0,150616000000.0,0.0,9997000000.0,0.0,-1295000000.0,0.0,11.792279411764707,0.030679257945448443,0.3178347507604445,,0.0,,0.0,0.0,0.0,0.0,0.0,,,11.792279411764707,,0.0,0.0,0.0,0.0,0.0,0.0,0.0,0.0,0.0,0.0,0.0,0.0,Insurance—Life,Financial Services,PUK
