Quarters,Year,Quarter,FillingDate,Date,NetIncome,Revenue,OperatingIncome,EPSDiluted,GrossProfit,GrossProfitRatio,TotalAssets,CommonStockEquity,CurrentAssets,CurrentLiability,TotalLiability,Inventory,RetainedEarnings,MarketCap,EnterpriseValue,bookValuePerShare,currentRatio,debtToAssets,debtToEquity,roic,shareholdersEquityPerShare,roe,priceToSalesRatio,peRatio,pbRatio,payoutRatio,inventoryTurnover,dividendYield,assetTurnover,quickRatio,returnOnAssets,priceToFreeCashFlowsRatio,grossProfitMargin,epsdilutedGrowth,fiveYNetIncomeGrowthPerShare,fiveYRevenueGrowthPerShare,fiveYShareholdersEquityGrowthPerShare,grossProfitGrowth,netIncomeGrowth,operatingIncomeGrowth,threeYNetIncomeGrowthPerShare,threeYRevenueGrowthPerShare,threeYShareholdersEquityGrowthPerShare,Industry,Sector,Symbol
2023Q1,2023,Q1,2023-03-31,2023-03-31,-22663000.0,807243000.0,-23104000.0,-0.5,706186000.0,0.8748121693,1131592000.0,117609000.0,1008571000.0,948593000.0,1013983000.0,0.0,-1022493000.0,3724923579.9704323,3349768579.9704323,2.5987352110468906,1.0632283814027723,0.08736364343332226,0.8405819282537901,-0.10322041464208914,2.5987352110468906,-0.1926978377505123,4.614377058668124,-41.09036292602957,31.672096352918842,,0.0,,0.7133693062517232,0.9337924694784803,-0.020027536426556566,0.0,0.8748121693220009,0.3333333333333333,0.6509038526905977,1.2329140856624101,3.0484011448464106,0.02766992834399539,0.4525977633390498,0.48108885095678733,0.6509038526905977,1.2329140856624101,3.0484011448464106,Education & Training Services,Consumer Defensive,QSG
2022Q4,2022,Q4,2022-12-31,2022-12-31,-41401000.0,786425000.0,-44524000.0,-0.75,687172000.0,0.8737921607,843191000.0,-836666000.0,707356000.0,920814000.0,1679857000.0,92000.0,-999830000.0,4756143773.855152,4445837773.855152,-15.190357603574054,0.7681855401850971,0.1286256613270303,-0.1296287885488355,0.07368344979362441,-15.190357603574054,0.04948330636120029,6.0478033809392535,-28.71998124353972,-5.684638522248008,0.0,1078.8369565217392,0.0,0.932677175159602,0.6062266646684347,-0.04910038176403685,70.96709550806715,0.8737921607273421,0.576271186440678,-1.898517698634894,-0.021830253639412205,-10.973496096684867,0.1760521920096388,0.574405312609223,0.522489865082259,-1.898517698634894,-0.021830253639412205,-10.973496096684867,Education & Training Services,Consumer Defensive,QSG
2022Q3,2022,Q3,2022-09-30,2022-09-30,-97278000.0,659366000.0,-93242000.0,-1.77,584304000.0,0.8861603419,643951000.0,-847597000.0,608859000.0,809561000.0,1491548000.0,113452000.0,-958429000.0,4912541884.352367,4481540884.352367,-15.388818876010925,0.7520853894888712,0.029870285161448618,-0.022693567815837007,0.12899555661886725,-15.388818876010925,0.11476916506311372,7.450402180810608,-12.625007412653343,-5.795846238663383,0.0,0.6616190106829319,0.0,1.0239381567852213,0.6118402442805422,-0.15106428905304906,172.98291786162778,0.8861603419041928,0.5163934426229508,-0.24832214765100682,-0.11380421240227352,-11.129929232288395,0.12046175824808,0.5176855570429868,0.5454935413112357,-0.24832214765100682,-0.11380421240227352,-11.129929232288395,Education & Training Services,Consumer Defensive,QSG
2022Q2,2022,Q2,2022-06-30,2022-06-30,-201690000.0,629043000.0,-205150000.0,-3.66,521485000.0,0.8290132789,603466000.0,-789346000.0,563950000.0,713217000.0,1392812000.0,106085000.0,-861151000.0,4620226368.304,4376696368.304,-14.331224183785125,0.790713064887685,0.03794248557499511,-0.029007558155739056,0.2788558443553865,-14.331224183785125,0.25551532534528587,7.344849824740121,-5.726890733680401,-5.853233396133001,0.0,1.0138850921430929,0.0,1.042383497993259,0.6419448779263535,-0.33421932635807156,68.93905263140303,0.8290132789014424,-1743.8571428571431,-1.5527390780193457,0.4296919213154995,-10.2963013316351,-0.09568813782698794,-1770.2105263157894,-57.43480737734102,-1.5527390780193457,0.4296919213154995,-10.2963013316351,Education & Training Services,Consumer Defensive,QSG
2022Q1,2022,Q1,2022-03-31,2022-03-31,114000.0,690914000.0,-3510750.0,0.0021,576665000.0,0.8346407802,150866500.0,-197336500.0,140987500.0,178304250.0,348203000.0,0.0,-215287750.0,4387146291.813439,4326263791.813439,-3.582806045946281,0.790713064887685,0.0,0.0,0.0002477568064247037,-3.582806045946281,-0.0005776934322844481,6.3497718845086935,9620.93485046807,-22.23180350220785,0.0,0.0,0.0,4.579638289481098,0.6419448779263535,0.0007556349487792187,65.46123176731135,0.8346407801839303,-0.9975,1.0014428690311579,0.57031262429401,-1.824075332908775,-0.17983322595280662,-0.9975258805911843,-1.064036735736174,1.0014428690311579,0.57031262429401,-1.824075332908775,Education & Training Services,Consumer Defensive,QSG
2021Q4,2021,Q4,2021-12-31,2021-12-31,46077000.0,803976000.0,54824000.0,0.84,703107000.0,0.8745372996,82556500.0,-69876500.0,68721750.0,143316000.0,152433000.0,0.0,0.0,4394111110.667151,4390103360.667151,-1.2686651819078847,0.4795120572720422,0.0,0.0,-0.6601407446682284,-1.2686651819078847,-0.6594062381487339,5.465475475222085,23.841130665338195,-62.88396114097231,0.0,0.0,0.0,9.738494243336381,0.29615848893354546,0.5581268585756421,401.29784795699914,0.8745372996208842,1.595744680851064,0.0,0.0,0.0,0.06861663322998358,1.5912841505511568,1.6490351604119806,0.0,0.0,0.0,Education & Training Services,Consumer Defensive,QSG
2021Q3,2021,Q3,2021-09-30,2021-09-30,-77927000.0,744041000.0,-84470000.0,-1.41,657960000.0,0.8843061068,82556500.0,-69876500.0,68721750.0,143316000.0,152433000.0,0.0,0.0,4444864642.115984,4440856892.115984,-1.2686651819078847,0.4795120572720422,0.0,0.0,1.2004973056055959,-1.2686651819078847,1.1152104069322304,5.973951223273965,-14.25970665531839,-63.61029304724742,0.0,0.0,0.0,9.012506586398406,0.29615848893354546,-0.9439232525603678,56.963535077739124,0.884306106787126,0.013986013986014,0.0,0.0,0.0,0.6646542438297471,0.013697763236583059,-0.03161905692407274,0.0,0.0,0.0,Education & Training Services,Consumer Defensive,QSG
2021Q2,2021,Q2,2021-06-30,2021-06-30,-79009250.0,439985000.0,-81881000.0,-1.43,395253250.0,0.8983334659,82556500.0,-69876500.0,68721750.0,143316000.0,152433000.0,0.0,0.0,4459966576.066112,4455958826.066112,-1.2686651819078847,0.4795120572720422,0.0,0.0,1.175653580972053,-1.2686651819078847,1.1306984465449759,10.136633239919796,-14.112165904834283,-63.82641626392438,0.0,0.0,0.0,5.329501614046138,0.29615848893354546,-0.9570324565600528,407.3121830239148,0.8983334659136107,0.0,0.0,0.0,0.0,0.0,0.0,0.0,0.0,0.0,0.0,Education & Training Services,Consumer Defensive,QSG
2021Q1,2021,Q1,2021-03-31,2021-03-31,-79009250.0,439985000.0,-81881000.0,-1.43,395253250.0,0.8983334659,82556500.0,-69876500.0,68721750.0,143316000.0,152433000.0,0.0,0.0,4526718503.297728,4522710753.297728,-1.2686651819078847,0.4795120572720422,0.0,0.0,1.175653580972053,-1.2686651819078847,1.1306984465449759,10.288347337517706,-14.32338144994962,-64.78170061891663,0.0,0.0,0.0,5.329501614046138,0.29615848893354546,-0.9570324565600528,413.4083886205372,0.8983334659136107,0.0,0.0,0.0,0.0,0.0,0.0,0.0,0.0,0.0,0.0,Education & Training Services,Consumer Defensive,QSG
