Quarters,Year,Quarter,FillingDate,Date,NetIncome,Revenue,OperatingIncome,EPSDiluted,GrossProfit,GrossProfitRatio,TotalAssets,CommonStockEquity,CurrentAssets,CurrentLiability,TotalLiability,Inventory,RetainedEarnings,MarketCap,EnterpriseValue,bookValuePerShare,currentRatio,debtToAssets,debtToEquity,roic,shareholdersEquityPerShare,roe,priceToSalesRatio,peRatio,pbRatio,payoutRatio,inventoryTurnover,dividendYield,assetTurnover,quickRatio,returnOnAssets,priceToFreeCashFlowsRatio,grossProfitMargin,epsdilutedGrowth,fiveYNetIncomeGrowthPerShare,fiveYRevenueGrowthPerShare,fiveYShareholdersEquityGrowthPerShare,grossProfitGrowth,netIncomeGrowth,operatingIncomeGrowth,threeYNetIncomeGrowthPerShare,threeYRevenueGrowthPerShare,threeYShareholdersEquityGrowthPerShare,Industry,Sector,Symbol
2023Q1,2023,Q1,2023-05-08,2023-03-31,766000000.0,-129000000.0,298000000.0,1.32,-151000000.0,1.1705426357,66111000000.0,7792000000.0,1321000000.0,547000000.0,58319000000.0,0.0,-7674000000.0,11302143000.0,10419143000.0,13.450716381840152,2.4149908592321756,0.0013915989774772731,0.011806981519507187,-0.1917438621602642,13.450716381840152,0.09830595482546202,-87.61351162790697,3.6886889686684072,1.4504803644763862,0.31070496083550914,0.0,0.02105795334566197,-0.001951263783636611,3.047531992687386,0.011586574095082514,434.6978076923077,1.1705426356589148,1.9333333333333336,0.6341453087493365,-1.5186029115599284,-0.15469232620721513,-1.2701252236135958,2.205020920502092,-0.6625141562853907,1.2861948000453196,-1.2362057795566477,-0.2806516244045479,REIT—Mortgage,Real Estate,AGNCP
2022Q4,2022,Q4,2023-02-27,2022-12-31,239000000.0,575000000.0,883000000.0,0.45,559000000.0,0.972173913,51748000000.0,7870000000.0,1700000000.0,486000000.0,43878000000.0,0.0,-7284000000.0,10193336000.0,9270336000.0,14.885568375260071,3.4979423868312756,0.001835819741825771,0.01207115628970775,0.047229131908427355,14.885568375260071,0.03036848792884371,17.727540869565217,10.662485355648537,1.2952142312579418,0.9539748953974896,0.0,0.02236755464550565,0.011111540542629667,3.7448559670781894,0.00461853598206694,108.43974468085106,0.9721739130434782,1.3571428571428572,-0.3847393385884023,1.6881528562404757,-0.10897443127298635,-0.11410459587955626,1.3588588588588588,2.8787234042553194,-0.7280420727399941,4.326059864700755,-0.2935388254110789,REIT—Mortgage,Real Estate,AGNCP
2022Q3,2022,Q3,2022-11-07,2022-09-30,-666000000.0,650000000.0,-470000000.0,-1.26,631000000.0,0.9707692308,58524000000.0,7222000000.0,2145000000.0,837000000.0,51302000000.0,0.0,-7610000000.0,10182762000.0,9304762000.0,13.659920559863817,2.5627240143369177,0.0016745266899049962,0.013569648296870672,-0.06420765027322405,13.659920559863817,-0.09221822209914152,15.665787692307692,-3.8223581081081086,1.4099642758238715,-0.3213213213213213,0.0,0.02101590904314566,0.011106554575900485,3.959378733572282,-0.011379946688538036,45.056469026548676,0.9707692307692307,-0.28571428571428575,-3.3079700704062343,2.619222897801051,-0.18578109733037887,0.36285097192224625,-0.29571984435797666,-0.327683615819209,-164.0198600340458,4.4136275278032535,-0.29914830379235874,REIT—Mortgage,Real Estate,AGNCP
2022Q2,2022,Q2,2022-08-04,2022-06-30,-514000000.0,475000000.0,-354000000.0,-0.98,463000000.0,0.9747368421,61240000000.0,8040000000.0,2912000000.0,803000000.0,53200000000.0,0.0,-6726000000.0,10584800000.0,9785800000.0,15.34351145038168,3.62640099626401,0.0017472240365774003,0.013308457711442786,-0.05146108459815861,15.34351145038168,-0.06393034825870647,22.28378947368421,-5.148249027237354,1.3165174129353232,-0.4163424124513619,0.0,0.020217670622024037,0.007756368386675375,6.12453300124533,-0.008393207054212933,32.87204968944099,0.9747368421052631,0.24031007751937988,-22.416666666666668,1.6243093922651934,0.038089089735313164,-0.3432624113475177,0.24188790560471976,0.4326923076923077,-1.8715083798882686,2.861788617886179,-0.2228880726850957,REIT—Mortgage,Real Estate,AGNCP
2022Q1,2022,Q1,2022-05-09,2022-03-31,-678000000.0,718000000.0,-624000000.0,-1.29,705000000.0,0.9818941504,66394000000.0,8930000000.0,3321000000.0,743000000.0,57464000000.0,0.0,-6078000000.0,12224920000.0,11336920000.0,17.041984732824428,4.469717362045761,0.0017471458264300991,0.012989921612541993,-0.0718417183652219,17.041984732824428,-0.07592385218365062,17.026350974930363,-4.507713864306784,1.3689720044792832,-0.3141592920353982,0.0,0.017423426901771136,0.010814230201524234,7.588156123822342,-0.01021176612344489,32.951266846361186,0.9818941504178273,-24.04854368932039,-9.921052631578947,2.626262626262626,0.22462973121228744,101.71428571428571,-24.11111111111111,-51.0,-3.5584905660377357,3.3780487804878043,-0.14960479954290068,REIT—Mortgage,Real Estate,AGNCP
2021Q4,2021,Q4,2022-02-23,2021-12-31,-27000000.0,-7000000.0,-12000000.0,-0.0515,-7000000.0,1.0,68149000000.0,10291000000.0,998000000.0,400000000.0,57858000000.0,0.0,-5214000000.0,13236240000.0,12364240000.0,19.639312977099237,2.495,0.0018488899323541065,0.012243708094451463,-0.0011519631371796103,19.639312977099237,-0.0026236517345253133,-1890.8914285714286,-122.55777777777777,1.2861957049849384,-7.925925925925926,0.0,0.016167733434872742,-0.00010271610735300592,2.495,-0.0003961906997901657,35.20276595744681,1.0,-1.12875,-1.0264965652600588,-1.023728813559322,0.39899401848830884,0.0,-1.1273584905660377,0.0,-1.2093023255813953,-1.0376344086021505,0.03886533414092475,REIT—Mortgage,Real Estate,AGNCP
2021Q3,2021,Q3,2021-11-05,2021-09-30,212000000.0,234000000.0,0.0,0.4,0.0,0.0,68805000000.0,10679000000.0,0.0,0.0,58126000000.0,0.0,-4973000000.0,13225760000.0,12378760000.0,20.379770992366414,0.0,0.0019475328827846814,0.012547991384961139,0.0,20.379770992366414,0.01985204607172956,56.52034188034188,15.596415094339621,1.2384830040265942,1.009433962264151,0.0,0.016180544634107986,0.0034009156311314583,0.0,0.0030811714264951675,33.653333333333336,0.0,1.5099764135908715,-0.5851272015655578,0.06849315068493156,0.34648846299331754,0.0,1.5158150851581509,0.0,-0.01851851851851855,0.2446808510638299,0.10927599459852516,REIT—Mortgage,Real Estate,AGNCP
2021Q2,2021,Q2,2021-08-05,2021-06-30,-411000000.0,-389000000.0,0.0,-0.78435,0.0,0.0,75055000000.0,10668000000.0,0.0,0.0,64387000000.0,0.0,-4972000000.0,13126200000.0,12327200000.0,20.358778625954198,0.0,0.001971887282659383,0.013873265841769778,0.0,20.358778625954198,-0.03852643419572553,-33.74344473007712,-7.984306569343066,1.230427446569179,-0.5182481751824818,0.0,0.016227087809114592,-0.0051828658983412166,0.0,-0.005475984278195989,38.268804664723035,0.0,-1.4216935483870967,-2.0444444444444443,-2.792626728110599,0.3850947805764736,0.0,-1.4215384615384616,0.0,-2.402730375426621,-3.197740112994351,0.1798274717982747,REIT—Mortgage,Real Estate,AGNCP
2021Q1,2021,Q1,2021-05-07,2021-03-31,975000000.0,999000000.0,0.0,1.86,0.0,0.0,85545000000.0,11364000000.0,0.0,0.0,74181000000.0,0.0,-4348000000.0,12397840000.0,11599840000.0,21.68702290076336,0.0,0.0019288093985621604,0.014519535374868005,0.0,21.68702290076336,0.08579725448785638,12.41025025025025,3.1789333333333336,1.0909750087997183,0.2246153846153846,0.0,0.017664367341407857,0.011678064176749079,0.0,0.011397510082412765,28.96691588785047,0.0,0.25675675675675685,2.2629533678756477,4.096938775510203,0.4835509138381201,0.0,0.25806451612903225,0.0,1.2995283018867922,3.4399999999999995,0.36291676661069816,REIT—Mortgage,Real Estate,AGNCP
2020Q4,2020,Q4,2021-02-26,2020-12-31,775000000.0,800000000.0,0.0,1.48,0.0,0.0,1543000000.0,11079000000.0,1017000000.0,396000000.0,70738000000.0,0.0,-5106000000.0,12518360000.0,12686360000.0,21.143129770992367,2.5681818181818183,0.11471160077770577,0.015976171134578932,0.0,21.143129770992367,0.06995216174745013,15.64795,4.03818064516129,1.1299178626229804,0.2864516129032258,0.0,0.01773395237075783,0.5184705119896306,3.0984848484848486,0.5022683084899546,30.53258536585366,0.0,0.1746031746031746,0.3180272108843537,1.777777777777778,0.38991343620624774,-1.0,0.17069486404833836,0.0,1.0129870129870129,2.773584905660378,0.2655928718300206,REIT—Mortgage,Real Estate,AGNCP
2020Q3,2020,Q3,2020-11-05,2020-09-30,662000000.0,346000000.0,0.0,1.26,346000000.0,1.0,1383000000.0,10720000000.0,857000000.0,128000000.0,69248000000.0,0.0,0.0,11590880000.0,10925880000.0,20.458015267175572,6.6953125,0.0,0.0,0.0,20.458015267175572,0.06175373134328358,33.49965317919075,4.377220543806647,1.0812388059701494,0.3368580060422961,0.0,0.019239263973054678,0.2501807664497469,6.6953125,0.4786695589298626,20.661105169340463,1.0,-0.08029197080291978,2.774798927613941,0.5871559633027523,0.289081289081289,1.261437908496732,-0.07799442896935933,0.0,1.3146853146853148,0.9438202247191012,0.219428961437834,REIT—Mortgage,Real Estate,AGNCP
2020Q2,2020,Q2,2020-08-07,2020-06-30,718000000.0,153000000.0,0.0,1.37,153000000.0,1.0,89853000000.0,10350000000.0,8803000000.0,122000000.0,79503000000.0,0.0,-6100000000.0,10762960000.0,10107960000.0,19.751908396946565,72.15573770491804,0.0,0.0,0.0,19.751908396946565,0.0693719806763285,70.34614379084967,3.747548746518106,1.0398995169082126,0.34540389972144847,0.0,0.02304198844927418,0.0017027812093085373,72.15573770491804,0.007990829465905423,25.08848484848485,1.0,1.2965220346173243,0.40234374999999994,-0.5405405405405406,0.18719889883000682,-0.6902834008097166,1.2965716646014043,0.0,28.916666666666664,-0.15469613259668502,0.33634602969657845,REIT—Mortgage,Real Estate,AGNCP
2020Q1,2020,Q1,2020-05-11,2020-03-31,-2421000000.0,494000000.0,0.0,-4.62023,494000000.0,1.0,1815000000.0,9798000000.0,1289000000.0,175000000.0,75339000000.0,0.0,0.0,9301000000.0,8226000000.0,18.698473282442748,7.365714285714286,0.0,0.0,0.0,18.698473282442748,-0.24709124311083894,18.827935222672064,-0.9604502271788516,0.9492753623188406,-0.1144155307724081,0.0,0.029781743898505537,0.2721763085399449,7.365714285714286,-1.333884297520661,26.804034582132566,1.0,-3.78327108433735,-8.607142857142858,0.6632996632996632,0.04724241128687476,3.891089108910891,-3.779563719862227,0.0,-32.85526315789475,1.4949494949494948,0.34366428963247386,REIT—Mortgage,Real Estate,AGNCP
2019Q4,2019,Q4,2020-02-25,2019-12-31,871000000.0,107000000.0,0.0,1.66,101000000.0,0.9439252336448598,1357000000.0,11041000000.0,831000000.0,424000000.0,102041000000.0,0.0,0.0,13089520000.0,12486520000.0,21.0706106870229,1.9599056603773586,0.0,0.0,0.0,21.0706106870229,0.07888778190381306,122.33196261682242,3.7570378874856485,1.1855375418893217,0.3168771526980482,0.0,0.021085570746673676,0.07885040530582167,1.9599056603773586,0.6418570375829035,35.09254691689008,0.9439252336448598,218.56225425950197,3.7049689440993787,-0.5720000000000001,0.17108612643190485,-0.15126050420168066,218.75,0.0,-0.14524043179587828,-0.6372881355932203,0.5009516041326806,REIT—Mortgage,Real Estate,AGNCP
2019Q3,2019,Q3,2019-11-05,2019-09-30,-4000000.0,119000000.0,0.0,-0.00763,119000000.0,1.0,109761000000.0,10213000000.0,28124000000.0,368000000.0,99548000000.0,0.0,-4473000000.0,13089520000.0,12421520000.0,19.490458015267176,76.42391304347827,0.0,0.0,0.0,19.490458015267176,-0.0003916576911779105,109.99596638655463,-818.095,1.2816527954567707,-69.0,0.0,0.021085570746673676,0.0010841737957926769,76.42391304347827,-3.644281666530006e-05,53.86633744855967,1.0,0.9776639344262295,-1.0203045685279188,-0.5576208178438663,0.09148231270706429,-0.032520325203252036,0.9776536312849162,0.0,-1.0078277886497065,-0.4566210045662101,0.28773168578993835,REIT—Mortgage,Real Estate,AGNCP
2019Q2,2019,Q2,2019-08-05,2019-06-30,-179000000.0,123000000.0,0.0,-0.3416,123000000.0,1.0,106576000000.0,10346000000.0,31613000000.0,917000000.0,96230000000.0,0.0,-4194000000.0,13089520000.0,12470520000.0,19.744274809160306,34.474372955288985,0.0,0.0,0.0,19.744274809160306,-0.017301372511115406,106.41886178861789,-18.28145251396648,1.2651768799536052,-1.6145251396648044,0.0,0.02207873168764019,0.0011541059900915778,34.474372955288985,-0.0016795526197267677,55.70008510638298,1.0,-1.6698039215686276,-6.424242424242425,-0.5758620689655173,0.07647487254187908,-0.25,-1.6754716981132076,0.0,-0.3259259259259258,-0.43317972350230416,0.34328745780316805,REIT—Mortgage,Real Estate,AGNCP
2019Q1,2019,Q1,2019-05-03,2019-03-31,265000000.0,164000000.0,0.0,0.51,164000000.0,1.0,118807000000.0,10501000000.0,44208000000.0,795000000.0,108306000000.0,0.0,-3467000000.0,13089520000.0,12426520000.0,20.040076335877863,55.60754716981132,0.0,0.0,0.0,20.040076335877863,0.02523569183887249,79.81414634146341,12.348603773584905,1.2465022378821065,1.1245283018867924,0.0,0.022766304646770853,0.0013803900443576558,55.60754716981132,0.002230508303382797,39.78577507598784,1.0,1.04,2.8794326241134756,-0.43642611683848787,0.19140004538234642,-0.11827956989247312,1.054263565891473,0.0,1.3432642487046633,-0.16326530612244894,0.37088772845953005,REIT—Mortgage,Real Estate,AGNCP
2018Q4,2018,Q4,2019-02-22,2018-12-31,129000000.0,186000000.0,0.0,0.25,186000000.0,1.0,109241000000.0,9906000000.0,22734000000.0,518000000.0,99335000000.0,0.0,-3433000000.0,13089520000.0,12443520000.0,18.904580152671755,43.88803088803089,0.0,0.0,0.0,18.904580152671755,0.013022410660205935,70.37376344086022,25.367286821705427,1.3213729053099132,2.131782945736434,0.0,0.02100917375121471,0.0017026574271564706,43.88803088803089,0.0011808753123827135,47.94695970695971,1.0,-0.39024390243902435,-0.897537728355838,-0.5602836879432624,0.13901345291479816,-0.010638297872340425,-0.4027777777777778,0.0,-0.7806122448979591,-0.35416666666666674,0.24275498682724883,REIT—Mortgage,Real Estate,AGNCP
2018Q3,2018,Q3,2018-11-05,2018-09-30,216000000.0,188000000.0,0.0,0.41,188000000.0,1.0,92031000000.0,9627000000.0,17380000000.0,650000000.0,82404000000.0,0.0,-2343000000.0,13276064000.0,12496064000.0,18.37213740458015,26.73846153846154,0.0,0.0,0.0,18.37213740458015,0.02243689622935494,70.61736170212765,15.365814814814813,1.3790447699179391,1.1666666666666667,0.0,0.018981529465359616,0.0020427899294802837,26.73846153846154,0.0023470352381262834,30.874567441860464,1.0,-0.26785714285714296,-0.8410596026490066,-0.5447941888619855,-0.026100151745068315,0.062146892655367235,-0.2627986348122867,0.0,1.579088471849866,-0.13761467889908266,0.15764790764790754,REIT—Mortgage,Real Estate,AGNCP
2018Q2,2018,Q2,2018-08-06,2018-06-30,293000000.0,177000000.0,0.0,0.56,177000000.0,1.0,73138000000.0,9042000000.0,42157000000.0,450000000.0,64096000000.0,0.0,-2299000000.0,13276064000.0,12726064000.0,17.255725190839694,93.68222222222222,0.0,0.0,0.0,17.255725190839694,0.032404335324043354,75.00601129943503,11.32769965870307,1.4682663127626632,0.7747440273037542,0.0,0.01709844122474854,0.002420082583609068,93.68222222222222,0.004006125406765293,108.82019672131148,1.0,-0.30864197530864196,-0.839803171131766,-0.5724637681159421,-0.1204280155642023,-0.21333333333333335,-0.3089622641509434,0.0,-0.42773437499999994,-0.4684684684684685,0.037164487267721875,REIT—Mortgage,Real Estate,AGNCP
2018Q1,2018,Q1,2018-05-07,2018-03-31,424000000.0,225000000.0,0.0,0.81,225000000.0,1.0,69221000000.0,8338000000.0,42608000000.0,670000000.0,60883000000.0,0.0,-2358000000.0,13276064000.0,12640064000.0,15.912213740458014,63.59402985074627,0.0,0.0,0.0,15.912213740458014,0.050851523147037656,59.00472888888889,7.827867924528301,1.5922360278244183,0.5188679245283019,0.0,0.01657117651737744,0.003250458675835368,63.59402985074627,0.006125308793574204,46.09744444444444,1.0,0.10958904109589052,0.8354978354978356,-0.44717444717444715,-0.28380003435835766,0.06132075471698113,0.1012987012987013,0.0,2.6825396825396823,-0.24242424242424243,-0.10880718255664817,REIT—Mortgage,Real Estate,AGNCP
2017Q4,2017,Q4,2018-02-26,2017-12-31,385000000.0,212000000.0,0.0,0.73,212000000.0,1.0,70376000000.0,8754000000.0,45660000000.0,299000000.0,61622000000.0,0.0,-2562000000.0,13276064000.0,12587064000.0,16.706106870229007,152.70903010033445,0.0,0.0,0.0,16.706106870229007,0.0439798949051862,62.62294339622642,8.620820779220779,1.5165711674663012,0.5584415584415584,0.0,0.016194558869255225,0.0030123905877003526,152.70903010033445,0.005470614982380357,40.84942769230769,1.0,0.32727272727272716,-0.5252774352651048,-0.5,-0.19658590308370047,0.19101123595505617,0.34615384615384615,0.0,2.1956521739130435,-0.15200000000000002,-0.07148918116249475,REIT—Mortgage,Real Estate,AGNCP
2017Q3,2017,Q3,2017-11-03,2017-09-30,286000000.0,178000000.0,0.0,0.55,178000000.0,1.0,65490000000.0,8791000000.0,45796000000.0,183000000.0,56699000000.0,0.0,-2729000000.0,13276064000.0,12558064000.0,16.77671755725191,250.2513661202186,0.0,0.0,0.0,16.77671755725191,0.0325332726652258,74.58462921348314,11.60495104895105,1.5101881469684904,0.7097902097902098,0.0,0.015290676513761911,0.002717972209497633,250.2513661202186,0.00436707894335013,51.859625,1.0,10.956521739130435,-0.6066024759284732,-0.7743979721166032,-0.22017209261066253,-0.016574585635359115,10.916666666666666,0.0,0.45177664974619286,-0.33828996282527884,-0.06048947312172693,REIT—Mortgage,Real Estate,AGNCP
2017Q2,2017,Q2,2017-08-03,2017-06-30,24000000.0,181000000.0,0.0,0.046,181000000.0,1.0,56711000000.0,7745000000.0,45641000000.0,133000000.0,48966000000.0,0.0,-2800000000.0,13466800000.0,12749800000.0,14.780534351145038,343.16541353383457,0.0,0.0,0.0,14.780534351145038,0.0030987734021949644,74.40220994475138,140.27916666666667,1.7387734021949646,7.958333333333333,0.0,0.014183027890812964,0.003191620673237996,343.16541353383457,0.00042319832131332546,46.59792387543253,1.0,-0.6933333333333334,1.0916030534351144,-0.5286458333333334,-0.15225481611208413,-0.08585858585858586,-0.6842105263157895,0.0,-0.27272727272727265,-0.3758620689655172,-0.19415253355530127,REIT—Mortgage,Real Estate,AGNCP
2017Q1,2017,Q1,2017-05-08,2017-03-31,76000000.0,198000000.0,0.0,0.15,198000000.0,1.0,56838000000.0,7292000000.0,49101000000.0,117000000.0,49546000000.0,0.0,-2628000000.0,13466800000.0,12827800000.0,13.916030534351146,419.6666666666667,0.0,0.0,0.0,13.916030534351146,0.010422380691168404,68.01414141414142,44.29868421052632,1.8467910038398243,2.4473684210526314,0.0,0.01381174443817388,0.0034835849255779585,419.6666666666667,0.0013371336077976001,34.53025641025641,1.0,-0.9226804123711341,-0.8814352574102965,-0.5147058823529411,-0.16356962606102318,-0.3288135593220339,-0.9254170755642787,0.0,1.5390070921985817,-0.3195876288659793,-0.17267982754708408,REIT—Mortgage,Real Estate,AGNCP
2016Q4,2016,Q4,2017-02-27,2016-12-31,1019000000.0,295000000.0,0.0,1.94,295000000.0,1.0,56880000000.0,7356000000.0,54941000000.0,211000000.0,49524000000.0,0.0,-2518000000.0,13225760000.0,15054760000.0,14.038167938931299,260.38388625592415,0.053393108298171586,0.41286025013594346,0.0,14.038167938931299,0.13852637302882,44.83308474576271,3.2447890088321882,1.7979554105492113,0.18351324828263002,0.0,0.01413907404943081,0.005186357243319268,260.38388625592415,0.017914908579465542,40.94662538699691,1.0,0.9795918367346939,3.8822790996291574,0.12243267306389871,0.18419724514766495,0.3470319634703196,0.9941291585127201,0.0,-0.1906274821286735,-0.3026004728132389,-0.15419110037944114,REIT—Mortgage,Real Estate,AGNCP
2016Q3,2016,Q3,2016-11-07,2016-09-30,511000000.0,219000000.0,0.0,0.98,219000000.0,1.0,55889000000.0,7931000000.0,53688000000.0,71000000.0,47958000000.0,0.0,-3350000000.0,13686094000.0,15469094000.0,15.135496183206106,756.169014084507,0.054339852207053264,0.3829277518597907,0.0,15.135496183206106,0.06443071491615181,62.4935799086758,6.695740704500979,1.7256454419367042,0.38943248532289626,0.0,0.0145403063869063,0.003918481275385138,756.169014084507,0.009143122975898657,40.13517302052786,1.0,4.80390482474867,1.0407266744142394,-0.054885680007595465,0.6053823931391408,0.009216589861751152,4.785185185185185,0.0,-0.6239882266372333,-0.4697336561743341,-0.19767324228629235,REIT—Mortgage,Real Estate,AGNCP
2016Q2,2016,Q2,2016-08-05,2016-06-30,-135000000.0,217000000.0,0.0,-0.25763,217000000.0,1.0,60475000000.0,7702000000.0,58231000000.0,71000000.0,52773000000.0,0.0,-3669000000.0,13692120000.0,15598120000.0,14.698473282442748,820.1549295774648,0.050219098801157505,0.3943131654115814,0.0,14.698473282442748,-0.01752791482731758,63.09732718894009,-25.355777777777774,1.7777356530771227,-1.5185185185185186,0.0,0.01497211534809803,0.0035882596114096732,820.1549295774648,-0.002232327408019843,42.00036809815951,1.0,0.8251316789748044,-1.7591861524445795,0.08007485864458062,0.6124284696835394,0.10714285714285714,0.8251295336787565,0.0,-1.0738108255877528,-0.4758454106280193,-0.25077821011673146,REIT—Mortgage,Real Estate,AGNCP
2016Q1,2016,Q1,2016-05-05,2016-03-31,-772000000.0,196000000.0,0.0,-1.47328,196000000.0,1.0,62396000000.0,7660000000.0,59976000000.0,72000000.0,54736000000.0,0.0,-3329000000.0,13482520000.0,15410520000.0,14.618320610687023,833.0,0.04867299185845247,0.39647519582245433,0.0,14.618320610687023,-0.10078328981723238,68.78836734693877,-4.366101036269431,1.7601201044386423,-0.2694300518134715,0.0,0.0154273830114845,0.00314122700173088,833.0,-0.012372587986409386,37.24453038674033,1.0,-2.3154285714285714,-6.7809095197801454,0.5212076526058442,1.29032671839536,-0.3194444444444444,-2.312925170068027,0.0,-4.341991341991342,-0.5184275184275184,-0.3420374506098608,REIT—Mortgage,Real Estate,AGNCP
2015Q4,2015,Q4,2016-02-23,2015-12-31,588000000.0,288000000.0,0.0,1.12,288000000.0,1.0,57021000000.0,7971000000.0,54943000000.0,61000000.0,49050000000.0,0.0,-2350000000.0,13281042000.0,15924042000.0,15.211832061068701,900.7049180327868,0.06581785657915505,0.4708317651486639,0.0,15.211832061068701,0.07376740684983063,46.11472916666666,5.646701530612245,1.6661701166729397,0.3622448979591837,0.0,0.016037898231177943,0.005050770768664176,900.7049180327868,0.010311990319356026,37.09788268156424,1.0,2.573409381453437,1.040844659789807,0.0,4.070404258350804,0.3211009174311927,2.576407506702413,0.0,-0.27496917385943276,-0.32075471698113206,-0.2684471365638767,REIT—Mortgage,Real Estate,AGNCP
2015Q3,2015,Q3,2015-11-06,2015-09-30,-373000000.0,218000000.0,0.0,-0.71183,218000000.0,1.0,60609000000.0,8316000000.0,57422000000.0,3554000000.0,52293000000.0,0.0,-2727000000.0,13367240000.0,18866240000.0,15.870229007633588,16.157006190208214,0.05778019766041347,0.4211159211159211,0.0,15.870229007633588,-0.04485329485329485,61.31761467889908,-8.959276139410187,1.6074122174122174,-0.579088471849866,0.0,0.016158907897217377,0.003596825553960633,16.157006190208214,-0.006154201521226221,67.17206030150754,1.0,-1.726357142857143,-7.213766908775906,9.823692964599573,8.1079848200253,-0.34534534534534533,-1.728515625,0.0,-1.5130674002751032,-0.7237008871989861,-0.2623081699636299,REIT—Mortgage,Real Estate,AGNCP
2015Q2,2015,Q2,2015-08-05,2015-06-30,512000000.0,333000000.0,0.0,0.98,333000000.0,1.0,62885000000.0,8718000000.0,55998000000.0,94000000.0,54167000000.0,0.0,-1879000000.0,13215280000.0,11725280000.0,16.637404580152673,595.7234042553191,0.0,0.0,0.0,16.637404580152673,0.05872906629961,39.68552552552553,6.4527734375,1.515861436109199,0.455078125,0.0,0.01763110581084926,0.005295380456388646,595.7234042553191,0.0081418462272402,29.302172949002216,1.0,3.0377609581635197,5.947365564405607,9.36317804126599,10.001602665219641,0.12121212121212122,3.0317460317460316,0.0,2.9541984732824424,-0.13281249999999994,-0.045753064798598954,REIT—Mortgage,Real Estate,AGNCP
2015Q1,2015,Q1,2015-05-06,2015-03-31,-252000000.0,297000000.0,0.0,-0.48092,297000000.0,1.0,73105000000.0,9356000000.0,65838000000.0,62000000.0,63749000000.0,0.0,-2166000000.0,13834648000.0,12851648000.0,17.85496183206107,1061.9032258064517,0.0,0.0,0.0,17.85496183206107,-0.026934587430525864,46.5813063973064,-13.724849206349207,1.4786926036767851,-0.9523809523809523,0.0,0.017347748927186293,0.004062649613569523,1061.9032258064517,-0.0034470966418165654,32.939638095238095,1.0,0.21737998372660702,-5.741298212605833,4.245959551355648,14.259680420929705,0.188,0.21739130434782608,0.0,-1.3931357254290173,-0.2720588235294117,0.07318192245927957,REIT—Mortgage,Real Estate,AGNCP
2014Q4,2014,Q4,2015-02-25,2014-12-31,-322000000.0,250000000.0,0.0,-0.6145,250000000.0,1.0,67766000000.0,9428000000.0,63284000000.0,100000000.0,58338000000.0,0.0,-1674000000.0,13980320000.0,13021320000.0,17.99236641221374,632.84,0.0,0.0,0.0,17.99236641221374,-0.03415358506576156,55.92128,-10.854285714285714,1.4828510818837504,-1.2142857142857142,0.0,0.027967886285864704,0.0036891656582947203,632.84,-0.004751645367883599,42.622926829268295,1.0,-2.617105263157895,-20.741278891545583,7.537085097664254,16.241442370643465,-0.07063197026022305,-2.6345177664974617,0.0,-2.5427810305010685,-0.048785870284831515,0.5177557948956205,REIT—Mortgage,Real Estate,AGNCP
2014Q3,2014,Q3,2014-11-06,2014-09-30,197000000.0,269000000.0,0.0,0.38,269000000.0,1.0,62348000000.0,9357000000.0,58282000000.0,230000000.0,52991000000.0,0.0,-1112000000.0,13356760000.0,12444760000.0,17.856870229007633,253.4,0.0,0.0,0.0,17.856870229007633,0.021053756545901463,49.653382899628255,16.950203045685278,1.4274617933098215,1.1928934010152283,0.0,0.017594087188809265,0.004314492846602938,253.4,0.0031596843523449027,36.897127071823206,1.0,5.031746031746032,5.306623555399046,7.253305924585034,20.78442798706484,-0.07241379310344828,4.96969696969697,0.0,-0.21326192786770026,0.16089384510482577,0.8940314024212509,REIT—Mortgage,Real Estate,AGNCP
2014Q2,2014,Q2,2014-08-07,2014-06-30,33000000.0,290000000.0,0.0,0.063,290000000.0,1.0,66854000000.0,9611000000.0,61495000000.0,215000000.0,57243000000.0,0.0,-1073000000.0,13617240400.0,12714240400.0,18.341603053435115,286.0232558139535,0.0,0.0,0.0,18.341603053435115,0.0034335657059619187,46.956001379310344,103.16091212121214,1.4168390802205806,7.0606060606060606,0.0,0.017110662157363395,0.004337810751787477,286.0232558139535,0.0004936129476171957,30.66946036036036,1.0,1.2341311134235171,0.08674175064216551,6.666684291228256,29.85957944150294,-0.003436426116838488,1.2340425531914894,0.0,-0.8144211627357696,0.4434180138568128,1.0120812804633208,REIT—Mortgage,Real Estate,AGNCP
2014Q1,2014,Q1,2014-05-09,2014-03-31,-141000000.0,291000000.0,0.0,-0.26908,291000000.0,1.0,67318000000.0,8814000000.0,64356000000.0,270000000.0,58504000000.0,0.0,-870000000.0,13775488400.0,12923488400.0,16.8206106870229,238.35555555555555,0.0,0.0,0.0,16.8206106870229,-0.015997277059223963,47.33844810996563,-24.424624822695037,1.562909961425006,-1.6666666666666667,0.0,0.017059286260950282,0.004322766570605188,238.35555555555555,-0.0020945363795715857,28.228459836065575,1.0,-1.1121166666666669,-9.644473054993561,59.39850560398504,29.50238613515318,-0.3120567375886525,-1.1119936457505957,0.0,-2.0558396920841977,1.2585276883076562,1.6353707174852092,REIT—Mortgage,Real Estate,AGNCP
2013Q4,2013,Q4,2014-02-27,2013-12-31,1259000000.0,423000000.0,0.0,2.4,423000000.0,1.0,76255000000.0,8697000000.0,69528000000.0,492000000.0,67558000000.0,0.0,-497000000.0,13309600000.0,12076600000.0,16.59732824427481,141.3170731707317,0.0,0.0,0.0,16.59732824427481,0.14476256180292055,31.464775413711585,2.6428911834789517,1.5303667931470621,0.24861000794281177,0.0,0.02351686001081926,0.005547177234279719,141.3170731707317,0.016510392761130418,13.087118977384463,1.0,-0.07335907335907334,75.53030210929425,5715.216216216217,32.68958477790131,0.024213075060532687,-0.07358351729212656,0.0,3.3697677324411,0.0,4.532217517861867,REIT—Mortgage,Real Estate,AGNCP
2013Q3,2013,Q3,2013-11-07,2013-09-30,1359000000.0,413000000.0,0.0,2.59,413000000.0,1.0,97271000000.0,9885000000.0,88506000000.0,71000000.0,87386000000.0,0.0,-160000000.0,13414400000.0,12021400000.0,18.864503816793892,1246.5633802816901,0.0,0.0,0.0,18.864503816793892,0.13748103186646435,32.480387409200965,2.4676968359087565,1.35704602933738,0.3090507726269316,0.0,0.03130963740458015,0.004245869786472844,1246.5633802816901,0.01397127612546391,28.420338983050847,1.0,-0.25787965616045855,70.90095762128989,0.0,35.90333081960114,-0.0024154589371980675,-0.2569710224166211,0.0,21.63943493036583,19.50543667146616,9.826410527411024,REIT—Mortgage,Real Estate,AGNCP
2013Q2,2013,Q2,2013-08-08,2013-06-30,1829000000.0,414000000.0,0.0,3.49,414000000.0,1.0,98663000000.0,10280000000.0,89098000000.0,87000000.0,88383000000.0,0.0,852000000.0,13225760000.0,11085760000.0,19.61832061068702,1024.1149425287356,0.0,0.0,0.0,19.61832061068702,0.1779182879377432,31.946280193236714,1.8077856752323673,1.2865525291828794,0.2728266812465828,0.0,0.03772940080570039,0.00419610188216454,1024.1149425287356,0.018537851068789718,26.772793522267207,1.0,6.9318181818181825,331.60592835060913,60.10701107011071,38.25432064823087,0.0171990171990172,6.917748917748917,0.0,23.81783519003487,11.88395107833069,11.972754691266106,REIT—Mortgage,Real Estate,AGNCP
2013Q1,2013,Q1,2013-05-09,2013-03-31,231000000.0,407000000.0,0.0,0.44,407000000.0,1.0,93369000000.0,11642000000.0,90896000000.0,82000000.0,81727000000.0,0.0,-557000000.0,14132280000.0,12168280000.0,22.217557251908396,1108.4878048780488,0.0,0.0,0.0,22.217557251908396,0.019841951554715683,34.72304668304668,15.294675324675325,1.2139048273492528,1.8484848484848484,0.0,0.03021451598751228,0.004359048506463601,1108.4878048780488,0.0024740545577225845,27.28239382239382,1.0,-0.7161290322580646,13.162221813500091,83.47488584474885,39.289173971574016,-0.04009433962264151,-0.7151664611590629,0.0,3.346190028222013,6.188907533339221,17.988157274525825,REIT—Mortgage,Real Estate,AGNCP
2012Q4,2012,Q4,2013-02-27,2012-12-31,811000000.0,424000000.0,0.0,1.55,424000000.0,1.0,100453000000.0,10896000000.0,98947000000.0,132000000.0,89557000000.0,0.0,-289000000.0,13466747600.0,11973747600.0,20.793893129770993,749.5984848484849,0.0,0.0,0.0,20.793893129770993,0.0744309838472834,31.76119716981132,4.151278545006165,1.2359349853157122,0.531442663378545,0.0,0.03200475814962181,0.0042208794162444125,749.5984848484849,0.008073427373995799,21.107754858934168,1.0,0.11510791366906487,48.2979150203635,5728.72972972973,41.207855092562106,-0.46261089987325726,0.1155433287482806,0.0,48.721047146097725,13.478896325638573,18.926045404171745,REIT—Mortgage,Real Estate,AGNCP
2012Q3,2012,Q3,2012-11-08,2012-09-30,727000000.0,789000000.0,0.0,1.39,789000000.0,1.0,102177000000.0,11273000000.0,98346000000.0,74000000.0,90904000000.0,0.0,-672000000.0,13744520000.0,12183520000.0,21.513358778625953,1329.0,0.009865233858891922,0.08941719151956001,0.0,21.513358778625953,0.06449037523285726,17.42017743979721,4.726451169188445,1.2192424376829594,0.5281980742778541,0.0,0.027938407452570188,0.007721894359787428,1329.0,0.007115104181958758,23.022646566164156,1.0,3.78,37.463573355907094,0.0,41.085103523456105,1.0546875,3.7748091603053435,0.0,22.273681851650284,23.207651949805175,25.24514873337415,REIT—Mortgage,Real Estate,AGNCP
2012Q2,2012,Q2,2012-08-09,2012-06-30,-262000000.0,384000000.0,0.0,-0.5,384000000.0,1.0,84782000000.0,9136000000.0,80745000000.0,51000000.0,75646000000.0,0.0,-328000000.0,13524964000.0,12379964000.0,17.435114503816795,1583.235294117647,0.011252388478686514,0.10442206654991243,0.0,17.435114503816795,-0.028677758318739054,35.22126041666667,-12.9055,1.4804032399299474,-1.0916030534351144,0.0,0.021146082163324056,0.004529263287018471,1583.235294117647,-0.0030902785968719777,22.027628664495115,1.0,-1.4098360655737705,-48.64502636843062,55.6789667896679,33.885940996326596,-0.058823529411764705,-1.4087363494539782,0.0,-9.628070868734769,9.151747475281551,28.33442074472697,REIT—Mortgage,Real Estate,AGNCP
2012Q1,2012,Q1,2012-05-10,2012-03-31,641000000.0,408000000.0,0.0,1.22,408000000.0,1.0,88417000000.0,8718000000.0,85778000000.0,52000000.0,79699000000.0,0.0,317000000.0,13172050000.0,11460050000.0,16.637404580152673,1649.576923076923,0.0005655021093228678,0.005735260380821289,0.0,16.637404580152673,0.07352603808212893,32.2844362745098,5.137304992199688,1.510902729983941,0.48985959438377535,0.0,0.023838354698015877,0.004614497212074601,1649.576923076923,0.007249737041519165,27.906885593220338,1.0,2.05,38.298632824474275,83.6824408468244,29.17016137125771,0.5523814596951548,2.0711883246931206,0.0,38.298632824474275,83.6824408468244,29.17016137125771,REIT—Mortgage,Real Estate,AGNCP
2011Q4,2011,Q4,2012-02-23,2011-12-31,208714000.0,262822000.0,0.0,0.4,262822000.0,1.0,57972297000.0,6211803000.0,56633867000.0,40417000.0,51760494000.0,0.0,-37922000.0,13172050000.0,11859216000.0,11.854585877862595,1401.2387609174357,0.0009325316193698517,0.008702948242241423,0.0,11.854585877862595,0.03359958453286429,50.117760309258735,15.777631112431365,2.1204874011619492,1.2316758818287226,0.0,0.019516172501622756,0.004533579202493908,1401.2387609174357,0.003600236851060085,37.93989895789528,1.0,-0.1666666666666666,11.687009908212266,3550.6486486486488,23.062672621837603,0.13423212698193493,-0.16648096453288924,0.0,11.687009908212266,3550.6486486486488,23.062672621837603,REIT—Mortgage,Real Estate,AGNCP
2011Q3,2011,Q3,2011-11-07,2011-09-30,250401000.0,231718000.0,0.0,0.48,231718000.0,1.0,47039429000.0,4940256000.0,43220386000.0,17385000.0,42099173000.0,0.0,67174000.0,13172050000.0,12244521000.0,9.427969465648856,2486.07339660627,0.001208858211267828,0.011510334687109332,0.0,9.427969465648856,0.05068583490410213,56.845173875141334,13.150955866789669,2.6662687115809383,0.7202806698056318,0.0,0.013692553550889951,0.004926037686384331,2486.07339660627,0.005323215126612188,43.13076706461732,1.0,0.4117647058823528,12.248029204803979,0.0,17.44328796171163,0.153330811499562,0.40815534635759354,0.0,12.248029204803979,0.0,17.44328796171163,REIT—Mortgage,Real Estate,AGNCP
2011Q2,2011,Q2,2011-08-09,2011-06-30,177822000.0,200912000.0,0.0,0.34,200912000.0,1.0,43636570000.0,4776646000.0,40443778000.0,26596000.0,38859924000.0,0.0,73841000.0,13172050000.0,12607957000.0,9.115736641221375,1520.6714543540381,0.0014152578903428937,0.012928946377855927,0.0,9.115736641221375,0.037227376699047826,65.56129051525046,18.518588813532634,2.7575939267846095,0.7607663843618899,0.0,0.010270307203510463,0.004604211559249501,1520.6714543540381,0.0040750682283231705,-1089.7700008273353,1.0,0.3600000000000001,31.33715220949263,28.654907749077495,17.239688103802475,0.5593309790833948,0.3315711044382708,0.0,31.33715220949263,28.654907749077495,17.239688103802475,REIT—Mortgage,Real Estate,AGNCP
2011Q1,2011,Q1,2011-05-06,2011-03-31,133543000.0,128845000.0,0.0,0.25,128845000.0,1.0,29154963000.0,3344501000.0,403012000.0,16040000.0,25810462000.0,0.0,76379000.0,13172050000.0,12939321000.0,6.382635496183206,25.125436408977556,0.0023270480569637492,0.020285537364168826,0.0,6.382635496183206,0.03992912545100151,102.23175132911638,24.658817759073855,3.9384201111017756,0.679915832353624,0.0,0.006893232260733902,0.004419316189837044,25.125436408977556,0.004580455135545876,35.075052125078884,1.0,-0.5454545454545455,7.187296916191526,25.742424242424246,10.574229740345583,0.0,-0.5364957170028738,0.0,7.187296916191526,25.742424242424246,10.574229740345583,REIT—Mortgage,Real Estate,AGNCP
2010Q4,2010,Q4,2011-02-25,2010-12-31,288116000.0,0.0,0.0,0.55,0.0,0.0,14475829000.0,1572064000.0,173258000.0,8452000.0,12903765000.0,0.0,78116000.0,13172050000.0,13071719000.0,3.0001221374045803,20.499053478466635,0.005037846191744874,0.04638933274981171,0.0,3.0001221374045803,0.18327243674557778,0.0,11.429467644976329,8.378825543998207,0.18934734620777743,0.0,0.004141648414635535,0.0,20.499053478466635,0.019903246991933934,-81.59756422407652,0.0,4.000000000000001,16.5135858002553,-1.0,5.089707186878997,-1.0,3.7996934763776906,0.0,16.5135858002553,-1.0,5.089707186878997,REIT—Mortgage,Real Estate,AGNCP
2010Q3,2010,Q3,2010-11-08,2010-09-30,60028000.0,20141000.0,0.0,0.11,20141000.0,1.0,10358806000.0,913045000.0,115266000.0,4022000.0,9445761000.0,0.0,30835000.0,13172050000.0,13137606000.0,1.742452290076336,28.658876181004477,0.0078022505682604736,0.088519185801357,0.0,1.742452290076336,0.06574484280621437,653.9918574052926,54.85794129406277,14.426506908202771,0.7850169920703671,0.0,0.0035774993262248475,0.001944336055719163,28.658876181004477,0.005794876359302414,203.8953902355964,1.0,-0.21428571428571436,2.1759166181683507,0.0,2.4086395233366438,-0.37319889210468987,-0.18547566386691453,0.0,2.1759166181683507,0.0,2.4086395233366438,REIT—Mortgage,Real Estate,AGNCP
2010Q2,2010,Q2,2010-08-06,2010-06-30,73697000.0,32133000.0,0.0,0.14,32133000.0,1.0,7755487000.0,792430000.0,150081000.0,3572000.0,6963057000.0,0.0,25359000.0,13172050000.0,13021969000.0,1.5122709923664122,42.015957446808514,0.0,0.0,0.0,1.5122709923664122,0.09300127456052901,409.92282077614914,44.68312821417425,16.62235150107896,0.5083653337313595,0.0,0.0028442801234432,0.004143260120221979,42.015957446808514,0.009502562508324751,321.9448110671164,1.0,0.4000000000000001,12.40189125295508,3.7428782287822875,2.025904796816887,0.0,0.38658513640639697,0.0,12.40189125295508,3.7428782287822875,2.025904796816887,REIT—Mortgage,Real Estate,AGNCP
2010Q1,2010,Q1,2010-03-31,2010-03-31,53150000.0,56615000.0,0.0,0.1,0.0,0.0,5769989000.0,613119000.0,0.0,0.0,5156870000.0,0.0,35625000.0,13172050000.0,13066786000.0,1.170074427480916,0.0,0.0,0.0,,1.170074427480916,0.08668790234848374,232.66007241897023,61.95696142991533,21.483676088981095,0.6406396989651929,0.0,0.0025850190365205115,0.00981197711122153,0.0,0.009211456035704748,362.88638492478924,0.0,2.2258064516129035,2.2585371834958003,10.750726442507265,1.121805364737802,-1.0,2.2585371834958003,0.0,2.2585371834958003,10.750726442507265,1.121805364737802,REIT—Mortgage,Real Estate,AGNCP
2009Q4,2009,Q4,2010-05-03,2009-12-31,16311000.0,29284000.0,0.0,0.031,29284000.0,1.0,4625684000.0,546822000.0,202803000.0,1166000.0,4078862000.0,0.0,19940000.0,13172050000.0,12969247000.0,1.0435534351145037,173.93053173241853,0.0,0.0,0.0,1.0435534351145037,0.029828719400463038,449.8036470427537,201.88906259579423,24.08836879276986,1.658390043528907,0.0,0.0020535907470742975,0.0063307394106471605,173.93053173241853,0.0035261812090925364,389.624929748277,1.0,-0.48333333333333334,-0.008510120965290918,394.7297297297298,1.118225379719621,-0.10152486730279509,-0.477830777603483,0.0,-0.008510120965290918,394.7297297297298,1.118225379719621,REIT—Mortgage,Real Estate,AGNCP
2009Q3,2009,Q3,2009-10-22,2009-09-30,31237000.0,32593000.0,0.0,0.06,32593000.0,1.0,3680106000.0,429527000.0,103626000.0,669000.0,3250579000.0,0.0,13293000.0,13172050000.0,13068424000.0,0.8197080152671756,154.8968609865471,0.0,0.0,0.0,0.8197080152671756,0.0727241826474238,404.13739146442487,105.42025482600762,30.66640746681815,0.7205237378749559,0.0,0.001708693787223705,0.008856538371449084,154.8968609865471,0.008488070724049796,515.4997651847214,1.0,0.034482758620689564,0.6526638802179779,0.0,0.6035383891705431,-0.1383439961930947,0.028683395903312914,0.0,0.6526638802179779,0.0,0.6035383891705431,REIT—Mortgage,Real Estate,AGNCP
2009Q2,2009,Q2,2009-07-31,2009-06-30,30366000.0,37826000.0,0.0,0.058,37826000.0,1.0,2803772000.0,311443000.0,69226000.0,416000.0,2492329000.0,0.0,9106000.0,13172050000.0,13102824000.0,0.5943568702290076,166.40865384615384,0.0,0.0,0.0,0.5943568702290076,0.09750098733957739,348.22740971818325,108.44406573141013,42.29361391972207,0.42000922083909636,0.0,0.0009682623433710015,0.013491111260116729,166.40865384615384,0.010830409890675846,606.3084004602991,1.0,0.870967741935484,4.522094926350245,4.583173431734317,0.18924935658044456,6.850975508509755,0.861688431120103,0.0,4.522094926350245,4.583173431734317,0.18924935658044456,REIT—Mortgage,Real Estate,AGNCP
2009Q1,2009,Q1,2009-05-06,2009-03-31,16311000.0,4818000.0,0.0,0.031,4818000.0,1.0,2385295000.0,288961000.0,53774000.0,353000.0,2096334000.0,0.0,1247000.0,13172050000.0,13118276000.0,0.5514522900763359,152.3342776203966,0.0,0.0,0.0,0.5514522900763359,0.05644706379061534,2733.9248650892487,201.88906259579423,45.584179179889325,1.1039176016185397,0.0,0.0013669853971097893,0.002019875948257972,152.3342776203966,0.006838147902041467,1084.4763708216697,1.0,0.0,0.0,0.0,0.0,64.10810810810811,-0.008510120965290864,0.0,0.0,0.0,0.0,REIT—Mortgage,Real Estate,AGNCP
2008Q4,2008,Q4,2009-02-17,2008-12-31,16451000.0,74000.0,0.0,0.031,74000.0,1.0,1656325000.0,258151000.0,56012000.0,248000.0,1398174000.0,0.0,0.0,13172050000.0,13116038000.0,0.4926545801526718,225.8548387096774,0.0,0.0,0.0,0.4926545801526718,0.06372626873419046,178000.67567567568,200.17096225153483,51.02459413289121,0.91210260774421,0.0,0.001139154497591491,4.467722216352467e-05,225.8548387096774,0.009932229483947896,997.8825757575758,1.0,-0.13888888888888884,0.0,0.0,0.0,0.0,-0.12962277128194274,0.0,0.0,0.0,0.0,REIT—Mortgage,Real Estate,AGNCP
2008Q3,2008,Q3,2008-10-31,2008-09-30,18901000.0,0.0,0.0,0.036,0.0,0.0,1725459000.0,267862000.0,17031000.0,758000.0,1457597000.0,0.0,4744000.0,13172050000.0,13155019000.0,0.5111870229007633,22.46833773087071,0.0,0.0,0.0,0.5111870229007633,0.07056245380083774,0.0,174.22424739431776,49.17476163098909,0.0,0.0,0.0,0.0,22.46833773087071,0.010954186683079691,779.2268102224325,0.0,2.5999999999999996,0.0,0.0,0.0,0.0,2.437170394617203,0.0,0.0,0.0,0.0,REIT—Mortgage,Real Estate,AGNCP
2008Q2,2008,Q2,2008-06-30,2008-06-30,5499000.0,6775000.0,0.0,0.01,0.0,0.0,2439767000.0,261882000.0,7842000.0,1497000.0,2177885000.0,0.0,848000.0,13172050000.0,13164208000.0,0.49977480916030537,5.238476953907815,0.0,0.0,,0.49977480916030537,0.020998006735858134,1944.2140221402215,598.8384251682123,50.2976531414912,,0.0,,0.0027769045158820495,5.238476953907815,0.002253903753924043,0.0,0.0,0.0,0.0,0.0,0.0,0.0,0.0,0.0,0.0,0.0,0.0,REIT—Mortgage,Real Estate,AGNCP
