Quarters,Year,Quarter,FillingDate,Date,NetIncome,Revenue,OperatingIncome,EPSDiluted,GrossProfit,GrossProfitRatio,TotalAssets,CommonStockEquity,CurrentAssets,CurrentLiability,TotalLiability,Inventory,RetainedEarnings,MarketCap,EnterpriseValue,bookValuePerShare,currentRatio,debtToAssets,debtToEquity,roic,shareholdersEquityPerShare,roe,priceToSalesRatio,peRatio,pbRatio,payoutRatio,inventoryTurnover,dividendYield,assetTurnover,quickRatio,returnOnAssets,priceToFreeCashFlowsRatio,grossProfitMargin,epsdilutedGrowth,fiveYNetIncomeGrowthPerShare,fiveYRevenueGrowthPerShare,fiveYShareholdersEquityGrowthPerShare,grossProfitGrowth,netIncomeGrowth,operatingIncomeGrowth,threeYNetIncomeGrowthPerShare,threeYRevenueGrowthPerShare,threeYShareholdersEquityGrowthPerShare,Industry,Sector,Symbol
2023Q1,2023,Q1,2023-05-04,2023-03-31,346000000.0,2411000000.0,727000000.0,1.13,1490000000.0,0.6180008295,21938000000.0,8133000000.0,3799000000.0,2308000000.0,13217000000.0,229000000.0,1686000000.0,40635075742.3,47755075742.3,26.487491418148856,1.6460138648180243,0.4202753213601969,1.1336530185663347,0.02832722645976856,26.487491418148856,0.04254272716094922,16.8540339038988,29.36060386004335,4.996320637194147,0.3959537572254335,4.021834061135372,0.003371471505770734,0.10990062904549185,1.432842287694974,0.015771720302671165,-204.19636051407036,0.6180008295313149,-0.36516853932584276,4.274829506671922,0.7970932450294089,-0.23058869928764933,-0.25125628140703515,-0.44551282051282054,-0.3122043519394513,1.1422611641867002,0.7812747616911342,0.12997970760595118,Oil & Gas E&P,Energy,HES
2022Q4,2022,Q4,2023-02-24,2022-12-31,624000000.0,2934000000.0,1057000000.0,1.78,1990000000.0,0.6782549421,21729000000.0,7982000000.0,3931000000.0,2280000000.0,13106000000.0,217000000.0,1474000000.0,43422002852.479996,50086002852.479996,26.069899259272574,1.7241228070175438,0.4210962308435731,1.1463292407917816,0.04126039908915973,26.069899259272574,0.0781758957654723,14.799591974260395,17.396635758205125,5.43999033481333,0.1842948717948718,4.350230414746544,0.0026484268906410407,0.1350269225459064,1.6,0.028717382300151872,94.60131340409585,0.678254942058623,0.06586826347305395,1.2398547453986384,0.8833831639493479,-0.25677169447835974,-0.08757450710683173,0.21165048543689322,-0.00937207122774133,3.7995980046144626,0.7363611235941815,-0.08953751332983065,Oil & Gas E&P,Energy,HES
2022Q3,2022,Q3,2022-11-03,2022-09-30,515000000.0,3122000000.0,1067000000.0,1.67,2181000000.0,0.698590647,21643000000.0,7559000000.0,4123000000.0,2312000000.0,13449000000.0,278000000.0,1354000000.0,33602539709.34,40288539709.34,24.517653044272876,1.7833044982698962,0.41907314143140967,1.1998941658949596,0.04185763424956343,24.517653044272876,0.06813070511972483,10.763145326502242,16.311912480262137,4.445368396525995,0.22330097087378642,3.384892086330935,0.0034223603630780075,0.14424987293813243,1.6258650519031141,0.023795222473779052,54.549577450227275,0.6985906470211403,-0.22325581395348837,1.8506056205360948,1.3486480424119365,-0.4067481789633295,0.018682858477347034,-0.22788605697151423,-0.11083333333333334,3.4008623366190296,0.9528626638368163,-0.16135139760252848,Oil & Gas E&P,Energy,HES
2022Q2,2022,Q2,2022-08-04,2022-06-30,667000000.0,2955000000.0,1200000000.0,2.15,2141000000.0,0.724534687,21180000000.0,7136000000.0,3969000000.0,2355000000.0,13422000000.0,317000000.0,1075000000.0,32800603141.64,39734603141.64,23.04798593902323,1.6853503184713376,0.4293201133144476,1.2742432735426008,0.049218905543001804,23.04798593902323,0.09346973094170404,11.100034904108291,12.294079138545728,4.5964970770235425,0.17391304347826086,2.5678233438485805,0.0035365203346745563,0.1395184135977337,1.5138004246284502,0.03149197355996223,38.77139851257683,0.7245346869712352,0.32716049382716034,2.525004733548492,1.4946843873891247,-0.46838488231294556,0.3364544319600499,0.3207920792079208,0.4943960149439601,110.32319988172661,0.7506009048816071,-0.24492528975408895,Oil & Gas E&P,Energy,HES
2022Q1,2022,Q1,2022-05-05,2022-03-31,505000000.0,2313000000.0,803000000.0,1.62,1602000000.0,0.6926070039,19798000000.0,6308000000.0,3266000000.0,2303000000.0,12750000000.0,243000000.0,680000000.0,33317543030.88,40570543030.880005,20.265849716895108,1.4181502388189318,0.435549045358117,1.366994292961319,0.037034023282260235,20.265849716895108,0.0800570703868104,14.404471695149157,16.49383318360396,5.281791856512365,0.23564356435643563,2.925925925925926,0.0035716919428814466,0.11682998282654813,1.2566217976552323,0.02550762703303364,-47.46088750837607,0.6926070038910506,0.40869565217391324,2.591960546704454,0.8499954832673703,-0.5446109683949046,0.08683853459972862,0.41853932584269665,0.342809364548495,14.427271032527248,0.4383706103639641,-0.3399155052892569,Oil & Gas E&P,Energy,HES
2021Q4,2021,Q4,2022-03-01,2021-12-31,356000000.0,2237000000.0,598000000.0,1.15,1474000000.0,0.658918194,20515000000.0,6300000000.0,4346000000.0,3064000000.0,13489000000.0,-1211000000.0,0.0,22930418870.59,29358418870.59,20.33931445527056,1.4184073107049608,0.4455764075067024,1.450952380952381,0.023245027096341384,20.33931445527056,0.05650793650793651,10.25052251702727,16.102822240582864,3.6397490270777775,0.21629213483146068,-0.630057803468208,0.003357984886126888,0.1090421642700463,1.2806788511749347,0.017353156227150866,58.795945822025644,0.6589181940098346,2.097267671258703,1.0743643623992232,0.646940187435463,-0.5570479635896178,0.4241545893719807,2.0956521739130434,0.4912718204488778,84.73880921959687,0.275612640274009,-0.3844035070982199,Oil & Gas E&P,Energy,HES
2021Q3,2021,Q3,2021-11-04,2021-09-30,115000000.0,1759000000.0,401000000.0,0.371295,1035000000.0,0.588402501421262,19490000000.0,5609000000.0,3892000000.0,2749000000.0,13234000000.0,262000000.0,192000000.0,24192767690.34,30983767690.34,18.10950262523861,1.4157875591124045,0.47255002565418164,1.642003922267784,0.01457117513772741,18.10950262523861,0.02050276341593867,13.753705338453667,52.592973239869565,4.313205150711356,0.6695652173913044,2.763358778625954,0.003182769370812648,0.09025141097998973,1.2779192433612223,0.005900461775269369,206.7757922251282,0.588402501421262,2.5470624999999996,1.3467839751440005,0.527742833012025,-0.710966333246455,0.23952095808383234,2.5753424657534247,0.05249343832020997,3.618982454111269,-0.06163977911766855,-0.44404176744796164,Oil & Gas E&P,Energy,HES
2021Q2,2021,Q2,2021-08-05,2021-06-30,-73000000.0,1579000000.0,381000000.0,-0.24,835000000.0,0.5288157061431286,19166000000.0,5488000000.0,3969000000.0,2527000000.0,12634000000.0,241000000.0,155000000.0,27040642168.64,33554642168.64,17.721922320164403,1.5706371191135735,0.46665970990295313,1.629737609329446,0.0024212293861868212,17.721922320164403,-0.013301749271137026,17.125169201165296,-92.60493893369862,4.927230715860058,-1.0547945205479452,3.087136929460581,0.002847565509716321,0.08238547427736617,1.3581321725366047,-0.0038088281331524576,62.88521434567442,0.5288157061431286,-1.2937493803724007,0.8095651551648092,0.3191990670376536,-0.7210558002116403,-0.30416666666666664,-1.2896825396825398,-0.31351351351351353,0.4565671650661557,-0.0038536726717665532,-0.4674036318744514,Oil & Gas E&P,Energy,HES
2021Q1,2021,Q1,2021-05-06,2021-03-31,252000000.0,1898000000.0,555000000.0,0.817023,1200000000.0,0.6322444678609063,18951000000.0,5616000000.0,3522000000.0,1690000000.0,12308000000.0,219000000.0,305000000.0,21824986552.800003,28327986552.800003,18.207945239215633,2.084023668639053,0.44161257981109175,1.4902065527065527,0.027600170502983804,18.207945239215633,0.04487179487179487,11.498939174288726,21.651772373809525,3.886215554273505,0.31746031746031744,3.1872146118721463,0.0036655234497606844,0.10015302622552899,1.7023668639053255,0.013297451321829983,105.94653666407768,0.6322444678609063,3.569828483718063,1.5083832522695668,1.0030502500819245,-0.7200306287488891,1.4489795918367347,3.597938144329897,7.2835820895522385,3.374416598190814,0.40835906081751155,-0.47109378503828,Oil & Gas E&P,Energy,HES
2020Q4,2020,Q4,2021-03-01,2020-12-31,-97000000.0,1321000000.0,67000000.0,-0.317929,490000000.0,0.3709311127933384,18821000000.0,5366000000.0,3081000000.0,1623000000.0,12486000000.0,378000000.0,130000000.0,16205479056.68,22843479056.68,17.479960882935693,1.8983364140480592,0.44508793369108973,1.5611256056653,-0.00276821374466327,17.479960882935693,-0.01807677972418934,12.267584448660106,-41.76669859969072,3.020029641572866,-0.7835051546391752,2.1984126984126986,0.004689771881114019,0.07018755645289836,1.6013555144793592,-0.005153817544232506,144.6917772917857,0.3709311127933384,0.6009531567512341,0.9503651370487977,-0.1649155963959612,-0.7420785281122244,0.6387959866220736,0.6008230452674898,1.87012987012987,0.962812445603138,-0.15424699306038145,-0.501662757557915,Oil & Gas E&P,Energy,HES
2020Q3,2020,Q3,2020-11-05,2020-09-30,-243000000.0,1159000000.0,-77000000.0,-0.796721,299000000.0,0.25798101811906815,18969000000.0,5916000000.0,3136000000.0,1426000000.0,12087000000.0,422000000.0,304000000.0,12568678964.32,19670678964.32,19.26549963503667,2.1991584852734922,0.4421424429332068,1.4176808654496282,-0.005291639127561136,19.26549963503667,-0.04107505070993915,10.844416707782571,-12.930739675226336,2.124523151507775,-0.31275720164609055,2.037914691943128,0.006046777088964481,0.06109968896620802,1.391304347826087,-0.012810374822078127,-43.34027229075862,0.25798101811906815,0.24121809523809526,0.18853876356182298,-0.3537914585635734,-0.7416058615476764,8.119047619047619,0.240625,0.5246913580246914,0.5970372939862579,-0.12460101411061691,-0.5338341430548711,Oil & Gas E&P,Energy,HES
2020Q2,2020,Q2,2020-08-06,2020-06-30,-320000000.0,833000000.0,-162000000.0,-1.05,-42000000.0,-0.05042016806722689,19546000000.0,6395000000.0,3115000000.0,1564000000.0,12180000000.0,360000000.0,625000000.0,15913152607.44,22585152607.440002,20.820824017303337,1.991687979539642,0.42556021692417884,1.3007036747458953,-0.010172069996905835,20.820824017303337,-0.05003909304143862,19.10342449872749,-12.432150474562501,2.4883741372071935,-0.2375,2.4305555555555554,0.004775923531611651,0.04261741532794434,1.4335038363171355,-0.01637163614038678,-50.84074315476038,-0.05042016806722689,0.86875,0.4725350851797304,-0.6013705174992378,-0.7167805940111774,-1.6,0.8684751335799424,0.2669683257918552,0.26247870971248444,-0.2911042854917102,-0.5197556593628653,Oil & Gas E&P,Energy,HES
2020Q1,2020,Q1,2020-05-07,2020-03-31,-2433000000.0,1354000000.0,-221000000.0,-8.0,70000000.0,0.051698670605613,20717000000.0,7200000000.0,4270000000.0,1947000000.0,12539000000.0,230000000.0,1021000000.0,10228372722.0,16488372722.0,23.440678836850076,2.1931176168464304,0.4025679393734614,1.1583333333333334,-0.01313954931822785,23.440678836850076,-0.33791666666666664,7.554189602658789,-1.0510041843403204,1.4206073224999998,-0.03329223181257707,5.582608695652174,0.007919148255692593,0.06535695322681856,1.4761171032357474,-0.11743978375247381,-27.421910782841824,0.051698670605613,-9.95890410958904,-4.851804092061701,-0.17631795417221857,-0.6890926537951505,-0.7222222222222222,-9.95945945945946,-15.733333333333333,-6.772264760814316,0.09743360479333112,-0.47327014732670936,Oil & Gas E&P,Energy,HES
2019Q4,2019,Q4,2020-02-20,2019-12-31,-222000000.0,1683000000.0,15000000.0,-0.73,252000000.0,0.1497326203208556,21782000000.0,8732000000.0,3156000000.0,2510000000.0,12076000000.0,261000000.0,3535000000.0,20374075084.32,26170075084.32,28.63368852748443,1.2573705179282868,0.3370213938114039,0.8407008703618873,0.002543475360256182,28.63368852748443,-0.025423728813559324,12.105808130909091,-22.943778248108107,2.333265584553367,-0.33783783783783783,5.482758620689655,0.003681148699492151,0.07726563217335415,1.0816733067729083,-0.010191901570103756,-37.79976824549165,0.1497326203208556,-0.08505170345685577,-25.01009320796841,-0.33551937477309246,-0.6314114240287897,0.02857142857142857,-0.04716981132075472,-0.8571428571428571,0.9528984018155411,0.2585305638738131,-0.3764120874829599,Oil & Gas E&P,Energy,HES
2019Q3,2019,Q3,2019-11-07,2019-09-30,-212000000.0,1580000000.0,105000000.0,-0.672779,245000000.0,0.1550632911392405,21631000000.0,8908000000.0,3398000000.0,2344000000.0,11454000000.0,289000000.0,3836000000.0,18428633092.8,23365633092.8,29.234715200363393,1.4496587030716723,0.3143636447690814,0.7633587786259542,0.021024063687352993,29.234715200363393,-0.023798832510103278,11.663691830886075,-21.73187864716981,2.0687733602155363,-0.3632075471698113,4.619377162629758,0.004178280592611268,0.07304331746105126,1.2734641638225257,-0.009800748925153714,-69.28057553684211,0.1550632911392405,-32.63895,-1.2063571476175177,-0.43524650723173647,-0.6395620074695432,-0.31564245810055863,-34.333333333333336,-0.5353982300884956,0.35017769023423956,0.3948871673936642,-0.5334042515844472,Oil & Gas E&P,Energy,HES
2019Q2,2019,Q2,2019-08-06,2019-06-30,-6000000.0,1660000000.0,226000000.0,-0.02,358000000.0,0.21566265060240963,21695000000.0,9294000000.0,3684000000.0,2332000000.0,11164000000.0,278000000.0,4125000000.0,19568967519.3,24214967519.3,30.52411321194563,1.5797598627787306,0.31592532841668586,0.7374650312029266,0.002704121779793552,30.52411321194563,-0.0006455777921239509,11.788534650180722,-815.3736466374999,2.1055484742091672,-12.666666666666666,4.683453237410072,0.0038837000431956666,0.07651532611200737,1.4013722126929673,-0.0002765614196819544,383.70524547647057,0.21566265060240963,-1.2222222222222223,-1.0065133453576767,-0.41051096764610967,-0.6127707839441249,-0.008310249307479225,-1.1875,-0.058333333333333334,0.9840809015619226,0.4105222951560063,-0.5195484902635277,Oil & Gas E&P,Energy,HES
2019Q1,2019,Q1,2019-05-01,2019-03-31,32000000.0,1572000000.0,240000000.0,0.09,361000000.0,0.2296437659033079,21716000000.0,9342000000.0,3834000000.0,2271000000.0,11163000000.0,274000000.0,4207000000.0,18512445027.960003,23176445027.960003,30.70190237656748,1.6882430647291942,0.3206852090624424,0.7454506529651038,0.006123311241787109,30.70190237656748,0.003425390708627703,11.776364521603055,144.62847678093752,1.9816361622736032,2.75,4.41970802919708,0.00475355901757388,0.07238902191932216,1.5041831792162044,0.0014735678762202984,-42.75391461422633,0.2296437659033079,7.55875,-0.9143936888564729,-0.7077262741301141,-0.6004475940460203,0.16451612903225807,9.0,0.875,1.0654383374056962,0.6816660713801678,-0.5279207954740714,Oil & Gas E&P,Energy,HES
2018Q4,2018,Q4,2019-02-21,2018-12-31,-4000000.0,1650000000.0,128000000.0,-0.0137221269296741,310000000.0,0.18787878787878787,21433000000.0,9629000000.0,4459000000.0,2203000000.0,10545000000.0,245000000.0,4257000000.0,11803098627.0,15781098627.0,33.04001028237786,2.024058102587381,0.3112956655624504,0.6929068439090248,0.004376680099078704,33.04001028237786,-0.0004154117769238758,7.153393107272727,-737.6936641875,1.2257865434624573,-20.75,5.469387755102041,0.007032051719887742,0.0769840899547427,1.6772582841579664,-0.00018662809685998226,54.39215957142857,0.18787878787878787,0.9028669443763784,-1.002319483217625,-0.8594141941458423,-0.5651948319950125,-0.38,0.9047619047619048,-0.3191489361702128,0.9978440222073824,0.09870398144312188,-0.5124858607929021,Oil & Gas E&P,Energy,HES
2018Q3,2018,Q3,2018-11-09,2018-09-30,-42000000.0,1793000000.0,188000000.0,-0.14127144298688193,500000000.0,0.2788622420524261,21467000000.0,9650000000.0,4501000000.0,1958000000.0,10421000000.0,263000000.0,4410000000.0,22097521414.24,25787521414.24,32.573494850700925,2.298774259448417,0.31182745609540224,0.693678756476684,0.00027829093837335964,32.573494850700925,-0.004352331606217617,12.32432873075293,-131.5328655609524,2.2898985921492225,-2.0476190476190474,4.916349809885932,0.003891839197159017,0.08352354777099734,2.1378958120531153,-0.001956491358829832,-188.86770439521368,0.2788622420524261,0.7056844937773293,-1.1139482162308656,-0.24497726643776113,-0.5373805012293946,0.6129032258064516,0.676923076923077,0.5798319327731093,0.8546229915852729,0.03622598855036879,-0.5631153981067232,Oil & Gas E&P,Energy,HES
2018Q2,2018,Q2,2018-08-01,2018-06-30,-130000000.0,1534000000.0,119000000.0,-0.48,310000000.0,0.20208604954367665,21464000000.0,9972000000.0,4694000000.0,1945000000.0,10128000000.0,231000000.0,4692000000.0,20046143631.11,23577143631.11,33.2745834946941,2.413367609254499,0.2999906820723071,0.6457079823505816,-0.02336508710282399,33.2745834946941,-0.013036502206177296,13.067890241923077,-38.55027621367307,2.0102430436331726,-0.6692307692307692,5.298701298701299,0.004339986862360051,0.07146850540439806,2.047814910025707,-0.006056653000372717,-294.7962298692647,0.20208604954367665,-0.26381640960289837,-1.1040964731122638,-0.4162231067156881,-0.5218422676963532,0.27049180327868855,-0.22641509433962265,0.26595744680851063,0.780386039162693,-0.24764507609929023,-0.5473758500594966,Oil & Gas E&P,Energy,HES
2018Q1,2018,Q1,2018-05-01,2018-03-31,-106000000.0,1346000000.0,94000000.0,-0.379802,244000000.0,0.1812778603268945,22072000000.0,10605000000.0,5014000000.0,1904000000.0,10135000000.0,239000000.0,5166000000.0,15593749212.619999,18435749212.62,34.42565945369624,2.633403361344538,0.2975715839072128,0.6193305044790194,-0.04447388342165026,34.42565945369624,-0.009995285242809996,11.585252015319464,-36.77771040712264,1.47041482438661,-0.839622641509434,4.610878661087866,0.005707415117845581,0.06098223994200797,2.480567226890756,-0.004802464661109097,-82.07236427694737,0.1812778603268945,0.9710516768292683,-1.0925758758148096,-0.5672280144355615,-0.4728230094716303,0.6158940397350994,0.960403436682854,1.284848484848485,0.7457930371541036,-0.18356821831627504,-0.5433924718394006,Oil & Gas E&P,Energy,HES
2017Q4,2017,Q4,2018-02-21,2017-12-31,-2677000000.0,1603000000.0,-330000000.0,-13.12,151000000.0,0.0941983780411728,23112000000.0,11051000000.0,6157000000.0,2435000000.0,10758000000.0,232000000.0,5597000000.0,14955595104.05,17085595104.05,35.07656942771471,2.5285420944558523,0.3018778123918311,0.6313455795855578,-0.019472468207397113,35.07656942771471,-0.2422405212197991,9.329753651933874,-1.3966749256677249,1.3533250478734955,-0.03361972357116175,6.258620689655173,0.006017814695693911,0.06935790931118034,2.411088295687885,-0.11582727587400485,-70.87959764952606,0.0941983780411728,-5.495049504950495,-8.759221141915544,-0.81729572833864,-0.43197642630713806,2.1796875,-3.2900641025641026,-0.17437722419928825,-302.5912628029995,-0.3873905495649916,-0.5484751200353823,Oil & Gas E&P,Energy,HES
2017Q3,2017,Q3,2017-11-07,2017-09-30,-624000000.0,1370000000.0,-281000000.0,-2.02,-128000000.0,-0.09343065693430656,26600000000.0,13132000000.0,4083000000.0,2214000000.0,12172000000.0,372000000.0,8438000000.0,14899486185.36,19087486185.36,41.32756474549005,1.8441734417344173,0.25240601503759397,0.5112701797136765,-0.003270861519952171,41.32756474549005,-0.04751751446847396,10.875537361576642,-5.969345426826923,1.1345938307462686,-0.14583333333333334,4.026881720430108,0.006107593165824414,0.05150375939849624,1.6120144534778682,-0.023458646616541352,-35.057614553788234,-0.09343065693430656,-0.3835616438356165,-2.193782722681819,-0.8412140899703142,-0.3187852486212184,0.36633663366336633,-0.3897550111358575,0.2084507042253521,-1.582449835324134,-0.5304166523111857,-0.4904679463800027,Oil & Gas E&P,Energy,HES
2017Q2,2017,Q2,2017-08-03,2017-06-30,-449000000.0,1216000000.0,-355000000.0,-1.46,-202000000.0,-0.16611842105263158,27798000000.0,13780000000.0,4270000000.0,2118000000.0,12720000000.0,376000000.0,9153000000.0,13943801583.55,18184801583.55,43.354647323236726,2.016052880075543,0.24221166990430967,0.4886066763425254,-0.01698033671617138,43.354647323236726,-0.03258345428156749,11.466942091735197,-7.763809344961024,1.0118869073693757,-0.20044543429844097,3.771276595744681,0.006454480828684209,0.04374415425570185,1.619452313503305,-0.016152241168429383,-44.2660367731746,-0.16611842105263158,-0.3644859813084111,-1.8787533017131517,-0.8595709860234761,-0.25548591712592983,-1.9275362318840579,-0.38580246913580246,-0.5919282511210763,-1.466922981136677,-0.5863364365155115,-0.45000249544396803,Oil & Gas E&P,Energy,HES
2017Q1,2017,Q1,2017-05-04,2017-03-31,-324000000.0,1277000000.0,-223000000.0,-1.07,-69000000.0,-0.05403288958496476,28100000000.0,14148000000.0,4171000000.0,2126000000.0,12867000000.0,377000000.0,9692000000.0,15326744967.630001,19425744967.63,44.50227895358987,1.9619002822201317,0.24145907473309608,0.4795730845349166,-0.010204849900986303,44.50227895358987,-0.022900763358778626,12.002149543954582,-11.826192104652778,1.0833153072964377,-0.2839506172839506,3.570291777188329,0.006002579164349866,0.04544483985765124,1.6923800564440263,-0.011530249110320285,-373.8230479909756,-0.05403288958496476,0.931629392971246,-1.636352357780235,-0.8588194177682011,-0.20557490804665404,0.8028571428571428,0.9337694194603434,0.8501344086021505,-1.8295882500605907,-0.7727573168285082,-0.42085046039645685,Oil & Gas E&P,Energy,HES
2016Q4,2016,Q4,2017-02-23,2016-12-31,-4892000000.0,1388000000.0,-1488000000.0,-15.65,-350000000.0,-0.2521613832853026,28621000000.0,14534000000.0,4276000000.0,2251000000.0,13030000000.0,323000000.0,10147000000.0,19716230128.0,23790230128.0,45.91764521526384,1.8996001776988005,0.23779742147374305,0.4682812715013073,-0.1998412944755232,45.91764521526384,-0.3365900646759323,14.204776749279539,-1.007575129190515,1.3565591116003854,-0.01839738348323794,5.3808049535603715,0.004564767169773826,0.048495859683449216,1.6694802310084407,-0.1709234478180357,-122.46105669565218,-0.2521613832853026,-12.973214285714285,-39.1487061503387,-0.8466798822530539,-0.15609339669721942,-0.1513157894736842,-13.430678466076696,-2.0491803278688523,-3.6118796205907047,-0.8911113880401934,-0.3957256891997758,Oil & Gas E&P,Energy,HES
2016Q3,2016,Q3,2016-11-02,2016-09-30,-339000000.0,1177000000.0,-488000000.0,-1.12,-304000000.0,-0.2582837723024639,34459000000.0,19838000000.0,4893000000.0,2617000000.0,13544000000.0,403000000.0,15129000000.0,16977221129.96,20785221129.96,62.65533987319315,1.869698127627054,0.2129197016744537,0.36984575057969554,-0.008993025429061826,62.65533987319315,-0.01708841617098498,14.424147094273577,-12.520074579616518,0.8557929796330275,-0.26843657817109146,3.674937965260546,0.005360123385529255,0.034156533851823906,1.6744363775315247,-0.00983777822919992,-86.17878746172589,-0.2582837723024639,0.13178294573643404,-2.2212217975214164,-0.8541793569582147,0.1308096156656071,0.08708708708708708,0.13520408163265307,0.23510971786833856,-1.8605598885069374,-0.5362548697807783,-0.11014823370066404,Oil & Gas E&P,Energy,HES
2016Q2,2016,Q2,2016-08-05,2016-06-30,-392000000.0,1224000000.0,-638000000.0,-1.29,-333000000.0,-0.27205882352941174,34234000000.0,20119000000.0,4631000000.0,2139000000.0,13060000000.0,377000000.0,15559000000.0,19032128855.7,22489128855.7,63.53214131575548,2.1650303880317905,0.19138867792253317,0.3256623092599036,-0.013160140238273227,63.53214131575548,-0.019484069784780556,15.549124882107844,-12.137837280420918,0.9459778744321288,-0.22704081632653061,4.129973474801061,0.004676302933570411,0.03575392884267103,1.9368863955119215,-0.011450604662031898,-45.53140874569378,-0.27205882352941174,0.24999999999999997,-1.6931274989252956,-0.8666697515670332,0.15005620989003537,0.3821892393320965,0.22986247544204322,0.17035110533159947,-1.2970540477451455,-0.559181610452386,-0.08703937271579837,Oil & Gas E&P,Energy,HES
2016Q1,2016,Q1,2016-05-05,2016-03-31,-509000000.0,973000000.0,-769000000.0,-1.72,-539000000.0,-0.5539568345323741,34808000000.0,20598000000.0,4945000000.0,2193000000.0,13174000000.0,416000000.0,16042000000.0,16675275304.35,19710275304.35,65.03548998181131,2.2549019607843137,0.18938175132153529,0.32003107097776484,-0.01654896751962167,65.03548998181131,-0.024711137003592582,17.138001340544708,-8.190213803708252,0.8095579815685989,-0.15717092337917485,3.6346153846153846,0.004797521992283437,0.027953344058837048,2.0104879160966713,-0.01462307515513675,-24.52246368286765,-0.5539568345323741,0.7325038880248834,-1.587737412304168,-0.8978223906024891,0.2310227086456512,-0.4930747922437673,0.7204832509610104,0.12514220705346984,-1.4323779257979588,-0.6957148992579024,-0.004079676897284254,Oil & Gas E&P,Energy,HES
2015Q4,2015,Q4,2016-02-26,2015-12-31,-1821000000.0,1474000000.0,-879000000.0,-6.43,-361000000.0,-0.24491180461329715,34195000000.0,19386000000.0,4404000000.0,2628000000.0,13794000000.0,399000000.0,16637000000.0,13867490009.279999,17781490009.28,67.77241442907635,1.6757990867579908,0.19388799532095335,0.3419993809965955,-0.026505623548351124,67.77241442907635,-0.0939337666357165,9.408066492048846,-1.903828941416804,0.7153352939894769,-0.039538714991762765,4.598997493734336,0.005191999413867848,0.04310571721011844,1.4745053272450532,-0.05325339961982746,-44.44708336307692,-0.24491180461329715,-5.561224489795918,-38.29087785636836,-0.8056260878980365,0.3796805714005935,-0.719047619047619,-5.526881720430108,-0.8583509513742071,-6.813382794588275,-0.814961593736606,0.09749412983873217,Oil & Gas E&P,Energy,HES
2015Q3,2015,Q3,2015-11-05,2015-09-30,-279000000.0,1671000000.0,-473000000.0,-0.98,-210000000.0,-0.12567324955116696,36456000000.0,21331000000.0,5597000000.0,2624000000.0,14093000000.0,535000000.0,18530000000.0,14322025481.58,17861025481.58,74.55857841988684,2.1330030487804876,0.17972350230414746,0.3071585954713797,-0.007521955810979844,74.55857841988684,-0.013079555576391167,8.570930868689407,-12.833356166290324,0.6714183808344663,-0.25448028673835127,3.5158878504672897,0.004957399363052055,0.045836076366030286,1.7282774390243902,-0.007653061224489796,-21.030874422290747,-0.12567324955116696,0.507537688442211,-1.2775981449856155,-0.756021750897565,0.5570431860709845,-11.0,0.5079365079365079,-1.15,-1.5928193420992431,-0.7848975745437674,0.22897160222829746,Oil & Gas E&P,Energy,HES
2015Q2,2015,Q2,2015-08-07,2015-06-30,-567000000.0,1953000000.0,-220000000.0,-1.99,21000000.0,0.010752688172043012,35558000000.0,21103000000.0,3926000000.0,3493000000.0,14455000000.0,569000000.0,18923000000.0,19198423055.68,24224423055.68,73.51482129061823,1.1239622101345548,0.16752910737386806,0.2822821399800976,-0.006341234075246253,73.51482129061823,-0.026868217788939962,9.830221738699437,-8.46491316388007,0.9097485218063782,-0.12698412698412698,3.3954305799648505,0.003750308022236142,0.054924348951009616,0.7801316919553393,-0.01594577872771247,-40.6746251179661,0.010752688172043012,-0.45255474452554734,-2.7118505985978207,-0.7140273724104781,0.6632312509189644,1.088235294117647,-0.45758354755784064,0.6636085626911316,-2.228705930411947,-0.7502705380041926,0.262444123758348,Oil & Gas E&P,Energy,HES
2015Q1,2015,Q1,2015-05-07,2015-03-31,-389000000.0,1538000000.0,-654000000.0,-1.37,-238000000.0,-0.15474642392717816,36101000000.0,21667000000.0,4323000000.0,3467000000.0,14434000000.0,546000000.0,19578000000.0,19504617222.31,23978617222.31,75.39441934384391,1.2468993366022498,0.16564638098667628,0.2759957539114783,-0.012234413926128725,75.39441934384391,-0.01795356994507777,12.681805736222367,-12.53510104261568,0.9001992533488715,-0.18508997429305912,3.2527472527472527,0.003691433632321895,0.04260269798620537,0.9278915488895298,-0.010775324783247001,-22.29099111121143,-0.15474642392717816,-44.66666666666667,-1.8260954148091317,-0.8102179483225446,0.786714406506642,-1.542141230068337,-47.625,-4.221674876847291,-1.845192171170907,-0.8118979088226249,0.3458910403771747,Oil & Gas E&P,Energy,HES
2014Q4,2014,Q4,2015-02-27,2014-12-31,-8000000.0,2374000000.0,203000000.0,-0.03,439000000.0,0.18491996630160068,38578000000.0,22205000000.0,6687000000.0,4851000000.0,16258000000.0,527000000.0,20052000000.0,21100337042.48,24643337042.48,77.68468800758748,1.3784786641929498,0.15519207838664523,0.2696239585678901,-0.0060266094605931995,77.68468800758748,-0.00036027921639270434,8.888094794641955,-659.3855325774999,0.9502516119108309,-8.875,3.6717267552182165,0.0033648751608592845,0.061537663953548656,0.9311482168625026,-0.00020737207734978485,-41.61802178003945,0.18491996630160068,-1.0090634441087614,-1.0256693030487662,-0.6857551378958003,0.9057764958423409,-0.5149171270718232,-1.007936507936508,-0.6838006230529595,0.9272948309104937,-0.7096107141192084,0.42774353688604566,Oil & Gas E&P,Energy,HES
2014Q3,2014,Q3,2014-11-10,2014-09-30,1008000000.0,2745000000.0,642000000.0,3.31,905000000.0,0.3296903460837887,40975000000.0,24249000000.0,8865000000.0,5015000000.0,16610000000.0,817000000.0,21020000000.0,28198715145.12,30074715145.12,81.10886145803035,1.7676969092721835,0.14633312995729103,0.2472679285743742,0.013164604448287702,81.10886145803035,0.04156872448348386,10.272755972721312,6.993728954642856,1.1628815681108498,0.07539682539682539,2.252141982864137,0.0026951582584127907,0.06699206833435022,1.431505483549352,0.024600366076876143,-1174.94646438,0.3296903460837887,0.11824324324324327,2.1995517411500316,-0.5913129067126289,1.038746898230435,-0.10837438423645321,0.08270676691729323,0.6589147286821705,2.8456490524503355,-0.6398369442160466,0.46386055263697895,Oil & Gas E&P,Energy,HES
2014Q2,2014,Q2,2014-08-07,2014-06-30,931000000.0,2846000000.0,387000000.0,2.96,1015000000.0,0.35664089950808153,41071000000.0,24257000000.0,8767000000.0,5257000000.0,16717000000.0,842000000.0,20879000000.0,30430881046.170002,34302881046.170002,78.82698914831148,1.6676811869887769,0.14796328309512796,0.2505256214700911,0.011682716513722977,78.82698914831148,0.03838067361998598,10.692509151851722,8.171557746017724,1.254519563267098,0.08270676691729323,2.17458432304038,0.0025303243729018206,0.06929463611794211,0.9326612136199354,0.022668062623262156,4347.268720881429,0.35664089950808153,1.4666666666666668,8.772148405720488,-0.5575062299290902,1.0769326613022765,-0.2492603550295858,1.4119170984455958,-0.5082592121982211,0.6940549409874912,-0.6809689787061433,0.42692291648712605,Oil & Gas E&P,Energy,HES
2014Q1,2014,Q1,2014-05-08,2014-03-31,386000000.0,5554000000.0,787000000.0,1.2,1352000000.0,0.24342815988476774,41424000000.0,24144000000.0,7048000000.0,5981000000.0,17182000000.0,1055000000.0,20693000000.0,26041585893.12,30329585893.12,76.8407395852441,1.1783982611603412,0.13460795674005407,0.2309476474486415,0.01649999795456684,76.8407395852441,0.015987408880053015,4.688798324292402,16.866312106943003,1.078594511809145,0.20466321243523317,3.9829383886255925,0.003033609409359022,0.13407686365392044,0.7545560942986123,0.009318269602162997,-91.05449612979021,0.24342815988476774,-0.7916666666666666,7.7254311209080715,-0.17434516752802098,1.064855148588506,-0.21395348837209302,-0.7994805194805195,4.077419354838709,-0.5507275272283595,-0.41209693595576974,0.45447809196205563,Oil & Gas E&P,Energy,HES
2013Q4,2013,Q4,2014-02-28,2013-12-31,1925000000.0,13101000000.0,155000000.0,5.76,1720000000.0,0.13128768796275095,42754000000.0,24720000000.0,8599000000.0,6558000000.0,17970000000.0,954000000.0,21235000000.0,27001076691.0,30985076691.0,75.98808090063656,1.311222933821287,0.1356130420545446,0.23454692556634305,0.027917516055013025,75.98808090063656,0.07787216828478964,2.0609935646897184,3.5066333364935063,1.092276565169903,0.042077922077922075,11.929769392033544,0.0029998803724371084,0.3064274687748515,0.8141201585849345,0.04502502689806802,275.52119072448977,0.13128768796275095,3.6829268292682924,26.828462018932747,0.7618588429609477,0.9943243788823928,0.575091575091575,3.5833333333333335,-0.802547770700637,33.66216263805168,0.5190679444313684,0.5469314434169791,Oil & Gas E&P,Energy,HES
2013Q3,2013,Q3,2013-11-07,2013-09-30,420000000.0,2706000000.0,785000000.0,1.23,1092000000.0,0.4035476718403548,41896000000.0,23769000000.0,9257000000.0,6923000000.0,18054000000.0,695000000.0,20279000000.0,26108063183.760002,31996063183.760002,70.41098556646187,1.3371370793008812,0.14820030551842658,0.2612226008666751,0.013869794916658131,70.41098556646187,0.017670074466742396,9.648212558669623,15.540513799857145,1.0984081443796543,0.20238095238095238,2.322302158273381,0.0032556991838778968,0.06458850486919993,0.30304781164235156,0.010024823372159633,-170.64093584156865,0.4035476718403548,-0.7043269230769231,-0.47439949279161175,-0.769745923743499,0.8847646696475854,-0.2029197080291971,-0.7064989517819706,-0.21734795613160518,-0.6458357208705912,-0.6651536554824564,0.47042698002353206,Oil & Gas E&P,Energy,HES
2013Q2,2013,Q2,2013-08-08,2013-06-30,1431000000.0,3011000000.0,1003000000.0,4.16,1370000000.0,0.4549983394221189,41428000000.0,23897000000.0,9992000000.0,6733000000.0,17455000000.0,683000000.0,20369000000.0,22908300923.129997,27983300923.129997,69.5891360668483,1.4840338630625278,0.14000193106111808,0.24270828974348244,0.026860665426850564,69.5891360668483,0.059881993555676444,7.608203561318498,4.0021490082337525,0.9586266444796417,0.023759608665269043,2.402635431918009,0.0014841781638057217,0.07268031283190113,0.39789098470221296,0.03454185574973448,-101.81467076946666,0.4549983394221189,0.11921555903337443,0.4859822474232138,-0.7598343885119189,1.011678884232573,-0.07181571815718157,0.12147335423197492,-0.09476534296028881,2.611518037833421,-0.6314466760454379,0.574414843141364,Oil & Gas E&P,Energy,HES
2013Q1,2013,Q1,2013-05-09,2013-03-31,1276000000.0,3466000000.0,1108000000.0,3.716889,1476000000.0,0.4258511252163878,42379000000.0,22418000000.0,11418000000.0,8906000000.0,19854000000.0,686000000.0,18958000000.0,25246121535.72,32178121535.72,65.3019006371896,1.2820570401976197,0.17404846740130725,0.32902132215184227,0.026614777389942904,65.3019006371896,0.05691854759568204,7.283935815268321,4.94634042627743,1.1261540519100723,0.0274294670846395,2.9008746355685133,0.0013863515609904484,0.08178579013190496,0.25645632158095666,0.030109252223978856,-36.58858193582609,0.4258511252163878,2.3941717722553824,0.5856769013599002,-0.6935271093350862,0.9660395561433747,4.904761904761905,2.411764705882353,0.1888412017167382,1.2684009691643219,-0.6419729008555545,0.5475395613648788,Oil & Gas E&P,Energy,HES
2012Q4,2012,Q4,2013-02-28,2012-12-31,374000000.0,9511000000.0,932000000.0,1.095079816048961,-378000000.0,-0.03974345494690359,43441000000.0,21090000000.0,8387000000.0,8382000000.0,22238000000.0,1259000000.0,17717000000.0,18087302596.32,25556302596.32,61.7519607499267,1.0005965163445478,0.1867130130521857,0.38458985301090565,0.0175963121818931,61.7519607499267,0.017733522996680892,1.9017245921900956,12.09044291197861,0.8576245896785206,0.09358288770053476,7.8546465448768865,0.0019350591285580093,0.21894063212172832,0.5941302791696492,0.008609378237149237,-86.54211768574163,-0.03974345494690359,-0.3322684048481945,-0.3047316775751891,-0.04639233176880808,1.0457627267061864,-1.1534713763702802,-0.32854578096947934,-0.057633973710819006,0.004350305954022739,0.05366650995709813,0.5149116046896489,Oil & Gas E&P,Energy,HES
2012Q3,2012,Q3,2012-11-08,2012-09-30,557000000.0,9194000000.0,989000000.0,1.64,2463000000.0,0.26789210354579074,42212000000.0,20542000000.0,8157000000.0,7848000000.0,21560000000.0,1218000000.0,17377000000.0,18267470000.0,25580470000.0,60.667454223272294,1.0393730886850152,0.18575286648346442,0.3817057735371434,0.018718804417127324,60.667454223272294,0.027115178658358486,1.9868903632804003,8.199043985637344,0.8892741699931848,0.06104129263913824,5.526272577996716,0.001861232015161377,0.21780536340377143,0.608053007135576,0.013195299914716194,-61.300234899328856,0.26789210354579074,0.020182824226853722,0.33224894763994695,0.1657816696173615,1.0409631513329274,-0.07336343115124154,0.014571948998178506,-0.1860082304526749,0.5610699914950815,0.20862520728202788,0.5249330578414568,Oil & Gas E&P,Energy,HES
2012Q2,2012,Q2,2012-08-03,2012-06-30,549000000.0,9304000000.0,1215000000.0,1.607555,2658000000.0,0.2856835769561479,40614000000.0,19887000000.0,7925000000.0,7084000000.0,20655000000.0,1309000000.0,16854000000.0,14838715691.800001,22274715691.800003,58.23213868013547,1.1187182382834557,0.19315999409070764,0.39447880524966056,0.02219652305180756,58.23213868013547,0.02760597375169709,1.5948748593938091,6.7571565081056475,0.7461515407954946,0.061930783242258654,5.077158135981666,0.0022913034191219587,0.22908356724282267,0.6940993788819876,0.013517506278623135,-20.106660828997292,0.2856835769561479,0.0047218749999999865,-0.08049014620788357,0.1696246391763224,1.041681455209768,0.1407725321888412,0.007339449541284404,0.29669156883671294,4.1924023008660845,0.30345962393368847,0.5342997629238728,Oil & Gas E&P,Energy,HES
2012Q1,2012,Q1,2012-05-04,2012-03-31,545000000.0,9682000000.0,937000000.0,1.6,2330000000.0,0.2406527576946912,40647000000.0,19063000000.0,8212000000.0,8191000000.0,21490000000.0,1411000000.0,16337000000.0,20060685000.0,26642685000.0,56.01821921833676,1.0025637895250885,0.17167318621300465,0.36604941509730893,0.02243848979282199,56.01821921833676,0.028589414048156115,2.0719567238173933,9.202149082568807,1.0523362010176782,0.12477064220183487,5.210489014883062,0.003389714757995552,0.23819716092208526,0.6568184592845806,0.013408123600757743,-22.540095505617977,0.2406527576946912,5.156335877862595,0.3734185257840858,0.23344972972378314,1.0636922045719557,-0.03239202657807309,5.1603053435114505,0.1654228855721393,9.76768753393068,0.3289647665313387,0.5053148758338414,Oil & Gas E&P,Energy,HES
2011Q4,2011,Q4,2012-02-27,2011-12-31,-131000000.0,9733000000.0,804000000.0,-0.3849544519541581,2408000000.0,0.24740573307305044,39136000000.0,18516000000.0,8339000000.0,8100000000.0,20544000000.0,1423000000.0,15826000000.0,19329040000.0,25035040000.0,54.410813987657946,1.029506172839506,0.15476798855273916,0.32712248865845756,0.022143051809759166,54.410813987657946,-0.007074962194858501,1.9859282852152471,-36.88748091603053,1.0439101317779218,0.0,5.147575544624034,0.0,0.24869685200327066,0.6619753086419753,-0.003347301717089125,-19.784073694984645,0.24740573307305044,-1.4390803223734565,-1.3402396869221571,0.2683678005985183,1.1285354800004765,0.28426666666666667,-1.4395973154362416,0.33112582781456956,-0.6802741619080144,0.2512797844035681,0.42802412594568257,Oil & Gas E&P,Energy,HES
2011Q3,2011,Q3,2011-11-04,2011-09-30,298000000.0,8665000000.0,604000000.0,0.876729,1875000000.0,0.21638776687824582,37339000000.0,18833000000.0,7479000000.0,6606000000.0,18425000000.0,1516000000.0,15991000000.0,17831143508.0,22596143508.0,55.40750538835268,1.1321525885558583,0.14976298240445646,0.2969256093028195,0.03099802499747719,55.40750538835268,0.01582328890776828,2.0578353731102137,14.959013010067114,0.9468031385334255,0.11409395973154363,4.478891820580475,0.001906776196644135,0.23206299043895123,0.7553739025128671,0.007980931465759662,-12.628288603399433,0.21638776687824582,-0.5074556179775281,-0.06718399638960346,0.14509268106799356,1.2650416174281303,-0.22295897223373395,-0.5090609555189456,-0.45339366515837104,-0.6296244344799223,-0.2677360053440462,0.4831507860474751,Oil & Gas E&P,Energy,HES
2011Q2,2011,Q2,2011-08-05,2011-06-30,607000000.0,9853000000.0,1105000000.0,1.78,2413000000.0,0.2449000304475794,36991000000.0,18776000000.0,8886000000.0,6796000000.0,18087000000.0,1432000000.0,15725000000.0,25409606728.800003,28756606728.800003,55.242640115677666,1.307533843437316,0.14979319293882296,0.29511077971878996,0.026905505870967142,55.242640115677666,0.032328504473796336,2.5788700628032073,10.46524165107084,1.3533024461440137,0.05601317957166392,5.195530726256983,0.0013380765929550335,0.26636208807547784,0.9780753384343731,0.016409396880322242,80.92231442292994,0.2449000304475794,-0.3490311901830978,-0.13007123176849844,0.18760476946846588,1.1240015646041115,-0.08736762481089258,-0.34660925726587727,-0.1394080996884735,-0.36315174025137104,-0.20596099290911635,0.5969511752986064,Oil & Gas E&P,Energy,HES
2011Q1,2011,Q1,2011-05-06,2011-03-31,929000000.0,10215000000.0,1284000000.0,2.734386,2644000000.0,0.25883504650024475,36637000000.0,17949000000.0,9436000000.0,7351000000.0,18520000000.0,1552000000.0,15151000000.0,28949860190.149998,32533860190.149998,52.830455137064185,1.2836348796082167,0.15154079209542265,0.30932085352944455,0.03583531154272825,52.830455137064185,0.05175775809237283,2.8340538610034263,7.7905974677475776,1.612895436522926,0.07319698600645856,4.878221649484536,0.002348888718403433,0.27881649698392336,0.9692558835532581,0.02535687965717717,546.2237771726415,0.25883504650024475,15.017241866120518,0.08207322749540681,0.15507916719153458,1.1497282004441336,0.1730257320319432,15.017241379310345,0.6589147286821705,0.16652721988184088,-0.08732319183651809,0.5905626567532667,Oil & Gas E&P,Energy,HES
2010Q4,2010,Q4,2011-02-25,2010-12-31,58000000.0,9007000000.0,774000000.0,0.17071515950469232,2254000000.0,0.2502498057066726,35396000000.0,16689000000.0,8780000000.0,7613000000.0,18587000000.0,1452000000.0,14254000000.0,26004251836.100002,29979251836.100002,49.121815465065694,1.1532904242742676,0.15772968697027911,0.33453172748516985,0.008079632715155025,49.121815465065694,0.003475343040325963,2.88711578062618,112.08729239698278,1.5581671661633414,0.0,4.650826446280992,0.0,0.2544637812182167,0.8309470642322343,0.0016386032320036162,-30.13238914959444,0.2502498057066726,-0.9514042803406088,-0.8961239800138605,0.03291057400640782,1.1492239944595106,0.0947061680427392,-0.949740034662045,-0.06521739130434782,-0.891612610494864,-0.09219276793951703,0.6273423212183622,Oil & Gas E&P,Energy,HES
2010Q3,2010,Q3,2010-11-05,2010-09-30,1154000000.0,7864000000.0,828000000.0,3.512967,2059000000.0,0.2618260427263479,33485000000.0,15730000000.0,8839000000.0,6567000000.0,17657000000.0,1682000000.0,14229000000.0,19420758484.16,22651758484.16,47.88472091646132,1.345972285670778,0.16676123637449605,0.3549904640813732,0.03282947091793417,47.88472091646132,0.07336300063572791,2.4695776302339776,4.2072700355632575,1.2346318171748252,0.02859618717504333,3.4512485136741975,0.0016992127278095514,0.23485142601164702,0.9581239530988275,0.0344631924742422,-89.91091890814815,0.2618260427263479,2.0766112293423715,2.5333213540293613,0.13524395807623474,1.3714899365390698,0.04200404858299595,2.0773333333333333,0.08661417322834646,1.8450584375959949,0.02780664100031093,0.6109288275503182,Oil & Gas E&P,Energy,HES
2010Q2,2010,Q2,2010-08-04,2010-06-30,375000000.0,7732000000.0,762000000.0,1.14183,1976000000.0,0.2555613036730471,29500000000.0,14365000000.0,8296000000.0,6330000000.0,14970000000.0,1628000000.0,13105000000.0,16360500000.000002,19323500000.0,44.2,1.3105845181674565,0.14664406779661016,0.3011486251305256,0.02316246849867593,44.2,0.02610511660285416,2.1159467149508537,10.907000000000002,1.1389140271493212,0.08533333333333333,3.5356265356265357,0.001955930442223648,0.26210169491525426,0.8268562401263823,0.012711864406779662,204.50625000000002,0.2555613036730471,-0.3031460742729853,0.05016593774118846,0.304504010291542,1.2837058287450163,-0.11864406779661017,-0.30297397769516726,-0.3002754820936639,-0.3400082861483221,0.021390523773491092,0.5496995708154507,Oil & Gas E&P,Energy,HES
2010Q1,2010,Q1,2010-05-07,2010-03-31,538000000.0,9259000000.0,1089000000.0,1.63855,2242000000.0,0.24214277999783995,29949000000.0,13855000000.0,8780000000.0,7165000000.0,15922000000.0,1405000000.0,12761000000.0,20537604324.899998,23502604324.899998,42.19724152292138,1.2254012561060712,0.14474606831613743,0.3128834355828221,0.035201923109755895,42.19724152292138,0.03883074702273547,2.218123374543687,9.543496433503718,1.4823243828870443,0.12267657992565056,4.994306049822064,0.0032136172727790326,0.30915890346923103,0.8196789951151431,0.017963871915589836,555.0703871594594,0.24214277999783995,0.5027929194773741,1.3164164709234405,0.7220057935510107,1.5993366445476442,0.027968821641448878,0.5027932960893855,0.18112798264642083,0.4051676899840919,0.22253116916204788,0.5545320718939921,Oil & Gas E&P,Energy,HES
2009Q4,2009,Q4,2010-02-26,2009-12-31,358000000.0,8678000000.0,922000000.0,1.090336518600206,2181000000.0,0.25132519013597604,29465000000.0,13384000000.0,7987000000.0,6850000000.0,15937000000.0,1438000000.0,12251000000.0,19864509379.0,22969509379.0,40.7627485054334,1.165985401459854,0.15160359748854574,0.333756724447101,0.02687821938454282,40.7627485054334,0.026748356246264197,2.2890653813090576,13.871864091480445,1.484198250074716,0.0,4.51808066759388,0.0,0.2945189207534363,0.7716788321167883,0.012150008484642797,57.41187681791907,0.25132519013597604,0.04580007654064611,0.4740968827887502,0.901191511783593,1.25480559894268,0.2527283170591614,0.04985337243401759,0.7833655705996132,-0.03631259790572315,0.17208096063592437,0.5946270621099763,Oil & Gas E&P,Energy,HES
2009Q3,2009,Q3,2009-11-06,2009-09-30,341000000.0,7270000000.0,517000000.0,1.042586,1741000000.0,0.23947730398899586,28437000000.0,12874000000.0,6926000000.0,6468000000.0,15430000000.0,1424000000.0,11926000000.0,17299656000.0,20721656000.0,39.78368355995055,1.0708101422387137,0.15398952069486935,0.34014292372223087,0.01975273908831141,39.78368355995055,0.0264874941743048,2.3795950481430537,12.683032258064516,1.3437669721920151,0.0967741935483871,3.8827247191011236,0.0019075523813883927,0.25565284664345744,0.6971243042671614,0.01199141962935612,-247.13794285714286,0.23947730398899586,2.4097958542919007,0.8186414077582255,0.7561214957680296,1.32304649108854,0.0867665418227216,2.41,0.6785714285714286,0.12118298768484179,0.009134092911743698,0.6263446319462321,Oil & Gas E&P,Energy,HES
2009Q2,2009,Q2,2009-08-07,2009-06-30,100000000.0,6751000000.0,308000000.0,0.305762,1602000000.0,0.23729817804769665,28916000000.0,12259000000.0,7508000000.0,7613000000.0,16538000000.0,1358000000.0,11617000000.0,17361250000.0,20611250000.0,37.95356037151703,0.9862078024431893,0.14915617651127402,0.3518231503385268,0.008736072504730092,37.95356037151703,0.008157272208173586,2.571656050955414,43.403124999999996,1.4162044212415368,0.33,3.79160530191458,0.0019007847937216502,0.2334693595241389,0.6777879942204125,0.003458292986581823,-251.61231884057972,0.23729817804769665,2.6986777777777777,-0.6729876160990712,0.6153614173525634,1.0739128911470235,0.20996978851963746,2.694915254237288,0.7111111111111111,-0.8491931285788652,-0.1437557133600687,0.45926084348240565,Oil & Gas E&P,Energy,HES
2009Q1,2009,Q1,2009-05-08,2009-03-31,-59000000.0,6915000000.0,180000000.0,-0.18,1324000000.0,0.19146782357194506,28433000000.0,12020000000.0,7137000000.0,7444000000.0,16302000000.0,1102000000.0,11550000000.0,17506600000.0,20677600000.0,37.21362229102167,0.9587587318645889,0.1522174937572539,0.3600665557404326,-0.003119647663322732,37.21362229102167,-0.004908485856905158,2.5316847433116414,-74.18050847457627,1.4564559068219636,-1.1016949152542372,5.073502722323049,0.0037128854260678828,0.24320332008581577,0.6792047286405158,-0.002075053634860901,-221.60253164556963,0.19146782357194506,0.21432432432432438,-1.172976873836255,0.2487607955339777,0.8040708492696058,0.0499603489294211,0.20270270270270271,-0.14285714285714285,-1.0722846916275028,-0.1775321176617624,0.514262428217485,Oil & Gas E&P,Energy,HES
2008Q4,2008,Q4,2009-02-27,2008-12-31,-74000000.0,7383000000.0,210000000.0,-0.22910216718266255,1261000000.0,0.17079777868075308,28589000000.0,12307000000.0,7332000000.0,7730000000.0,16282000000.0,1308000000.0,11642000000.0,17325720000.0,20372720000.0,38.10216718266254,0.9485122897800776,0.1383399209486166,0.3213618266027464,-0.08687291063382566,38.10216718266254,-0.006012838222149996,2.346704591629419,-58.53283783783784,1.4077939384090354,0.0,4.680428134556575,0.0,0.2582461786001609,0.6733505821474773,-0.0025884081290006647,-26.211376701966717,0.17079777868075308,-1.096667581089731,-1.8835374882218332,0.7686546686748345,0.8986866455630154,-0.49780963759458385,-1.095483870967742,-0.8669201520912547,-1.139403093235431,-0.10942846034112302,0.6670819507500576,Oil & Gas E&P,Energy,HES
2008Q3,2008,Q3,2008-11-06,2008-09-30,775000000.0,11398000000.0,1578000000.0,2.37,2511000000.0,0.2203018073346201,29578000000.0,12231000000.0,8166000000.0,8760000000.0,17347000000.0,1817000000.0,11749000000.0,26872992000.0,29424992000.0,37.35797189981674,0.9321917808219178,0.13293664209885725,0.3214782111029352,0.05044236837220812,37.35797189981674,0.06336358433488676,2.3576936304614846,8.668707096774193,2.197121412803532,0.04258064516129032,4.8910291689598235,0.0012279987282398626,0.3853539793089458,0.6885844748858447,0.026201906822638447,-373.236,0.2203018073346201,-0.14130434782608686,3.3338026460029626,1.8233305878620019,1.1183253900765837,-0.057432432432432436,-0.1388888888888889,-0.10289937464468447,1.3808504617485358,0.6509253415952154,0.8501528820536323,Oil & Gas E&P,Energy,HES
2008Q2,2008,Q2,2008-08-08,2008-06-30,900000000.0,11717000000.0,1759000000.0,2.76,2664000000.0,0.2273619527182726,30739000000.0,11102000000.0,9692000000.0,11237000000.0,19637000000.0,1473000000.0,11007000000.0,40498913840.0,42964913840.0,34.592566742278834,0.8625077867758298,0.1283385926672956,0.35534137993154385,0.061454638394712144,34.592566742278834,0.08106647450909746,3.4564234735853887,11.249698288888888,3.647893518284994,0.03666666666666667,6.145960624575696,0.0008148366677282721,0.38117700640879665,0.6892409005962445,0.029278766387976187,75.69890437383178,0.2273619527182726,0.17948717948717946,1.971219896089652,2.0338809169919347,1.0197278198531485,0.14432989690721648,0.1857707509881423,-0.09469891919711786,1.5523139549259886,1.0018656548123834,0.7873132647193024,Oil & Gas E&P,Energy,HES
2008Q1,2008,Q1,2008-05-09,2008-03-31,759000000.0,10667000000.0,1943000000.0,2.34,2328000000.0,0.2182431799006281,27013000000.0,10755000000.0,7294000000.0,7946000000.0,16258000000.0,1177000000.0,10139000000.0,28552684000.000004,31610684000.000004,33.214947498455835,0.9179461364208407,0.14659608336726762,0.3682008368200837,0.06785374381356815,33.214947498455835,0.0705718270571827,2.6767304771725886,9.404704874835309,2.6548288238028825,0.08432147562582346,7.084961767204758,0.0022414705391619223,0.39488394476733424,0.7238862320664485,0.028097582645392957,87.3170764525994,0.2182431799006281,0.48567058823529397,2.5600100370599135,1.0492694028023917,1.0242488523340734,-0.15987008300252617,0.48823529411764705,0.744165170556553,2.3137654733600144,1.0116778930671646,1.0460301921054371,Oil & Gas E&P,Energy,HES
2007Q4,2007,Q4,2008-02-27,2007-12-31,510000000.0,9456000000.0,1114000000.0,1.5750463248919087,2771000000.0,0.2930414551607445,26131000000.0,9774000000.0,6926000000.0,8024000000.0,16357000000.0,1250000000.0,9412000000.0,32658468000.0,36031468000.0,30.185299567634342,0.863160518444666,0.1523095174314033,0.4072027828933906,0.03800115553906272,30.185299567634342,0.0521792510742787,3.453729695431472,16.00905294117647,3.3413615715162677,0.0,5.348,0.0,0.36186904442998735,0.6623878364905285,0.019517048716084343,32658.468,0.2930414551607445,0.2805254673917957,2.1347975273412594,1.450869240174808,0.8989245880039208,0.777421423989737,0.2911392405063291,0.353584447144593,1.1294076078014625,1.1006771355947382,0.6697103352045011,Oil & Gas E&P,Energy,HES
2007Q3,2007,Q3,2007-11-07,2007-09-30,395000000.0,7451000000.0,823000000.0,1.23,1559000000.0,0.2092336599114213,23936000000.0,9509000000.0,5269000000.0,6402000000.0,14427000000.0,1341000000.0,8933000000.0,21471688000.0,24891688000.0,29.724914035636136,0.8230240549828178,0.16648562834224598,0.419076664212851,0.029487242981558144,29.724914035636136,0.04153959406877695,2.8817189638974634,13.589675949367088,2.2580384898517196,0.0810126582278481,4.3937360178970915,0.0014903346211066406,0.311288435828877,0.5687285223367697,0.016502339572192513,167.7475625,0.2092336599114213,-0.29714285714285715,3.405059945203464,1.13124664929293,0.6814285133546898,-0.09727851766068327,-0.29084380610412924,-0.1686868686868687,1.1310030170945276,0.8206605594782721,0.7356954175532067,Oil & Gas E&P,Energy,HES
2007Q2,2007,Q2,2007-08-03,2007-06-30,557000000.0,7421000000.0,990000000.0,1.75,1727000000.0,0.2327179625387414,23237000000.0,9087000000.0,5013000000.0,6218000000.0,14150000000.0,980000000.0,8570000000.0,18784656000.0,22293656000.0,28.52165725047081,0.806207783853329,0.17175194732538623,0.43919885550786836,0.04004245402012645,28.52165725047081,0.06129635743369649,2.5312836544940036,8.431174147217234,2.0672010564542753,0.05745062836624776,5.810204081632653,0.0017035180202394974,0.31936136334294446,0.6027661627532969,0.023970392047166156,70.35451685393258,0.2327179625387414,0.4957264957264958,2.150412669523124,1.2367826380974705,0.5473964380180668,0.20264623955431754,0.5054054054054054,0.30952380952380953,0.8466140929064659,0.8002000941619585,0.5585213105071349,Oil & Gas E&P,Energy,HES
2007Q1,2007,Q1,2007-05-04,2007-03-31,370000000.0,7319000000.0,756000000.0,1.17,1436000000.0,0.19620166689438448,22727000000.0,8613000000.0,5227000000.0,6185000000.0,14114000000.0,1039000000.0,8046000000.0,17600631000.0,21492631000.0,27.14465805231642,0.8451091350040421,0.1822061864742377,0.48078486009520494,0.029360030682554588,27.14465805231642,0.04295831882038779,2.404786309605137,11.892318243243244,2.043495994427029,0.17027027027027028,5.662175168431184,0.003579417124306509,0.32203986447837374,0.5991915925626515,0.01628019536234435,-37.68871734475375,0.19620166689438448,0.03409749303621164,1.2031636614788337,1.0101129284223764,0.5059010631272581,-0.3606411398040962,0.03064066852367688,-0.1,0.10425711603576882,0.34546148018690687,0.31593979007494966,Oil & Gas E&P,Energy,HES
