Quarters,Year,Quarter,FillingDate,Date,NetIncome,Revenue,OperatingIncome,EPSDiluted,GrossProfit,GrossProfitRatio,TotalAssets,CommonStockEquity,CurrentAssets,CurrentLiability,TotalLiability,Inventory,RetainedEarnings,MarketCap,EnterpriseValue,bookValuePerShare,currentRatio,debtToAssets,debtToEquity,roic,shareholdersEquityPerShare,roe,priceToSalesRatio,peRatio,pbRatio,payoutRatio,inventoryTurnover,dividendYield,assetTurnover,quickRatio,returnOnAssets,priceToFreeCashFlowsRatio,grossProfitMargin,epsdilutedGrowth,fiveYNetIncomeGrowthPerShare,fiveYRevenueGrowthPerShare,fiveYShareholdersEquityGrowthPerShare,grossProfitGrowth,netIncomeGrowth,operatingIncomeGrowth,threeYNetIncomeGrowthPerShare,threeYRevenueGrowthPerShare,threeYShareholdersEquityGrowthPerShare,Industry,Sector,Symbol
2023Q1,2023,Q1,2023-04-27,2023-03-31,-208579000.0,602581000.0,-243686000.0,-0.31,431655000.0,0.7163435289,3566422000.0,3059739000.0,3298388000.0,321923000.0,506683000.0,0.0,-2323237000.0,18574687800.0,17082951800.0,4.492085327539126,10.245891098181863,0.04472437641984039,0.05213059022354521,-0.06886000973397989,4.492085327539126,-0.06816888630043282,30.825213207850894,-22.263372391276206,6.07067720482041,0.0,0.0,0.0,0.16895953423346985,9.995225566362143,-0.05848410535825542,102.35848832019045,0.7163435289197635,-11.333333333333332,-1.6064322646486704,2.021455755684618,0.0,-0.3763842116440642,-12.924932822594478,-16.73938996869768,-0.24986161115987043,0.8748049104259106,0.3354781882874487,Internet Content & Information,Communication Services,PINS
2022Q4,2022,Q4,2023-02-06,2022-12-31,17491000.0,877209000.0,-13737000.0,0.03,692181000.0,0.7890719315,3862730000.0,3281654000.0,3454677000.0,380531000.0,581076000.0,0.0,-2114658000.0,16374067800.0,14991972800.0,4.866143226791817,9.07856915730913,0.05927621138417648,0.06977213319868579,-0.002263395475664939,4.866143226791817,0.0053299342343830275,18.66609644907884,234.0356154593791,4.989577755607386,0.0,0.0,0.0,0.227095603368602,8.88169163616105,0.0045281446023926085,286.0748781382672,0.78907193154653,1.3080082135523616,-0.7525097558652778,1.1361755554009991,2.7270622669664295,0.3789922043562368,1.2683450698823278,0.8019891891891892,1.408377520594142,0.8293136200163659,0.3523213542363195,Internet Content & Information,Communication Services,PINS
2022Q3,2022,Q3,2022-10-27,2022-09-30,-65181000.0,684550000.0,-69375000.0,-0.0974,501947000.0,0.7332510408,3692209000.0,3144542000.0,3262052000.0,344675000.0,547667000.0,0.0,-2132149000.0,15591684300.0,14103608300.0,4.699160603194102,9.464138681366505,0.04962990989946669,0.05827366910666164,-0.0183535226132233,4.699160603194102,-0.020728296839412543,22.776545613906947,-59.80149238274957,4.9583323421980054,0.0,0.0,0.0,0.18540391402545198,9.215997678972945,-0.017653659367603512,224.5346241359447,0.7332510408297421,-0.4984615384615384,-1.315351760601604,1.413022795520294,0.0,0.001822231624999501,-0.5131627820596155,-1.010578177075786,0.5735197988081762,0.9973942331739727,0.31176266193892865,Internet Content & Information,Communication Services,PINS
2022Q2,2022,Q2,2022-08-01,2022-06-30,-43076000.0,665930000.0,-34505000.0,-0.065,501034000.0,0.7523823825,3694032000.0,3136089000.0,3246070000.0,350855000.0,557943000.0,0.0,-2066968000.0,12026314720.0,10577348720.0,4.735563434514876,9.251884681706118,0.05212272118920464,0.06139589788427561,-0.010450436545794922,4.735563434514876,-0.013735579570605299,18.059427747661164,-69.7970721515461,3.8348129533313626,0.0,0.0,0.0,0.18027185471051685,9.036459506063759,-0.011660970993212836,112.33877034020215,0.7523823825326986,-7.125,0.24018950827177651,1.7987583328066363,0.0,0.16841528398027122,-7.1567884870289715,-12.389600310438494,0.9751295045479286,0.7064522476885756,0.012649135197963143,Internet Content & Information,Communication Services,PINS
2022Q1,2022,Q1,2022-04-28,2022-03-31,-5281000.0,574885000.0,-2577000.0,-0.008,428815000.0,0.7459144003,3558190000.0,3099660000.0,3207352000.0,225565000.0,458530000.0,0.0,-2023892000.0,16166284390.0,14685061390.0,4.71862493320891,14.219191807239598,0.05693034941922719,0.06535200634908345,-0.0009349871939241904,4.71862493320891,-0.0017037352483820806,28.120901380276056,-765.3041275326643,5.215502471238781,0.0,0.0,0.0,0.16156669542660734,13.970115044443952,-0.001484181564222259,78.29202027246268,0.7459144002713586,-1.032,0.9315726354186801,1.9889563081178374,0.0,-0.3921027151701075,-1.0302291369727359,-1.0142952238309202,0.8972585945681242,1.2943539996370261,4.939778134234836,Internet Content & Information,Communication Services,PINS
2021Q4,2021,Q4,2022-02-03,2021-12-31,174699000.0,846655000.0,180270000.0,0.25,705407000.0,0.8331693547,3537238000.0,3038743000.0,3181563000.0,259806000.0,498495000.0,0.0,-2018611000.0,23666648950.0,22497892950.0,4.667255946685262,12.245918108126833,0.07092369809438889,0.08255847895001321,0.05029993466383967,4.667255946685262,0.05749054790089191,27.953120161104582,33.86775103177465,7.788302251950889,0.0,0.0,0.0,0.239354829954897,12.06081845684857,0.04938853421794066,113.73931386307058,0.8331693546958324,0.7857142857142856,1.5604093917953321,1.1355802114325597,2.574731099855791,0.39367458989348986,0.8585790884718498,0.8311003666873203,1.5604093917953321,1.1355802114325597,2.574731099855791,Internet Content & Information,Communication Services,PINS
2021Q3,2021,Q3,2021-11-04,2021-09-30,93996000.0,632932000.0,98449000.0,0.14,506149000.0,0.7996893821137184,3152790000.0,2698367000.0,2871122000.0,240994000.0,454423000.0,0.0,-2193310000.0,32810730050.0,31768147050.0,4.190147504809939,11.913665900395861,0.060057282597318566,0.07017132954857512,0.031841016918743324,4.190147504809939,0.034834401695544005,51.839265592512305,87.26629337950553,12.159476472251551,0.0,0.0,0.0,0.20075298386508458,11.670070624164916,0.029813593674174303,200.26935995800602,0.7996893821137184,0.4000000000000001,4.469530746097637,1.3183484400081413,0.0,0.04276552305254939,0.35407753144042525,0.38274951543582686,4.469530746097637,1.3183484400081413,0.0,Internet Content & Information,Communication Services,PINS
2021Q2,2021,Q2,2021-07-30,2021-06-30,69417000.0,613210000.0,71198000.0,0.1,485391000.0,0.7915575414621419,2885646000.0,2503927000.0,2663711000.0,237449000.0,381719000.0,0.0,-2287306000.0,50227200500.0,49335904500.0,3.9358163441739102,11.218034188394139,0.042150700397761885,0.04857649604002034,0.024759928511089633,3.9358163441739102,0.027723252315263184,81.90864548849497,180.88940929455322,20.05937094012725,0.0,0.0,0.0,0.21250354340068048,10.998180661952672,0.024055965284723074,489.3673870046864,0.7915575414621419,4.333333333333334,2.2745757195141114,1.6827236031153565,0.0,0.379892540368433,4.202777521454277,4.107997206216169,2.2745757195141114,1.6827236031153565,0.0,Internet Content & Information,Communication Services,PINS
2021Q1,2021,Q1,2021-04-28,2021-03-31,-21674000.0,485230000.0,-22908000.0,-0.03,351760000.0,0.7249345671125034,2692292000.0,2328823000.0,2457175000.0,209000000.0,363469000.0,0.0,-2356723000.0,46534739790.0,45750558790.0,3.7048185391819506,11.756818181818181,0.0481221947693638,0.05563282396300621,-0.008349120849276732,3.7048185391819506,-0.009306847278646767,95.90243758629929,-536.7576334548307,19.98208528084788,0.0,0.0,0.0,0.18022933619384524,11.592861244019138,-0.008050389779414715,172.78092062466584,0.7249345671125034,-1.0999999999999999,0.7065177934085679,1.636424226329888,0.0,-0.3899346854112252,-1.1042816383677907,-1.1116651799423833,0.7065177934085679,1.636424226329888,0.0,Internet Content & Information,Communication Services,PINS
2020Q4,2020,Q4,2021-02-05,2020-12-31,207841000.0,705617000.0,205149000.0,0.3,576594000.0,0.8171486798078844,2609459000.0,2242371000.0,2357541000.0,204831000.0,367088000.0,0.0,-2335049000.0,40740302600.0,40210393600.0,3.6271760264245065,11.509688474889055,0.0,0.0,0.08431398772091242,3.6271760264245065,0.0926880520663173,57.737133033926334,49.004169774009945,18.168404157920346,0.0,0.0,0.0,0.2704073909572827,11.346129248014217,0.0796490766860104,418.5919898897531,0.8171486798078844,2.8749999999999996,2.208069244144708,0.874441814477079,1.7781161124278522,0.7484625741421346,3.205911696030567,3.1142188739913226,2.208069244144708,0.874441814477079,1.7781161124278522,Internet Content & Information,Communication Services,PINS
2020Q3,2020,Q3,2020-10-29,2020-09-30,-94220000.0,442616000.0,-97033000.0,-0.16,329772000.0,0.7450521445225659,2301038000.0,1934604000.0,2032926000.0,189649000.0,366434000.0,0.0,-2542890000.0,25050869900.0,24548308900.0,3.2056935491888847,10.719413231812453,0.0,0.0,-0.04655964581995454,3.2056935491888847,-0.04870247347777633,56.59729856128111,-66.46908803863298,12.948835989174011,0.0,0.0,0.0,0.19235492851487024,10.484574134321827,-0.04094673795043802,-262.7419648850478,0.7450521445225659,0.058823529411764754,-2.711129377539458,0.7300170862793214,0.0,1.0080377041394177,0.06479533092468337,0.07172103702286425,-2.711129377539458,0.7300170862793214,0.0,Internet Content & Information,Communication Services,PINS
2020Q2,2020,Q2,2020-07-31,2020-06-30,-100748000.0,272485000.0,-104530000.0,-0.17,164226000.0,0.6026973961869461,2249624000.0,1906630000.0,1958193000.0,166617000.0,342994000.0,0.0,-2448670000.0,13007959290.000002,12295621290.000002,3.2495479235159874,11.752660292767244,0.0,0.0,-0.051006841255843705,3.2495479235159874,-0.05284087631055842,47.7382582160486,-32.27845537876683,6.822487472661188,0.0,0.0,0.0,0.12112468572525897,11.48155950473241,-0.04478437285519714,-318.4868714345176,0.6026973961869461,0.31999999999999995,-1.0057629092839964,0.2925658095324008,0.0,-0.04911179563193367,0.2864670387263095,0.28448216852625097,-1.0057629092839964,0.2925658095324008,0.0,Internet Content & Information,Communication Services,PINS
2020Q1,2020,Q1,2020-05-06,2020-03-31,-141196000.0,271940000.0,-146090000.0,-0.25,172708000.0,0.6350959770537619,2288612000.0,1938480000.0,1981488000.0,170799000.0,350132000.0,0.0,-2347922000.0,8898102880.0,8315567880.0,3.3636530846674138,11.60128572181336,0.0,0.0,-0.06976250070911774,3.3636530846674138,-0.07283851264908588,32.72083135985879,-15.75487775857673,4.590247451611572,0.0,0.0,0.0,0.1188231119997623,11.410623013015298,-0.061695036117961455,176.95342308839614,0.6350959770537619,-3.166666666666667,-1.0853766860075842,0.6116107542081357,0.0,-0.4311780359918847,-2.9530768800044793,-2.3827309143955357,-1.0853766860075842,0.6116107542081357,0.0,Internet Content & Information,Communication Services,PINS
2019Q4,2019,Q4,2020-02-07,2019-12-31,-35718000.0,399898000.0,-43187000.0,-0.06,303624000.0,0.759253609670466,2393317000.0,2023705000.0,2067234000.0,176157000.0,369612000.0,0.0,-2206726000.0,10483061440.0,10053314440.0,3.598363075128557,11.735179413818356,0.0,0.0,-0.0195436916787923,3.598363075128557,-0.017649805678199144,26.214338256255346,-73.37379920488269,5.18013319134953,0.0,0.0,0.0,0.16708944113964008,11.522176240512724,-0.01492405728117086,-2764.5204219409284,0.759253609670466,0.7391304347826088,-1.606032975994008,0.16774703474950783,1.7560477805744406,0.5476570345034992,0.7136420485520957,0.6770099469000075,-1.606032975994008,0.16774703474950783,1.7560477805744406,Internet Content & Information,Communication Services,PINS
2019Q3,2019,Q3,2019-11-01,2019-09-30,-124732000.0,279703000.0,-133710000.0,-0.23,196183000.0,0.7013975538338881,2280472000.0,1956401000.0,1982528000.0,144194000.0,324071000.0,0.0,-2171008000.0,14445032700.0,13572325700.0,3.5823253241925856,13.749032553365605,0.0,0.0,-0.06304370976997754,3.5823253241925856,-0.06375584555518014,51.64418222185675,-28.95213878555623,7.383472355616257,0.0,0.0,0.0,0.12265136340196241,13.427077409600955,-0.05469569457550893,-13822.997799043062,0.7013975538338881,0.9122137404580153,-4.428978306920739,0.20808539217912134,0.0,0.25892295647933056,0.8924261384854347,0.8854382025167439,-4.428978306920739,0.20808539217912134,0.0,Internet Content & Information,Communication Services,PINS
2019Q2,2019,Q2,2019-08-02,2019-06-30,-1159501000.0,261249000.0,-1167143000.0,-2.62,155834000.0,0.5964960631428254,2387176000.0,2073240000.0,2106416000.0,139897000.0,313936000.0,0.0,-2046276000.0,11828311200.0,10575419200.0,4.6764108810393825,15.05690615238354,0.0,0.0,-0.5236135893515369,4.6764108810393825,-0.5592700314483611,45.27600564978239,-2.5503020695971803,5.7052300746657405,0.0,0.0,0.0,0.10943851647302084,14.680121803898583,-0.485720784726388,-204.9789654276059,0.5964960631428254,-32.48328391779982,-29.5506777375013,0.640103516871106,0.0,0.21539265464018031,-26.993746982134233,-25.037188238968454,-29.5506777375013,0.640103516871106,0.0,Internet Content & Information,Communication Services,PINS
2019Q1,2019,Q1,2019-05-17,2019-03-31,-41420000.0,201911000.0,-44826000.0,-0.078248,128217000.0,0.6350174086602512,1141240000.0,-633989000.0,846947000.0,123526000.0,1775229000.0,0.0,-886775000.0,12915994649.199999,12943705649.199999,-1.1976879845609218,6.85642698703107,0.0,0.0,0.09539722921891487,-1.1976879845609218,0.06533236381072857,63.96875182233756,-77.95747615403187,-20.37258477544563,0.0,0.0,0.0,0.1769224702954681,6.503278661982093,-0.03629385580596544,439.0805904677726,0.6350174086602512,-1.7466629332993022,0.3339845382328196,0.30274417487044253,0.0,-0.37417267029813156,-1.880976688786796,-2.017385383567862,0.3339845382328196,0.30274417487044253,0.0,Internet Content & Information,Communication Services,PINS
2018Q4,2018,Q4,2018-12-31,2018-12-31,47016000.0,273184000.0,44060000.0,0.10479695256096773,204876000.0,0.7499560735621412,1152731000.0,585754000.0,889352000.0,398443000.0,566977000.0,0.0,-1730881000.0,10946791600.0,10975677600.0,1.3056243438488406,2.2320683259587946,0.0,0.0,0.059513857999165455,1.3056243438488406,0.0802657771009673,40.071130080824645,58.20779947251999,18.688377031996367,0.0,0.0,0.0,0.23698850816018655,2.1326638942082052,0.04078661890762025,-468.19176254223515,0.7499560735621412,3.4910730599959052,0.0,0.0,0.0,0.6189588140468438,3.4910458832256013,2.96424590967857,0.0,0.0,0.0,Internet Content & Information,Communication Services,PINS
2018Q3,2018,Q3,2018-09-30,2018-09-30,-18874000.0,190197000.0,-22431000.0,-0.042069,126548000.0,0.6653522400458473,,,,,,,,10946791600.0,,,0.0,0.0,0.0,0.0,,0.0,57.555017166411666,-144.99829924764225,0.0,0.0,0.0,0.0,0.0,0.0,0.0,-652.76038163387,0.6653522400458473,0.5085856462012895,0.0,0.0,0.0,0.22602646825166153,0.5085791652563335,0.45776929027267454,0.0,0.0,0.0,Internet Content & Information,Communication Services,PINS
2018Q2,2018,Q2,2018-06-30,2018-06-30,-38407000.0,161192000.0,-41368000.0,-0.085608,103218000.0,0.6403419524542161,,,,,,,,10946791600.0,,,0.0,0.0,0.0,0.0,,0.0,67.91150677452976,-71.2551852526883,0.0,0.0,0.0,0.0,0.0,0.0,0.0,-229.46362302435753,0.6403419524542161,0.27133445687145696,0.0,0.0,0.0,0.29498406644418235,0.2713388605361513,0.2476083081735841,0.0,0.0,0.0,Internet Content & Information,Communication Services,PINS
2018Q1,2018,Q1,2018-03-31,2018-03-31,-52709000.0,131359000.0,-54982000.0,-0.117486,79706000.0,0.6067798932695895,,,,,,,,10946791600.0,,,0.0,0.0,0.0,0.0,,0.0,83.33491881028327,-51.92088447893149,0.0,0.0,0.0,0.0,0.0,0.0,0.0,2067.77325273895,0.6067798932695895,0.0,0.0,0.0,0.0,0.0,0.0,0.0,0.0,0.0,0.0,Internet Content & Information,Communication Services,PINS
