Quarters,Year,Quarter,FillingDate,Date,NetIncome,Revenue,OperatingIncome,EPSDiluted,GrossProfit,GrossProfitRatio,TotalAssets,CommonStockEquity,CurrentAssets,CurrentLiability,TotalLiability,Inventory,RetainedEarnings,MarketCap,EnterpriseValue,bookValuePerShare,currentRatio,debtToAssets,debtToEquity,roic,shareholdersEquityPerShare,roe,priceToSalesRatio,peRatio,pbRatio,payoutRatio,inventoryTurnover,dividendYield,assetTurnover,quickRatio,returnOnAssets,priceToFreeCashFlowsRatio,grossProfitMargin,epsdilutedGrowth,fiveYNetIncomeGrowthPerShare,fiveYRevenueGrowthPerShare,fiveYShareholdersEquityGrowthPerShare,grossProfitGrowth,netIncomeGrowth,operatingIncomeGrowth,threeYNetIncomeGrowthPerShare,threeYRevenueGrowthPerShare,threeYShareholdersEquityGrowthPerShare,Industry,Sector,Symbol
2023Q1,2023,Q1,2023-05-05,2023-03-31,3018000.0,13590000.0,7566000.0,0.52,13590000.0,1.0,1565334000.0,132355000.0,243825000.0,7820000.0,1432979000.0,0.0,103371000.0,137418200.0,216461200.0,23.21203086636268,31.179667519181585,0.08233833801604003,0.97379774092403,0.022815693826740983,23.21203086636268,0.022802311964036114,10.111714495952906,11.383217362491717,1.0382546938158739,0.3071570576540755,0.0,0.0067458313382070196,0.008681853201936455,31.179667519181585,0.0019280230289510098,46.237617765814264,1.0,-0.2676056338028168,0.44943474624288365,0.31936789096557616,0.30568708850004866,-0.06642852236037645,-0.26818622696411254,0.0365803534730785,0.44177318802597043,0.2046496413990588,0.11440451952195413,Banks—Regional,Financial Services,SAL
2022Q4,2022,Q4,2023-03-10,2022-12-31,4124000.0,14557000.0,7299000.0,0.71,14557000.0,1.0,1541582000.0,128355000.0,1271007000.0,8685000.0,1413227000.0,0.0,102178000.0,178603200.0,166985200.0,22.565928270042193,146.34507772020726,0.025247440616198165,0.3032293249191695,0.03400069691933906,22.565928270042193,0.032129640450313586,12.269231297657484,10.8270611057226,1.391478321841767,0.22429679922405432,0.0,0.005179078538346458,0.009442896972071547,28.180310880829015,0.002675173944687989,34.83581041544763,1.0,-0.05333333333333338,2.715468291688234,0.38268576604644744,0.2760068142114225,0.006012439530062198,-0.048892988929889296,0.12378752886836028,0.33974935867782485,0.2843575575319482,0.10432178996062369,Banks—Regional,Financial Services,SAL
2022Q3,2022,Q3,2022-11-04,2022-09-30,4336000.0,14470000.0,6495000.0,0.75,14470000.0,1.0,1512138000.0,123160000.0,251470000.0,7713000.0,1388978000.0,0.0,99338000.0,136260520.0,128915520.0,21.656409354668543,32.603396862440036,0.03237270672385721,0.3974667099707697,0.029951801141869395,21.656409354668543,0.03520623579084118,9.416760193503801,7.856349169741698,1.1063699253004222,0.21333025830258304,0.0,0.006788466681324862,0.00956923243778015,32.603396862440036,0.0028674631548178805,20.533532248342375,1.0,0.1363636363636363,1.483558163785796,0.4259594234417341,0.2253149603086461,0.029673379349605067,0.12769830949284786,0.20411568409343714,0.4202626107265944,0.2965419444817786,0.08029731554118222,Banks—Regional,Financial Services,SAL
2022Q2,2022,Q2,2022-08-15,2022-06-30,3845000.0,14053000.0,5394000.0,0.66,14053000.0,1.0,1496521000.0,127303000.0,1213348000.0,7125000.0,1369218000.0,0.0,95568000.0,133774260.0,90537260.0,22.467878573949875,170.2944561403509,0.01936491368981792,0.22764585280786784,0.028461679041299384,22.467878573949875,0.03020353016032615,9.519267060414146,8.697936280884266,1.050833523169132,0.24083224967490247,0.0,0.00692210893186776,0.0093904462416498,39.501754385964915,0.0025692923787905414,13.765616381971599,1.0,0.04761904761904766,0.9882313465896281,0.4068516190489815,0.2832138635533649,0.058686153382552356,0.07763452914798206,-0.041237113402061855,0.3958813983338641,0.2660755880765735,0.14661494356171115,Banks—Regional,Financial Services,SAL
2022Q1,2022,Q1,2022-05-06,2022-03-31,3568000.0,13274000.0,5626000.0,0.63,13274000.0,1.0,1465082000.0,130066000.0,321158000.0,6952000.0,1335016000.0,0.0,92648000.0,159865140.0,89683140.0,23.077714691270405,46.19649021864212,0.02008693028786102,0.22626205157381638,0.027943858813840327,23.077714691270405,0.027432226715667432,12.04347898146753,11.201313060538116,1.229107837559393,0.2564461883408072,0.0,0.00572357425765242,0.009060243726972278,46.19649021864212,0.0024353585669607573,31.248072713057077,1.0,-0.13698630136986298,1.169972513712171,0.2980132445619663,0.33249257382935166,-0.008663181478715459,-0.13837237382274814,-0.05142471758556736,0.44457190044280437,0.2500833572078143,0.2079430340057473,Banks—Regional,Financial Services,SAL
2021Q4,2021,Q4,2022-03-11,2021-12-31,4141000.0,13390000.0,5931000.0,0.73,13390000.0,1.0,1529184000.0,136600000.0,384741000.0,8554000.0,1392584000.0,0.0,89995000.0,154822320.0,15144320.0,24.245651402200924,44.97790507364975,0.023808122501935675,0.26652269399707174,0.02707855512638063,24.245651402200924,0.030314787701317715,11.562533233756534,9.346916203815503,1.133399121522694,0.21395798116397005,0.0,0.005722689079972448,0.008756304015736497,44.97790507364975,0.0027079802038211228,-12.387767642822851,1.0,0.20207935128873444,1.6469734973749606,0.29902519312972337,0.4118171601651778,0.02960399846212995,0.19924703156675355,0.0,0.5851968105092932,0.149264207570917,0.29642605821606144,Banks—Regional,Financial Services,SAL
2021Q3,2021,Q3,2021-11-05,2021-09-30,3453000.0,13005000.0,0.0,0.6072810411537108,13005000.0,1.0,1476849000.0,133533000.0,1266027000.0,0.0,1343316000.0,0.0,86740000.0,143723340.0,11854340.0,23.701277955271564,0.0,0.023818277968837707,0.2634255202833756,0.0,23.701277955271564,0.02585877648221788,11.051391003460207,10.40568635968723,1.0763132708768621,0.2568780770344628,0.0,0.006171579369085077,0.008805910421444576,0.0,0.002338086019626922,43.61861608497724,1.0,-0.21066020426195817,0.7455453861404132,0.3193767282570296,0.3868011579104745,0.0374122527121889,-0.2067539627842867,0.0,0.4454070302078675,0.20516806656761352,0.30023385172468364,Banks—Regional,Financial Services,SAL
2021Q2,2021,Q2,2021-08-06,2021-06-30,4353000.0,12536000.0,0.0,0.7693531283138918,12536000.0,1.0,1436666000.0,131709000.0,1249499000.0,0.0,1304957000.0,0.0,84174000.0,142748000.0,-1396000.0,23.43576512455516,0.0,0.025358712463439657,0.27660979887479215,0.0,23.43576512455516,0.033050133248297385,11.387045309508615,8.198254077647599,1.083813558678602,0.1961865380197565,0.0,0.005982570684002578,0.008725758109400515,0.0,0.00302993180043239,30.771286915283465,1.0,-0.04298318329491584,1.441969294512189,0.2752309001535367,0.38461975321131864,-0.04965506784929118,-0.0382235969951392,0.0,1.2522873061116637,0.2194238898865233,0.30482249463393424,Banks—Regional,Financial Services,SAL
2021Q1,2021,Q1,2021-05-07,2021-03-31,4526000.0,13191000.0,0.0,0.8039076376554174,13191000.0,1.0,1403129000.0,127242000.0,1239633000.0,0.0,1275887000.0,0.0,80675000.0,124525639.99999999,12135639.999999985,22.689372325249643,0.0,0.03389282097369522,0.37374451831942285,0.0,22.689372325249643,0.035570016189622924,9.440197104086119,6.87834953601414,0.9786520174156331,0.18228015908086612,0.0,0.00662514161742112,0.009401131328623384,0.0,0.0032256478199794887,22.416856885688567,1.0,0.612404116624601,1.906915385428224,0.37107434174173276,0.35189953921478256,0.0730497030830554,0.6146985372814842,0.0,1.2101064413475255,0.3020971316486652,0.2762873124634548,Banks—Regional,Financial Services,SAL
2020Q4,2020,Q4,2021-03-12,2020-12-31,2803000.0,12293000.0,0.0,0.4985770188545002,12293000.0,1.0,1293660000.0,124752000.0,1159488000.0,0.0,1168908000.0,0.0,76974000.0,104467810.00000001,34958810.000000015,22.253300035676062,0.0,0.018863534468098263,0.19561209439528024,0.0,22.253300035676062,0.022468577658073616,8.498154234116978,9.3175,0.8374038893164037,0.2939707456296825,0.0,0.007887597145953381,0.00950249679204737,0.0,0.002166720776711037,151.4026231884058,1.0,-0.3574354031567576,0.25057683433317945,0.22831064336813875,0.3316502108040304,-0.06948754825524184,-0.35651974288337923,0.0,1.562267657992565,0.184720725232875,0.25832902349116854,Banks—Regional,Financial Services,SAL
2020Q3,2020,Q3,2020-11-06,2020-09-30,4356000.0,13211000.0,0.0,0.7759173494834343,13211000.0,1.0,1292760000.0,122240000.0,1162834000.0,0.0,1170520000.0,0.0,74995000.0,88476390.0,48045390.0,21.83637013219007,0.0,0.04305516878616294,0.45533376963350786,0.0,21.83637013219007,0.0356348167539267,6.6971758383165545,5.077846074380165,0.723792457460733,0.1887052341597796,0.0,0.009290614140111278,0.010219220891735511,0.0,0.003369534948482317,22.06393765586035,1.0,0.5915671162776516,1.1231130585500577,0.3223142047642417,0.12153419284913629,0.10709796363026901,0.5932699341623994,0.0,1.5346807533302709,0.3225882593366932,0.23549710220274384,Banks—Regional,Financial Services,SAL
2020Q2,2020,Q2,2020-08-07,2020-06-30,2734000.0,11933000.0,0.0,0.4875178316690442,11933000.0,1.0,1287137000.0,118444000.0,1164183000.0,0.0,1168693000.0,0.0,71461000.0,114608040.0,96276040.0,21.180972818311876,0.0,0.05198591913681294,0.5649336395258518,0.0,21.180972818311876,0.023082638208773768,9.60429397469203,10.479886613021215,0.9676137246293607,0.29992684711046086,0.0,0.007154820900872225,0.00927096338618189,0.0,0.0021240940164100634,36.627689357622245,1.0,0.3322788228415405,0.2770249556730243,0.19146709562982703,0.10112411523768423,0.08167150108774475,0.3356130923302394,0.0,0.4324467624160218,0.21042614701237472,0.20971447635995327,Banks—Regional,Financial Services,SAL
2020Q1,2020,Q1,2020-05-08,2020-03-31,2047000.0,11032000.0,0.0,0.3659277797640329,11032000.0,1.0,1145751000.0,116143000.0,1021260000.0,0.0,1029608000.0,0.0,69547000.0,86428000.0,99157000.0,20.82908895265423,0.0,0.046031816686173524,0.45410399249201416,0.0,20.82908895265423,0.017624824569711477,7.8343002175489485,10.555446995603322,0.7441516062095865,0.40058622374206154,0.0,0.009487666034155597,0.009628619132778413,0.0,0.0017866011026828692,53.782202862476666,1.0,-0.32066297896298473,-0.1129567631581313,0.08733768102350979,0.08937440937911217,-0.004601642154651268,-0.31993355481727576,0.0,0.25833260285441356,0.09038478575266433,0.20265835332219753,Banks—Regional,Financial Services,SAL
2019Q4,2019,Q4,2020-03-13,2019-12-31,3010000.0,11083000.0,0.0,0.5386542591267001,11083000.0,1.0,1112448000.0,113655000.0,987570000.0,0.0,998793000.0,0.0,68320000.0,127008270.0,162083270.0,20.434196332254583,0.0,0.05637117420319871,0.5517575117680701,0.0,20.434196332254583,0.02648365668030443,11.459737435712352,10.548859634551494,1.1174895077207339,0.2637873754152824,0.0,0.006251561414071698,0.009962712863882176,0.0,0.00270574444827983,34.87322075782537,1.0,0.007723329490713904,8.066928126085607,0.07988668999224058,-0.2064818426676754,0.014647990478806189,0.007362784471218206,0.0,0.9489321334620263,0.08913117199425602,0.18987725087239882,Banks—Regional,Financial Services,SAL
2019Q3,2019,Q3,2019-11-08,2019-09-30,2988000.0,10923000.0,0.0,0.534525939177102,10923000.0,1.0,1144240000.0,111580000.0,1016077000.0,0.0,1032660000.0,0.0,66104000.0,111283821.0,106614821.0,20.046712181099533,0.0,0.043404355729567225,0.44510664993726473,0.0,20.046712181099533,0.026778992651012728,10.188027190332326,9.310895331325302,0.9973455906076358,0.2643908969210174,0.0,0.007098965446199048,0.00954607425015731,0.0,0.0026113402782633015,40.14567857142857,1.0,0.10741593022263093,1.3668085249730506,0.05356868677816423,-0.1011419110492741,0.0028461255967682703,0.10543840177580466,0.0,0.5289342196919531,0.12169307146857523,0.17296644162022823,Banks—Regional,Financial Services,SAL
2019Q2,2019,Q2,2019-08-08,2019-06-30,2703000.0,10892000.0,0.0,0.4826785714285714,10892000.0,1.0,1119212000.0,108948000.0,985590000.0,0.0,1010264000.0,0.0,63905000.0,108433900.0,105810900.0,19.594964028776978,0.0,0.041002062165166206,0.4212101185886845,0.0,19.594964028776978,0.02481000110144289,9.955370914432612,10.029032556418795,0.9952812350846276,0.29115797262301146,0.0,0.007257877840785953,0.009731847049531277,0.0,0.0024150920469044293,33.18050795593635,1.0,0.10615491841765455,0.7020320389651012,0.005816558230567518,-0.11639775539568353,0.040902140672782875,0.11051766639276911,0.0,0.5327068604482409,0.1199509455980366,0.1576995294803645,Banks—Regional,Financial Services,SAL
2019Q1,2019,Q1,2019-05-10,2019-03-31,2434000.0,10464000.0,0.0,0.43635711724632487,10464000.0,1.0,1118925000.0,106109000.0,986912000.0,0.0,1012816000.0,0.0,61989000.0,111774250.0,124016250.0,19.1049693914296,0.0,0.054401322698125434,0.5736648163680743,0.0,19.1049693914296,0.022938676266857666,10.68178994648318,11.48051047658176,1.0533908528023073,0.32210353327855384,0.0,0.00701413787164754,0.009351833232790402,0.0,0.002175302187367339,43.106151176243735,1.0,-0.054474519432719797,1.6899035178125734,0.02556715880446523,-0.12686306290705668,-0.08531468531468532,-0.05107212475633528,0.0,0.5784853092199147,0.09820430979370562,0.1383302696409881,Banks—Regional,Financial Services,SAL
2018Q4,2018,Q4,2019-03-15,2018-12-31,2565000.0,11440000.0,0.0,0.4614969413458078,11440000.0,1.0,1121554000.0,103459000.0,995527000.0,0.0,1018095000.0,0.0,60339000.0,100073880.0,121978880.0,18.70191612436732,0.0,0.07164166861337037,0.776636155385225,0.0,18.70191612436732,0.024792429851438733,8.747716783216783,9.753789473684211,0.9672805652480692,0.30682261208577,0.0,0.007864189936474933,0.010200133029706996,0.0,0.0022870053515033606,39.3526858041683,1.0,0.09428327645051182,0.6001206339368718,0.09949196699018763,-0.1310636030689617,0.08046845485455233,0.09428327645051195,0.0,0.1596997758729592,0.15836994246261435,0.11913336491786673,Banks—Regional,Financial Services,SAL
2018Q3,2018,Q3,2018-11-08,2018-09-30,2344000.0,10588000.0,0.0,0.421734436847787,10588000.0,1.0,1098715000.0,100767000.0,968313000.0,0.0,997948000.0,0.0,58561000.0,118968088.0,157576088.0,18.228473227206948,0.0,0.07356593839166663,0.8021276806891144,0.0,18.228473227206948,0.023261583653378586,11.236124669437098,12.688575938566553,1.1806254825488502,0.3348976109215017,0.0,0.006598408137819278,0.009636711977173334,0.0,0.002133401291508717,25.46951145365018,1.0,0.23433385992627714,0.4114629032441857,0.05879048278217729,-0.13428127038780674,0.04821304821304821,0.23433385992627698,0.0,0.15693169101109256,0.07319283160303783,-0.06377040304833727,Banks—Regional,Financial Services,SAL
2018Q2,2018,Q2,2018-08-08,2018-06-30,1899000.0,10101000.0,0.0,0.3416696653472472,10101000.0,1.0,1096780000.0,99180000.0,976671000.0,0.0,997600000.0,0.0,57002000.0,122036200.00000001,137368200.0,17.960883737776168,0.0,0.08461587556301173,0.9357229280096794,0.0,17.960883737776168,0.0191470054446461,12.081595881595883,16.065850447604003,1.230451703972575,0.4112690889942075,0.0,0.006399740404896252,0.009209686536953627,0.0,0.001731432010065829,51.62275803722505,1.0,-0.05722911199469269,0.010047540290206037,-0.021771781682322543,-0.15583419324752157,0.013342696629213483,-0.05756823821339951,0.0,-0.10175129597440352,0.02133342211469809,-0.066276965449506,Banks—Regional,Financial Services,SAL
2018Q1,2018,Q1,2018-05-10,2018-03-31,2015000.0,9968000.0,0.0,0.36241007194244607,9968000.0,1.0,1014934000.0,98097000.0,900474000.0,0.0,916837000.0,0.0,55883000.0,124155000.0,154957000.0,17.77763682493657,0.0,0.07466593886893137,0.7725108820860984,0.0,17.77763682493657,0.020540893197549363,12.455357142857142,15.403846153846153,1.2656350347105416,0.3870967741935484,0.0,0.006282469493777938,0.009821328283415474,0.0,0.001985350771577265,53.83998265394623,1.0,0.8713293305875746,0.3193562634472866,-0.014913626287111254,-0.16382471812028043,-0.023319615912208505,0.8726765799256505,0.0,-0.11764557955197005,-0.007205680467154034,-0.07021844976787728,Banks—Regional,Financial Services,SAL
2017Q4,2017,Q4,2018-03-15,2017-12-31,1076000.0,10206000.0,0.0,0.19366450683945285,10206000.0,1.0,986984000.0,97514000.0,875884000.0,0.0,889470000.0,0.0,54664000.0,123100050.0,140995050.0,17.6848023213638,0.0,0.0672564094250768,0.6807330229505507,0.0,17.6848023213638,0.011034313021719958,12.061537330981775,28.601312732342006,1.262383350083065,0.724907063197026,0.0,0.006336309367867845,0.010340593160578084,0.0,0.0010901899118932019,51.8316,1.0,-0.36458835359286956,0.1707715676129605,0.00473929503540542,-0.15851074487350802,0.03656307129798903,-0.36481700118063753,0.0,2.2694159089651613,0.003091711528549306,-0.3132486581483931,Banks—Regional,Financial Services,SAL
2017Q3,2017,Q3,2017-11-14,2017-09-30,1694000.0,9846000.0,0.0,0.3047858942065491,9846000.0,1.0,979469000.0,97526000.0,861843000.0,0.0,881943000.0,0.0,54368000.0,128431449.99999999,118377449.99999999,17.674157303370787,0.0,0.04017380846152354,0.4034718946742407,0.0,17.674157303370787,0.017369727047146403,13.044022953483646,18.953873966942147,1.3168944691671962,0.4592680047225502,0.0,0.006057706270543547,0.010052385527260179,0.0,0.0017295085398312759,50.76341897233201,1.0,-0.10118931304657403,-0.08978590005277778,-0.06625228719857326,-0.15112610217703618,0.012858759386894352,-0.09989373007438895,0.0,0.3534974552978133,-0.04205128747389581,-0.20752295368910584,Banks—Regional,Financial Services,SAL
2017Q2,2017,Q2,2017-08-14,2017-06-30,1882000.0,9721000.0,0.0,0.3390990990990991,9721000.0,1.0,974806000.0,96545000.0,861698000.0,0.0,878261000.0,0.0,53453000.0,113174849.99999999,111197849.99999999,17.509067827348566,0.0,0.06095058914286535,0.6154125019420995,0.0,17.509067827348566,0.01949350044020923,11.642305318382881,15.03385361317747,1.1722497281060644,0.41498405951115835,0.0,0.006900826464536955,0.00997224063044339,0.0,0.0019306405582238929,139.722037037037,1.0,0.17035699040686564,0.0369712937102562,-0.09019268002395142,-0.14041535699618868,-0.025561347233360066,0.17331670822942644,0.0,0.1949489010093637,-0.09483006365678115,-0.2104577681054287,Banks—Regional,Financial Services,SAL
2017Q1,2017,Q1,2017-05-15,2017-03-31,1604000.0,9976000.0,0.0,0.2897398843930636,9976000.0,1.0,939549000.0,95221000.0,833963000.0,0.0,844328000.0,0.0,52351000.0,106523750.0,128522750.0,17.319206984357947,0.0,0.06736317105334581,0.6646748091282385,0.0,17.319206984357947,0.016845023681750875,10.678002205292703,16.602828865336658,1.118700181682612,0.4825436408977556,0.0,0.007265985284971662,0.010617860271257806,0.0,0.001707202072483713,41.97153270291568,1.0,0.05030708092485551,-0.21159519825391054,-0.033537266325107264,-0.14048979398003217,-0.003894158761857214,0.05526315789473684,0.0,0.7906950489833292,-0.012302499769168142,-0.20847612841585147,Banks—Regional,Financial Services,SAL
2016Q4,2016,Q4,2017-03-31,2016-12-31,1520000.0,10015000.0,0.0,0.27586206896551724,10015000.0,1.0,935366000.0,94007000.0,827056000.0,0.0,841359000.0,0.0,51521000.0,102637500.0,114890500.0,17.17336499817318,0.0,0.05103670648708634,0.5078132479496208,0.0,17.17336499817318,0.01616900869084217,10.248377433849226,16.881167763157894,1.0918069930962588,0.5078947368421053,0.0,0.00752161734258921,0.010707038742053913,0.0,0.0016250323402817722,57.79138513513514,1.0,-0.21030535720693244,-0.24840504763778423,-0.03869239066926655,-0.13236775801159092,0.04573457241307299,-0.20915712799167535,0.0,-0.04173346357176418,-0.02726539034306442,-0.2020837968976274,Banks—Regional,Financial Services,SAL
2016Q3,2016,Q3,2016-11-14,2016-09-30,1922000.0,9577000.0,0.0,0.34932751726644856,9577000.0,1.0,928445000.0,93554000.0,822636000.0,0.0,834891000.0,0.0,50773000.0,84628040.0,79676040.0,17.090610157106322,0.0,0.040590449622756326,0.40282617525707076,0.0,17.090610157106322,0.020544284584304254,8.836591834603738,11.007809573361083,0.9045902900998354,0.4016649323621228,0.0,0.009122272003463628,0.010315096747787968,0.0,0.00207012800973671,33.864761904761906,1.0,0.10697561379304568,0.14154408467994467,-0.008063569575998006,-0.14327568951422145,0.0009406354515050167,0.10778097982708934,0.0,0.1687684659622151,-0.03286115958670798,-0.18832141731848198,Banks—Regional,Financial Services,SAL
2016Q2,2016,Q2,2016-08-12,2016-06-30,1735000.0,9568000.0,0.0,0.3155692979265187,9568000.0,1.0,913494000.0,92584000.0,803966000.0,0.0,820910000.0,0.0,49627000.0,81448300.0,107587300.0,16.925776965265083,0.0,0.0630951051676311,0.6225373714680722,0.0,16.925776965265083,0.018739739047783633,8.512573160535117,11.736066282420751,0.8797232783202281,0.4438040345821326,0.0,0.0094538498654975,0.010474069889895282,0.0,0.0018993009258955176,23.391240666283746,1.0,0.1441474148367563,0.21479560745687662,0.010556015694543525,-0.016068516259693775,0.024082200577972813,0.1474867724867725,0.0,-0.06840873934109776,-0.06458127776382745,-0.20448445770271395,Banks—Regional,Financial Services,SAL
2016Q1,2016,Q1,2016-05-16,2016-03-31,1512000.0,9343000.0,0.0,0.2758117475373951,9343000.0,1.0,891804000.0,91402000.0,783403000.0,0.0,800402000.0,0.0,48662000.0,86564170.0,92647170.0,16.783327212633125,0.0,0.04214603208776817,0.41121638476182143,0.0,16.783327212633125,0.016542307608148617,9.265136465803275,14.312858796296295,0.9470708518413163,0.5105820105820106,0.0,0.008918239497935463,0.01047651726164045,0.0,0.0016954398051589811,38.8006140744061,1.0,-0.305824978740677,-0.006049173043423622,-0.019673679240333617,0.012735266137295882,-0.03441504754030591,-0.30226119058606365,0.0,0.00309688781928573,-0.0644722152642007,-0.21059230194094472,Banks—Regional,Financial Services,SAL
2015Q4,2015,Q4,2016-03-30,2015-12-31,2167000.0,9676000.0,0.0,0.39732306563989733,9676000.0,1.0,891192000.0,90574000.0,785301000.0,0.0,800618000.0,0.0,47922000.0,90717250.0,66140250.0,16.711070110701108,0.0,0.04212448047109938,0.41447876874158146,0.0,16.711070110701108,0.023925188243866892,9.375490905332782,10.465764882325796,1.0015815797027845,0.37055837563451777,0.0,0.00885167925615029,0.010857368558066051,0.0,0.002431574789719836,46.59334874165383,1.0,0.09048668090990471,0.08852993691227236,1.7457720918894841,0.025457552234385387,0.0010345541071798054,0.09168765743073048,0.0,1.3987571496888351,-0.03091659043163081,-0.2048434760939966,Banks—Regional,Financial Services,SAL
2015Q3,2015,Q3,2015-11-13,2015-09-30,1985000.0,9666000.0,0.0,0.36435389133627016,9666000.0,1.0,904233000.0,105450000.0,794226000.0,0.0,798783000.0,0.0,46558000.0,78315360.0,24350360.0,19.470088626292466,0.0,0.030666874577680754,0.26296823138928405,0.0,19.470088626292466,0.018824087245139877,8.102147734326506,9.863395465994962,0.7426776671408252,0.4050377833753149,0.0,0.010266185330693749,0.010689722671037221,0.0,0.002195230654046026,48.37267449042619,1.0,-0.04198841698841709,0.3050268358916208,0.06007552306867308,0.14378290675711147,-0.002785515320334262,-0.04198841698841699,0.0,0.0866600585659126,-0.06605876448718792,-0.0648691340996884,Banks—Regional,Financial Services,SAL
2015Q2,2015,Q2,2015-08-14,2015-06-30,2072000.0,9693000.0,0.0,0.3803230543318649,9693000.0,1.0,860794000.0,104104000.0,752148000.0,0.0,756690000.0,0.0,45378000.0,85753140.0,63789140.0,19.235772357723576,0.0,0.03305785123966942,0.2733420425728118,0.0,19.235772357723576,0.019903173749327596,8.846914268028474,10.346662644787644,0.8237256973795436,0.38803088803088803,0.0,0.009375749972537449,0.011260533879185962,0.0,0.0024070799749998256,38.74972435607772,1.0,-0.07523955634257372,0.47123661752252227,0.08256921002811546,0.1932834936284789,-0.013133781307269395,-0.07251566696508505,0.0,0.16317709046708775,-0.07571549992312303,-0.055645070425185704,Banks—Regional,Financial Services,SAL
2015Q1,2015,Q1,2015-05-14,2015-03-31,2234000.0,9822000.0,0.0,0.4112665684830633,9822000.0,1.0,865037000.0,103211000.0,754224000.0,0.0,761826000.0,0.0,44110000.0,80025350.0,55951350.0,19.12022971470915,0.0,0.033323430096053694,0.279291935937061,0.0,19.12022971470915,0.021644979701775972,8.147561596416208,8.955388316920322,0.7753567933650483,0.3585496866606983,0.0,0.010009328294096809,0.011354427614078936,0.0,0.0025825484921454226,44.55754454342984,1.0,5.904398916652105,1.3838078674855259,0.20137072852718296,0.23377570700145037,0.3462171052631579,8.466101694915254,0.0,0.11840711374583177,-0.03082889594695542,-0.05110940725626933,Banks—Regional,Financial Services,SAL
2014Q4,2014,Q4,2015-03-30,2014-12-31,236000.0,7296000.0,0.0,0.05956587582029278,7296000.0,1.0,855427000.0,101821000.0,734142000.0,0.0,753606000.0,0.0,42677000.0,54051180.0,47183180.0,25.751390996459282,0.0,0.034178252498459835,0.28714115948576424,0.0,25.751390996459282,0.002317792989658322,7.408330592105263,57.25760593220339,0.530845110537119,2.1991525423728815,0.0,0.009602010538900353,0.008529073784203678,0.0,0.00027588561034430756,740.4271232876712,1.0,-0.737382740198553,-0.7594667867758373,-0.03377908203291018,0.6828675426269446,0.15680989376882828,-0.6927083333333334,0.0,-0.8384450021399945,-0.03046301718479263,0.3010110195034468,Banks—Regional,Financial Services,SAL
2014Q3,2014,Q3,2014-11-14,2014-09-30,768000.0,6307000.0,0.0,0.22681630242173656,6307000.0,1.0,638089000.0,75516000.0,529044000.0,0.0,562573000.0,0.0,42960000.0,45626350.0,26443350.0,22.302421736562316,0.0,0.04645433474013813,0.39252608718682136,0.0,22.302421736562316,0.010170030192277133,7.234239733629301,14.852327473958333,0.6041944753429737,0.6770833333333334,0.0,0.011396923049948111,0.009884201106742162,0.0,0.001203593856029488,147.1817741935484,1.0,-0.20590814203901336,0.06288639495963776,0.10179662731368909,0.4339031773154704,-0.04250797024442083,-0.20496894409937888,0.0,-0.2625741389984349,0.056075636365366686,0.11798389342317515,Banks—Regional,Financial Services,SAL
2014Q2,2014,Q2,2014-08-14,2014-06-30,966000.0,6587000.0,0.0,0.28562980484920164,6587000.0,1.0,621476000.0,75000000.0,509232000.0,0.0,546476000.0,0.0,42712000.0,50746910.0,45882910.0,22.176227084565348,0.0,0.048342977041752215,0.40058666666666665,0.0,22.176227084565348,0.01288,7.704100500986792,13.1332582815735,0.6766254666666667,0.5383022774327122,0.0,0.010246929320425617,0.01059896118273272,0.0,0.0015543641266919398,387.3809923664122,1.0,0.7531760435571686,4.0066291466715755,0.20727437089895448,0.5472187787657423,0.06019636246579752,0.7531760435571688,0.0,0.09394272197347295,0.1252282099510309,0.28915133785922575,Banks—Regional,Financial Services,SAL
2014Q1,2014,Q1,2014-05-13,2014-03-31,551000.0,6213000.0,0.0,0.16292134831460675,6213000.0,1.0,589771000.0,74001000.0,474698000.0,0.0,515770000.0,0.0,42266000.0,45420598.199999996,66458598.199999996,21.880839739798937,0.0,0.051616644426396005,0.4113728192862259,0.0,21.880839739798937,0.007445845326414508,7.3105743119266045,20.608256896551723,0.6137835731949568,0.9528130671506352,0.0,0.011558632444431347,0.010534597326759031,0.0,0.0009342609250030944,25.09425314917127,1.0,-0.4377551020408163,-0.48278930824064437,0.06722736568271105,0.6235546357712239,-0.02326678195252319,-0.4377551020408163,0.0,-0.41673120688217136,0.049759229534510396,0.3203280718088441,Banks—Regional,Financial Services,SAL
2013Q4,2013,Q4,2014-03-28,2013-12-31,980000.0,6361000.0,0.0,0.28976936723832053,6361000.0,1.0,587109000.0,72790000.0,470602000.0,0.0,514319000.0,0.0,42240000.0,45470990.0,62857990.0,21.522767593140152,0.0,0.05252176342042108,0.4236296194532216,0.0,21.522767593140152,0.01346338782799835,7.148402766860556,11.599742346938775,0.6246873196867703,0.5295918367346939,0.0,0.011413870689861822,0.010834444711288704,0.0,0.0016691960095995804,24.212454739084134,1.0,-0.035433070866141655,0.042662532025296775,-0.19521131771396713,0.8971213541996594,0.039718862373324615,-0.03543307086614173,0.0,-0.21107952919631445,1.8928086385244678,0.32072239701979716,Banks—Regional,Financial Services,SAL
2013Q3,2013,Q3,2013-11-14,2013-09-30,1016000.0,6118000.0,0.0,0.3004139562389119,6118000.0,1.0,589481000.0,71211000.0,467952000.0,0.0,518270000.0,0.0,41779000.0,44150319.0,46012319.0,21.055884092253105,0.0,0.05225104795574412,0.4325314909213464,0.0,21.055884092253105,0.01426745867913665,7.216462732919255,10.863759596456694,0.6199929645700805,0.5108267716535433,0.0,0.011755294452119359,0.010378621193897684,0.0,0.0017235500380843487,18.24393347107438,1.0,-0.1019093266284278,1.531705992096974,1.2020664053027241,0.8402527293406756,-0.02626134012414452,-0.11188811188811189,0.0,0.06968939856136303,0.07449535183363581,0.23694148360762154,Banks—Regional,Financial Services,SAL
2013Q2,2013,Q2,2013-08-14,2013-06-30,1144000.0,6283000.0,0.0,0.3345029239766082,6283000.0,1.0,600712000.0,71489000.0,472298000.0,0.0,529223000.0,0.0,41279000.0,43646400.0,37640400.0,21.276488095238093,0.0,0.051916725485756904,0.4362489334023416,0.0,21.276488095238093,0.016002461917218033,6.946745185420977,9.538111888111889,0.6105330890067004,0.45367132867132864,0.0,0.011891015066534697,0.010459255017379376,0.0,0.001904406770632183,18.71629502572899,1.0,0.21061590145576708,0.17405611587463066,0.2591289143349035,0.6576637214919985,0.008831085420680796,0.2170212765957447,0.0,0.30839028094153376,0.13027215454436883,0.3198784833943136,Banks—Regional,Financial Services,SAL
2013Q1,2013,Q1,2013-05-14,2013-03-31,940000.0,6228000.0,0.0,0.27630805408583187,6228000.0,1.0,597343000.0,72206000.0,456768000.0,0.0,525137000.0,0.0,40653000.0,44049051.22,44182051.22,21.260658154080442,0.0,0.05285740353532225,0.4372766806082597,0.0,21.260658154080442,0.013018308727806554,7.072744254977521,11.71517319680851,0.6100469659031106,0.5521276595744681,0.0,0.011782319610197498,0.010426170558623772,0.0,0.0015736352480902932,17.58445158483034,1.0,0.6577544475228851,-0.1350695947693756,0.21633704071132484,0.598013963289757,-0.01315163999366186,0.6462346760070052,0.0,0.5942346033806378,0.2107710214682657,0.3718916528072561,Banks—Regional,Financial Services,SAL
2012Q4,2012,Q4,2013-03-07,2012-12-31,571000.0,6311000.0,0.0,0.1666761048348914,6311000.0,1.0,600813000.0,71997000.0,452379000.0,0.0,528816000.0,0.0,40233000.0,39979156.02,28385156.020000003,21.01607621680854,0.0,0.053227876227711454,0.4441851743822659,0.0,21.01607621680854,0.007930886009139269,6.334836954523848,17.504008765323995,0.5552891928830368,0.9071803852889667,0.0,0.012956751756862126,0.010504100277457379,0.0,0.0009503789032527591,25.677043044315994,1.0,-0.5058199698754975,-0.43697447525592503,0.31808278976678117,0.5581498075246412,-0.02291376374051711,-0.49912280701754386,0.0,-0.32830354297640424,-0.03536350264459319,0.37341212144633373,Banks—Regional,Financial Services,SAL
2012Q3,2012,Q3,2012-11-14,2012-09-30,1140000.0,6459000.0,0.0,0.33727810650887574,6459000.0,1.0,611037000.0,70374000.0,463071000.0,0.0,540663000.0,0.0,40175000.0,42250000.0,19226000.0,20.8207100591716,0.0,0.06937714082780584,0.6023815613720976,0.0,20.8207100591716,0.01619916446414869,6.541260257005728,9.265350877192983,0.6003637707107738,0.45789473684210524,0.0,0.012355029585798816,0.010570554647263586,0.0,0.0018656808016535823,11.428185014876927,1.0,0.02471248536602168,0.2491780632755382,0.44385779492006233,0.6056606333134484,-0.017791970802919707,0.020590868397493287,0.0,0.5805226824457594,0.1303531415719893,0.3386385864485113,Banks—Regional,Financial Services,SAL
2012Q2,2012,Q2,2012-08-13,2012-06-30,1117000.0,6576000.0,0.0,0.3291441368438112,6576000.0,1.0,600857000.0,69126000.0,442732000.0,0.0,531731000.0,0.0,39554000.0,41826736.25,40652736.25,20.369218982511455,0.0,0.07123325516720284,0.6191736828400313,0.0,20.369218982511455,0.016158898243786707,6.360513420012166,9.361400235004476,0.6050796552671932,0.4986571172784244,0.0,0.01331684109108561,0.010944367794666617,0.0,0.0018590113787473558,529.4523575949368,1.0,-0.11052088459328457,0.1755148735372112,0.46662432274153726,0.6201710527413185,0.036896877956480605,-0.1064,0.0,4.464674689019682,0.201120766410381,0.4211451748917305,Banks—Regional,Financial Services,SAL
2012Q1,2012,Q1,2012-05-10,2012-03-31,1250000.0,6342000.0,0.0,0.3700414446417999,6342000.0,1.0,598950000.0,68067000.0,430377000.0,0.0,530883000.0,0.0,38958000.0,39269250.0,44153250.0,20.150088809946713,0.0,0.0721379080056766,0.6347716220782464,0.0,20.150088809946713,0.018364258745060015,6.191934720908231,7.8538499999999996,0.5769205341795585,0.428,0.0,0.013623891467242182,0.010588529927372902,0.0,0.002086985558059938,27.96955128205128,1.0,0.0016025641025641207,0.3456053973119935,0.420150857441245,0.5398833614046274,-0.013532431171255249,0.0016025641025641025,0.0,0.17473488614418475,0.09067609596764473,0.4951332073003642,Banks—Regional,Financial Services,SAL
2011Q4,2011,Q4,2012-03-19,2011-12-31,1248000.0,6429000.0,0.0,0.369449378330373,6429000.0,1.0,609284000.0,66862000.0,430568000.0,0.0,542422000.0,0.0,38264000.0,39438150.0,57167150.0,19.793368857312018,0.0,0.08963800132614676,0.8168316831683168,0.0,19.793368857312018,0.01866531063982531,6.134414372375175,7.9002704326923086,0.5898440070593163,0.41025641025641024,0.0,0.012982353381180404,0.010551729571103131,0.0,0.002048305880344798,29.675056433408578,1.0,0.20115495668912417,0.33400016625628987,0.3737813415109823,0.5158224776618913,0.07905337361530715,0.20115495668912417,0.0,0.32937110618839877,-0.1856448475791798,0.7446837433084306,Banks—Regional,Financial Services,SAL
2011Q3,2011,Q3,2011-11-14,2011-09-30,1039000.0,5958000.0,0.0,0.30757844878626406,5958000.0,1.0,618958000.0,67387000.0,444723000.0,0.0,551571000.0,0.0,37553000.0,41752080.0,31268080.0,19.948786264061575,0.0,0.08891233330856052,0.8166708712362919,0.0,19.948786264061575,0.015418404143232374,7.007734138972809,10.046217516843118,0.6195865671420303,0.5736284889316651,0.0,0.014274737929224124,0.009625855066094953,0.0,0.0016786276290152158,88.83421276595745,1.0,0.17800453514739228,-0.10846848727057426,0.29766753364867016,0.49592227873248096,0.018984094407388404,0.17800453514739228,0.0,1.5443865068954667,1.1470165672080455,0.743494037516086,Banks—Regional,Financial Services,SAL
2011Q2,2011,Q2,2011-08-15,2011-06-30,882000.0,5847000.0,0.0,0.261101243339254,5847000.0,1.0,588315000.0,58109000.0,425513000.0,0.0,530206000.0,0.0,37216000.0,44660538.0,56176538.0,17.202190645352278,0.0,0.09426922651980657,0.9544132578430191,0.0,17.202190645352278,0.01517837168080676,7.63819702411493,12.658882653061225,0.7685649038875217,0.6598639455782312,0.0,0.013031638803813783,0.009938553326024323,0.0,0.001499196858825629,36.45758204081633,1.0,-0.06524093582892733,-0.1296623491731671,0.3628329363750445,0.40677211963277,-0.01032498307379824,-0.06468716861081654,0.0,-0.09965066521631502,0.1655096223125023,0.340232807000304,Banks—Regional,Financial Services,SAL
2011Q1,2011,Q1,2011-05-16,2011-03-31,943000.0,5908000.0,0.0,0.279324644549763,5908000.0,1.0,576894000.0,55948000.0,428223000.0,0.0,520946000.0,0.0,36923000.0,45272160.0,53069160.0,16.572274881516588,0.0,0.09687741595509747,0.9989275756059198,0.0,16.572274881516588,0.01685493672696075,7.662857142857143,12.002163308589608,0.8091828126117109,0.6182396606574762,0.0,0.012877671398934797,0.010241049482227238,0.0,0.0016346157179655187,15.403933310649881,1.0,-0.23951612903225813,-0.17845678454406097,0.3669084278768233,0.30313427068767557,1.6915717539863326,-0.23951612903225805,0.0,-0.1271107441766664,0.16075338700176706,0.24562120665379894,Banks—Regional,Financial Services,SAL
2010Q4,2010,Q4,2011-03-31,2010-12-31,1240000.0,2195000.0,0.0,0.36729857819905215,2195000.0,1.0,575470000.0,55016000.0,405954000.0,0.0,520454000.0,0.0,36567000.0,42571360.0,83475360.0,16.296208530805686,0.0,0.12652614384763758,1.3234695361349427,0.0,16.296208530805686,0.022538897775192673,19.394697038724374,8.582935483870967,0.7737996219281664,0.47016129032258064,0.0,0.013694652930984588,0.0038142735503153944,0.0,0.0021547604566702,25.50710605152786,1.0,0.3078466797119364,0.5618665523549753,-0.49687442401692355,0.32656049143116095,-0.6133521225999647,0.3093980992608237,0.0,0.2407205875918904,-0.5348003689841596,0.2082147934612061,Banks—Regional,Financial Services,SAL
2010Q3,2010,Q3,2010-11-15,2010-09-30,947000.0,5677000.0,0.0,0.28084223013048637,5677000.0,1.0,17246000.0,57400000.0,6119000.0,20200000.0,526300000.0,0.0,35900000.0,38693700.0,48874700.0,17.022538552787662,0.3029207920792079,0.9451467006842166,0.28397212543554007,0.0,17.022538552787662,0.016498257839721253,6.815871058657741,10.214809926082365,0.6741062717770036,0.6156282998944034,0.0,0.015067052259153299,0.3291777803548649,0.3029207920792079,0.05491128377594805,-56.81894273127753,1.0,0.07922743104813319,-0.16166483643842827,0.224722325101224,0.34966611537628234,0.017018989609458975,0.0785876993166287,0.0,0.04015631714640157,0.27205873878581316,0.31275158030605194,Banks—Regional,Financial Services,SAL
2010Q2,2010,Q2,2010-08-09,2010-06-30,878000.0,5582000.0,0.0,0.26022525192649676,5582000.0,1.0,565522000.0,54389000.0,387240000.0,0.0,511133000.0,0.0,35557000.0,40116860.0,88448860.0,16.12003556609366,0.0,0.1325253482623134,1.3779624556436043,0.0,16.12003556609366,0.01614297008586295,7.1868255105696885,11.422796127562641,0.7375914247366195,0.664009111617312,0.0,0.014532543175113904,0.009870526699226556,0.0,0.0015525479114870864,25.782043701799484,1.0,0.4988921940208248,-0.33275579489856766,0.21921707261065618,0.26884265772960997,0.0771902740254728,0.4781144781144781,0.0,-0.07062402191680885,0.25218611095593996,0.2821902997738451,Banks—Regional,Financial Services,SAL
2010Q1,2010,Q1,2010-05-17,2010-03-31,594000.0,5182000.0,0.0,0.17361172001865888,5182000.0,1.0,563118000.0,53023000.0,374168000.0,0.0,510095000.0,0.0,35266000.0,42425707.2,93052707.2,15.497330354460184,0.0,0.13381919952834043,1.4211945759387437,0.0,15.497330354460184,0.01120268562699206,8.187129911231185,17.855937373737373,0.8001378118929522,0.9797979797979798,0.0,0.013718097785768907,0.009202334146661979,0.0,0.001054841081265383,3030.4076571428573,1.0,-0.30035335689045933,-0.5604767838531988,0.0665264222279478,0.2934519703334277,-0.20691766146311602,-0.3003533568904594,0.0,-0.3686845868849547,0.1456656482013385,0.1843164258037443,Banks—Regional,Financial Services,SAL
2009Q4,2009,Q4,2010-03-22,2009-12-31,849000.0,6534000.0,0.0,0.24814200386505283,6534000.0,1.0,562347000.0,52355000.0,395452000.0,0.0,509992000.0,0.0,35259000.0,37208029.5,65274029.5,15.302090238344926,0.0,0.13579515850533566,1.4585808423264253,0.0,15.302090238344926,0.016216216216216217,5.694525482093664,10.956428003533569,0.710687221850826,0.6760895170789164,0.0,0.015426777706677533,0.011619160411631965,0.0,0.001509743983696899,2.824353233642022,1.0,0.1628210014454004,-0.2085937729693323,0.4071625586619972,0.26499374745611387,0.14551192145862551,0.17916666666666667,0.0,-0.10401398993520618,0.3784961514792545,0.17186985730956617,Banks—Regional,Financial Services,SAL
2009Q3,2009,Q3,2009-11-16,2009-09-30,720000.0,5704000.0,0.0,0.21339656194427978,5704000.0,1.0,564287000.0,52478000.0,369623000.0,0.0,511809000.0,0.0,34997000.0,42006300.0,82790300.0,15.553645524599881,0.0,0.13604247483993073,1.4628415717062389,0.0,15.553645524599881,0.013720035062311826,7.364358345021038,14.585520833333334,0.8004554289416517,0.8162736111111111,0.0,0.013991163230277364,0.010108331398738585,0.0,0.0012759464598688256,-2.9335845967446423,1.0,3.2462793169638338,-0.2096424028857983,0.2982717534281813,0.11143439770361607,0.05587453308002711,3.2633395575171167,0.0,-0.38145939537640783,0.24381853457836272,0.16633887133640263,Banks—Regional,Financial Services,SAL
2009Q2,2009,Q2,2009-08-14,2009-06-30,-318114.0,5402157.0,0.0,-0.09500001194540472,5402157.0,1.0,542180789.0,47994896.0,363968363.0,0.0,494185893.0,0.0,34864904.0,40701844.04,71817710.03999999,14.332961433066314,0.0,0.1423403236812214,1.6079665846134972,0.0,14.332961433066314,-0.006628079785817225,7.534368964100821,-31.986838083202876,0.8480452596459422,-1.7328442005067366,0.0,0.013543415857479662,0.009963755834956373,0.0,-0.0005867304900026622,63.04449940753247,1.0,-1.3015873757719485,-1.246753343070829,0.2534371246210359,0.49799600893704615,-0.08565328106712433,-1.2942298887784123,0.0,-1.31666676944029,0.27021504177027544,0.1721303961514448,Banks—Regional,Financial Services,SAL
2009Q1,2009,Q1,2009-05-14,2009-03-31,1081175.0,5908215.0,0.0,0.314999962124545,5908215.0,1.0,506139980.0,46257544.0,337150759.0,0.0,459882436.0,0.0,35127465.0,42131507.050000004,113128803.05000001,13.477119437625245,0.0,0.15528938456906724,1.6991426522774318,0.0,13.477119437625245,0.023372944313688596,7.131004381187889,9.742064663444863,0.9108029395162008,0.4365999953754018,0.0,0.011203990387521633,0.01167308498332813,0.0,0.002136118549654979,38.38868685865487,1.0,0.13344851192129853,-0.16000029689671214,0.37528870948623094,0.26782226912855095,-0.2634523206827853,0.13344851192129836,0.0,-0.07352936161637635,0.34453517988106863,0.05975168375394837,Banks—Regional,Financial Services,SAL
2008Q4,2008,Q4,2009-03-30,2008-12-31,953881.0,8021497.0,0.0,0.2779128992728495,8021497.0,1.0,495754160.0,38939332.0,325566303.0,0.0,456814828.0,0.0,34518331.0,37841129.550000004,117771992.55000001,11.344960903789934,0.0,0.17733319070887876,2.2577086581762624,0.0,11.344960903789934,0.02449659382960139,4.717464776213219,9.91767567180812,0.9717970906640104,0.19797333210327075,0.0,0.004990416571748451,0.01618039271722904,0.0,0.001924100848694845,-21.388679344996902,1.0,1.4918811218840335,-0.0008072472302677824,0.8291484361045103,0.12413225965180273,1.8854305755395684,1.4988917364016736,0.0,0.18177114643505887,0.8084822071953003,-0.07648598854455008,Banks—Regional,Financial Services,SAL
2008Q3,2008,Q3,2008-11-13,2008-09-30,-1912000.0,2780000.0,0.0,-0.5650001329759727,2780000.0,1.0,485650000.0,38720000.0,321374000.0,0.0,446930000.0,0.0,34037000.0,46953971.25,125083971.25,11.441843697086645,0.0,0.17809121795531763,2.2337293388429753,0.0,11.441843697086645,-0.0493801652892562,16.889917715827337,-6.139379086035564,1.2126542161673552,-0.24686192468619247,0.0,0.010052397857614654,0.0057242870379903225,0.0,-0.0039369916606609694,30.91110681369322,1.0,-2.948276796279556,-2.5915491529052064,-0.3266102061892088,0.1603998713784077,-0.44775526420341677,-2.945066124109868,0.0,-2.686567859365907,-0.40239838251960447,-0.09281047080603645,Banks—Regional,Financial Services,SAL
2008Q2,2008,Q2,2008-08-11,2008-06-30,983000.0,5034000.0,0.0,0.28999992919635503,5034000.0,1.0,479705000.0,43507000.0,314042000.0,0.0,436198000.0,0.0,36421000.0,51268547.0,140853547.0,12.835225757421991,0.0,0.20688965093130152,2.281150159744409,0.0,12.835225757421991,0.022594065322821617,10.184455105284067,13.038796286876908,1.178397660146643,0.4801627670396745,0.0,0.009206424359949191,0.01049394940640602,0.0,0.0020491760561178224,-332.9126428571429,1.0,-0.09375048953144532,-0.17142877372469986,0.25886320580362027,0.24457520482206793,-0.011584527783231886,-0.09065679925994449,0.0,-0.2564104720676769,0.09444481166953106,0.010288215297864655,Banks—Regional,Financial Services,SAL
2008Q1,2008,Q1,2008-05-12,2008-03-31,1081000.0,5093000.0,0.0,0.3200000947271326,5093000.0,1.0,472795000.0,44944000.0,305069000.0,0.0,427851000.0,0.0,35910000.0,53120999.9,130304999.9,13.304425770042782,0.0,0.18224812022123754,1.917185831256675,0.0,13.304425770042782,0.024052153791384836,10.43019829177302,12.285152613320998,1.1819375200249198,0.6827012025901943,0.0,0.013892810778962766,0.010772110534163855,0.0,0.002286403198003363,41.99288529644269,1.0,0.08094811449050449,-0.1111106406591023,0.22913377485557065,0.3606387537654108,0.07871163748341849,0.08094811449050446,0.0,-0.18987340954496434,0.061645943881353846,0.11042581740305768,Banks—Regional,Financial Services,SAL
2007Q4,2007,Q4,2008-03-28,2007-12-31,1000048.0,4721373.0,0.0,0.29603649836418083,4721373.0,1.0,461960398.0,45563598.0,295210362.0,0.0,416396800.0,0.0,35583443.0,58019279.7,139493130.7,13.487840588444948,0.0,0.20566948035229635,2.085242587734182,0.0,13.487840588444948,0.02194839836836415,12.288645633378257,14.504123727061101,1.2733691421823183,0.45450518375117993,0.0,0.007834068301954463,0.010220298147721312,0.0,0.002164791623545185,63.37448724684571,1.0,0.09643137976910993,0.1772079501322107,0.2293851310236942,0.40986759822207003,0.05036106785317019,0.0905648854961832,0.0,-0.05584252329493493,0.029829364540566315,0.11501329199540002,Banks—Regional,Financial Services,SAL
2007Q3,2007,Q3,2007-11-13,2007-09-30,917000.0,4495000.0,0.0,0.27000002355507297,4495000.0,1.0,456486000.0,44040000.0,283788000.0,0.0,412446000.0,0.0,35038000.0,57057769.403704,145129769.403704,12.967067652524985,0.0,0.20842479287426122,2.1603769300635784,0.0,12.967067652524985,0.020821980018165303,12.693608321179978,15.555553272547435,1.2955896776499547,0.4961832061068702,0.0,0.00797437412564647,0.009846961352593508,0.0,0.0020088239288828134,90.85632070653503,1.0,-0.035714120300443686,-0.21739140411707888,0.16408186472124855,0.3621941809953708,0.003796337650736936,-0.03371970495258166,0.0,3.698975034894836e-08,0.016378178145283813,-0.0733976157826253,Banks—Regional,Financial Services,SAL
2007Q2,2007,Q2,2007-08-14,2007-06-30,949000.0,4478000.0,0.0,0.27999997639620855,4478000.0,1.0,442453000.0,42611000.0,272693000.0,0.0,399842000.0,0.0,34576000.0,56007951.15,136274951.15,12.57226448284388,0.0,0.19712150217085206,2.0468188965290652,0.0,12.57226448284388,0.022271244514327285,12.507358452434122,14.754465529504738,1.314401237943254,0.4794520547945205,0.0,0.008123846537100118,0.01012084899413045,0.0,0.002144860584062036,119.41993848614072,1.0,0.018181841362882648,0.05660343092911023,0.21327297041231844,0.4049542790875367,-0.0026726057906458797,0.016059957173447537,0.0,-0.2727271416005363,0.026526927466865566,0.31397842005998033,Banks—Regional,Financial Services,SAL
2007Q1,2007,Q1,2007-05-10,2007-03-31,934000.0,4490000.0,0.0,0.27499997055674835,4490000.0,1.0,431117000.0,44443000.0,267154000.0,0.0,386674000.0,0.0,34083000.0,62255352.12,132003352.12,13.085464337744718,0.0,0.17828802853981635,1.7294737078955067,0.0,13.085464337744718,0.021015683009697816,13.865334547884187,16.663638147751602,1.400790948405823,0.4689507494646681,0.0,0.007035539677869547,0.010414806189503082,0.0,0.002166465251892178,45.60831657142857,1.0,-0.007035799867746549,0.07843104797119346,0.3240464966880454,0.5675163874127999,-0.045741702044004275,-0.0070357998677465245,0.0,-0.26666691620188654,0.05622195883713078,0.23097841241685335,Banks—Regional,Financial Services,SAL
