Quarters,Year,Quarter,FillingDate,Date,NetIncome,Revenue,OperatingIncome,EPSDiluted,GrossProfit,GrossProfitRatio,TotalAssets,CommonStockEquity,CurrentAssets,CurrentLiability,TotalLiability,Inventory,RetainedEarnings,MarketCap,EnterpriseValue,bookValuePerShare,currentRatio,debtToAssets,debtToEquity,roic,shareholdersEquityPerShare,roe,priceToSalesRatio,peRatio,pbRatio,payoutRatio,inventoryTurnover,dividendYield,assetTurnover,quickRatio,returnOnAssets,priceToFreeCashFlowsRatio,grossProfitMargin,epsdilutedGrowth,fiveYNetIncomeGrowthPerShare,fiveYRevenueGrowthPerShare,fiveYShareholdersEquityGrowthPerShare,grossProfitGrowth,netIncomeGrowth,operatingIncomeGrowth,threeYNetIncomeGrowthPerShare,threeYRevenueGrowthPerShare,threeYShareholdersEquityGrowthPerShare,Industry,Sector,Symbol
2023Q1,2023,Q1,2023-05-10,2023-04-02,-2144000.0,103371000.0,162000.0,-0.0843,20664000.0,0.1999013263,349053000.0,143397000.0,54620000.0,42709000.0,205656000.0,1898000.0,-14425000.0,213528756.0,339250756.0,5.641089390320805,1.2788873539534993,0.4463190403749574,1.0864174285375565,0.0003509801109087773,5.641089390320805,-0.014951498287969761,2.065654351800795,-24.898409048507464,1.4890740810477208,0.0,43.575869336143306,0.0,0.29614700346365735,0.9636610550469457,-0.00614233368571535,-139.7439502617801,0.19990132629073917,0.5785,-1.5417371176422618,-0.35519930053674587,-0.358439901763833,0.0715619166148102,0.5659040291556995,1.0365111561866125,0.7058407581101918,-0.29260442991221364,-0.02734165185384057,Restaurants,Consumer Cyclical,FRGI
2022Q4,2022,Q4,2023-03-03,2023-01-01,-4939000.0,97624000.0,-4437000.0,-0.2,19284000.0,0.1975333934,348691000.0,145257000.0,52691000.0,40302000.0,203434000.0,1962000.0,-12516000.0,184563130.5,308180130.5,5.784681626864798,1.3074040990521563,0.44676805538428005,1.0724715504244202,-0.010689241222045093,5.784681626864798,-0.034001803699649585,1.8905507918134885,-9.342130517311196,1.2705971519444845,0.0,39.92864424057085,0.0,0.27997281260485646,1.024961540370205,-0.014164403440295275,-19.45842177121771,0.19753339342784562,-0.6666666666666669,0.5089426003856197,-0.35644951457855734,-0.32909703946013913,0.13142454822811547,-0.6839413569723832,-0.38353601496725914,0.7590141587629484,-0.37112275199865324,-0.0570291541358931,Restaurants,Consumer Cyclical,FRGI
2022Q3,2022,Q3,2022-11-10,2022-10-02,-2933000.0,95631000.0,-3207000.0,-0.12,17044000.0,0.1782267256,356315000.0,147635000.0,61877000.0,44702000.0,208680000.0,2335000.0,-8450000.0,158317686.96,282756686.96000004,5.91220044944497,1.3842109972708156,0.4687706102746166,1.1313712872963728,-0.005880062910270737,5.91220044944497,-0.019866562806922478,1.655505923393042,-13.494518152062735,1.0723587696684391,0.0,33.65610278372591,0.0,0.2683889255293771,1.122544852579303,-0.008231480571965816,48.89366490426189,0.1782267256433583,0.5384615384615385,0.6181241472969754,-0.35214350180307885,-0.3427675484272543,-0.08331092346582047,0.5479346485819976,-0.015194681861348529,0.8594260363853199,-0.38099788132828327,-0.13525693993037669,Restaurants,Consumer Cyclical,FRGI
2022Q2,2022,Q2,2022-08-11,2022-07-03,-6488000.0,98487000.0,-3159000.0,-0.26,18593000.0,0.1887863373,360691000.0,149073000.0,61895000.0,44676000.0,211618000.0,2527000.0,-5534000.0,177620318.88,308385318.88,5.97566633531989,1.3854194645894888,0.4713924106783923,1.1405620065337116,-0.007833835015677925,5.97566633531989,-0.043522301154467945,1.8034899923847818,-6.844186146732429,1.1914989225413053,0.0,31.61614562722596,0.0,0.27305089397850235,1.0702838212910735,-0.017987695839374977,83.38982107042253,0.1887863372830932,-3.9618320610687023,-2.228661258425486,-0.38674213689977355,-0.35596344717245887,-0.0009671699532534522,-3.986933128362798,-0.4761682242990654,0.8395064110459937,-0.3824773376843313,-0.24523012577339903,Restaurants,Consumer Cyclical,FRGI
2022Q1,2022,Q1,2022-05-12,2022-04-03,-1301000.0,95609000.0,-2140000.0,-0.0524,18611000.0,0.1946574067,362628000.0,153900000.0,60880000.0,42839000.0,208728000.0,2711000.0,687000.0,180035922.25,311318922.25,6.197513174346516,1.4211349471276173,0.4644677189847447,1.0944054580896687,-0.0037286558811736696,6.197513174346516,-0.008453541260558804,1.8830436700519826,-34.595680678324364,1.1698240562053281,0.0,28.402065658428626,0.0,0.2636558677211909,1.0969677163332476,-0.0035876986884631084,1487.9001838842976,0.194657406729492,0.8059259259259259,0.9068578854380928,-0.41298294299298566,-0.3357052537599461,0.11797921547425963,0.809767509869864,0.6018604651162791,-1.6143793428221254,-0.3768635382833905,-0.3474672212696067,Restaurants,Consumer Cyclical,FRGI
2021Q4,2021,Q4,2022-03-10,2022-01-02,-6839000.0,89315000.0,-5375000.0,-0.27,16647000.0,0.1863852656,367113000.0,154871000.0,59042000.0,40542000.0,212242000.0,2524000.0,2043000.0,279566086.86,406540086.86,6.171216828827919,1.45631690592472,0.4461051501853653,1.0574671823646777,-0.010551764913667048,6.171216828827919,-0.044159332605846154,3.1301134956054417,-10.219552816932302,1.805154527703702,0.0,28.79080824088748,0.0,0.24329021309515053,1.1559863844901583,-0.018629141436015614,-28.73533629972248,0.18638526563287242,-1.076923076923077,-3.9977628597524606,-0.4441948009279584,-0.37504804920790946,0.02153902798232695,-1.3961881589618816,-0.4129863301787592,0.07775677497094494,-0.42975539945080016,-0.30950369324474375,Restaurants,Consumer Cyclical,FRGI
2021Q3,2021,Q3,2021-11-12,2021-10-03,17262000.0,88592000.0,-3804000.0,-0.13,16296000.0,0.1839443742,384949000.0,163988000.0,74188000.0,43345000.0,220961000.0,2371000.0,6763000.0,286720373.2,410904373.2,6.428650672529189,1.7115699619333256,0.4576242567197213,1.0742371393028758,-0.005970094102686821,6.428650672529189,0.10526379979022855,3.236413820661008,4.152479046460433,1.7484228919189209,0.0,30.49177562210038,0.0,0.23013957693097006,1.4294151574576075,0.044842303785696286,-35.00859257631257,0.18394437420986093,-2.1818181818181817,4.99006345920802,-0.4909089940766476,-0.341671914500197,-0.24754121069400195,5.441044776119403,-3.002105263157895,7.910638883785735,-0.46399793414405377,-0.29975841300592254,Restaurants,Consumer Cyclical,FRGI
2021Q2,2021,Q2,2021-08-13,2021-07-04,2680000.0,91155000.0,1900000.0,0.11,21657000.0,0.2375843344,560389000.0,148013000.0,245219000.0,232439000.0,412376000.0,2022000.0,-10499000.0,362043739.59999996,545320739.5999999,5.805333361991381,1.0549821673643407,0.4445251423564702,1.6830075736590704,0.004824903183276684,5.805333361991381,0.018106517670745136,3.971737585431408,33.77273690298507,2.4460266300933022,0.0,34.37091988130564,0.0,0.16266379247272877,0.3141297286599925,0.004782392231110889,60.15014779863764,0.23758433437551424,2.3333333333333335,-0.68576179010592,-0.4750456234102334,-0.41604499596627825,-0.2703167115902965,2.282910483484921,0.4996053670086819,-0.7019604528220487,-0.4557799996520392,-0.365330923361514,Restaurants,Consumer Cyclical,FRGI
2021Q1,2021,Q1,2021-05-13,2021-04-04,-2089000.0,144739000.0,1267000.0,-0.0825,29680000.0,0.2050587609,560963000.0,146855000.0,85839000.0,62198000.0,414108000.0,4164000.0,-10416000.0,319085083.8,617737083.8,5.798995609458821,1.3800926074793403,0.6375964190151578,2.43551802798679,0.004437656552477603,5.798995609458821,-0.014224915733206224,2.2045549837984235,-38.186343202489226,2.172790056858806,0.0,27.631844380403457,0.0,0.2580187998138915,1.0929611884626516,-0.0037239532732105327,49.639869912881146,0.2050587609421096,-3.7500000000000004,-1.2218000557721478,-0.13931435210991286,-0.3945871566265616,-0.09393412095124706,-3.4404205607476634,-0.6727789256198347,-1.5298383356698522,-0.0937386134532526,-0.34048125540093144,Restaurants,Consumer Cyclical,FRGI
2020Q4,2020,Q4,2021-03-05,2021-01-03,856000.0,148904000.0,3872000.0,0.03,32757000.0,0.2199873744,568743000.0,147781000.0,84026000.0,64909000.0,420962000.0,2101000.0,-8327000.0,270882471.51000005,477339471.51000005,5.8428827128505105,1.2945200203361629,0.45052862189073095,1.733883246154783,0.003869770907979514,5.8428827128505105,0.0057923549035396975,1.819175250564122,79.11287135221963,1.8329993132405387,0.0,55.28177058543551,0.0,0.26181245307634554,0.9876904589502227,0.0015050734690361025,-20.591597986316994,0.21998737441573094,-0.8333333333333334,-0.8982804913101875,-0.12854541638079595,-0.3636549155202059,0.18158207986148686,-0.8136294360984107,-0.08376715570279224,1.08449542109147,-0.02546247890839379,-0.32234692192331416,Restaurants,Consumer Cyclical,FRGI
2020Q3,2020,Q3,2020-11-04,2020-09-27,4593000.0,137332000.0,4226000.0,0.18,27723000.0,0.2018684647,551768000.0,145925000.0,54258000.0,80944000.0,405843000.0,3281000.0,-9183000.0,251639052.14999998,564778052.15,5.769985769674979,0.6703152796995454,0.6001362891650114,2.2692204899777284,0.05782627704745631,5.769985769674979,0.03147507281137571,1.832340984985291,13.696878518941867,1.7244409946890527,0.0,33.40719292898507,0.0,0.24889446289020023,0.46420982407590433,0.008324150730016964,17.01068425268708,0.20186846474237613,1.5454545454545454,-0.39292553000563674,-0.16205081540743238,-0.34516633389791157,0.3829691709069141,1.5505213951815893,1.6438147471054234,1.5904617891384563,-0.08137748561233578,-0.35857690797690195,Restaurants,Consumer Cyclical,FRGI
2020Q2,2020,Q2,2020-08-05,2020-06-28,-8343000.0,121868000.0,-6564000.0,-0.33,20046000.0,0.1644894476,650384000.0,140688000.0,140361000.0,79097000.0,509696000.0,3446000.0,-13776000.0,161458711.56,497650711.56,5.567964164423064,1.774542650163723,0.6727825407759108,3.110194188559081,-0.00626005963950963,5.567964164423064,-0.0593014329580348,1.3248655230249122,-4.838149093851133,1.1476366965199591,0.0,29.547881601857227,0.0,0.1873785332972521,1.5122444593347408,-0.012827806342099436,7.377934178395175,0.16448944759904158,-0.13793103448275876,-1.777572144617687,-0.25673073497158777,-0.3426633303974365,-0.25969421670729004,-0.14022140221402213,-0.2800312012480499,-3.0990754506280105,-0.2507859242091319,-0.3999041704308368,Restaurants,Consumer Cyclical,FRGI
2020Q1,2020,Q1,2020-05-08,2020-03-29,-7317000.0,146699000.0,-5128000.0,-0.29,27078000.0,0.1845820353,559030000.0,148003000.0,34855000.0,58772000.0,411027000.0,2894000.0,-5433000.0,107436029.87,461605029.87,5.7996617219935995,0.593054515755802,0.6407133785306692,2.4200725660966333,-0.004731376561929323,5.7996617219935995,-0.049438187063775736,0.7323569340622635,-3.6707677282356155,0.7259044064647339,0.0,41.3341395991707,0.0,0.2624170438080246,0.3423058599333016,-0.013088743001270057,-66.35949961087091,0.18458203532403084,0.6463414634146342,-1.7217995101874992,-0.07268211681474221,-0.27653269740159286,-0.05835303936569759,0.6524485821498124,-4.002926829268293,0.4902524377929505,-0.12353938728767067,-0.3783498794585248,Restaurants,Consumer Cyclical,FRGI
2019Q4,2019,Q4,2020-02-27,2019-12-29,-21053000.0,159462000.0,-1025000.0,-0.82,28756000.0,0.1803313642,568641000.0,158236000.0,39283000.0,63620000.0,410405000.0,3394000.0,1884000.0,243756333.45,586514333.45,6.134528604183844,0.6174630619302106,0.6263547651330101,2.2508847544174526,-0.002714786889667906,6.134528604183844,-0.13304810536161177,1.528617058923129,-2.8945558049921623,1.5404606628706488,0.0,38.510901591043016,0.0,0.28042649052741536,0.395583149952845,-0.03702335920202729,35.40911293579314,0.1803313642121634,0.023809523809523832,-3.393522243144242,0.043028065447190116,-0.1898609120286828,-0.0902878835811452,0.05089712379406726,-3.74798927613941,-9.97829473315165,-0.03454817967226558,-0.37876342304719945,Restaurants,Consumer Cyclical,FRGI
2019Q3,2019,Q3,2019-11-05,2019-09-29,-22182000.0,164248000.0,373000.0,-0.84,31610000.0,0.1924528761,577602000.0,181508000.0,29796000.0,58250000.0,396094000.0,3222000.0,22937000.0,276631368.71999997,622751368.72,6.836944663041249,0.511519313304721,0.6053112696978196,1.9262456751217578,0.0004066688236041269,6.836944663041249,-0.12220948938889746,1.6842297545175586,-3.1177460183932917,1.5240725958084491,0.0,41.166356300434515,0.0,0.28436189625382186,0.24166523605150214,-0.038403606635711095,-284.8932736560247,0.19245287613852224,0.4814814814814815,-3.404318759271621,0.04950356922758091,-0.051157031926867456,-0.15585109223949153,0.4893646408839779,-0.9415909802693392,-3.926607084374364,-0.09309970385349293,-0.29986043417766606,Restaurants,Consumer Cyclical,FRGI
2019Q2,2019,Q2,2019-08-07,2019-06-30,-43440000.0,171381000.0,6386000.0,-1.62,37446000.0,0.2184956325,609709000.0,212237000.0,31537000.0,60433000.0,397472000.0,2997000.0,45119000.0,345811177.2,688286177.2,7.917203030185919,0.5218506445154137,0.5709625411466782,1.6402465168655795,0.00766256176512165,7.917203030185919,-0.20467684710959919,2.0177918042256726,-1.990165614640884,1.6293632929225348,0.0,44.689689689689686,0.0,0.2810865511252089,0.26846259493985075,-0.07124710312624546,15.964691251558099,0.2184956325380293,-21.250000000000004,-5.570700757123649,0.08930564323765468,0.15923042180291258,0.017609652698516224,-19.977719528178245,0.4289550234951891,-5.844371008486372,-0.06129934746385313,-0.20361329158157024,Restaurants,Consumer Cyclical,FRGI
2019Q1,2019,Q1,2019-05-07,2019-03-31,2289000.0,165852000.0,4469000.0,0.08,36798000.0,0.2218725128,676431000.0,254942000.0,48259000.0,59931000.0,421489000.0,2764000.0,88559000.0,350565714.24,717851714.24,9.49762736272769,0.8052426957667985,0.5503946448344325,1.460347843823301,0.003526543315884434,9.49762736272769,0.008978512759764965,2.1137261790029664,38.28808587155964,1.3750802701790996,0.0,46.691027496382056,0.0,0.2451868705012041,0.5365670521099264,0.003383937164322747,-92.52196205859066,0.22187251284277548,1.2666666666666668,-0.7437386548433096,0.1131476610015518,0.47429103330924993,0.07170316868592731,1.2883961194405946,-0.1286800545915383,-0.7707133869789305,-0.06955779537761222,-0.008451467424555058,Restaurants,Consumer Cyclical,FRGI
2018Q4,2018,Q4,2019-02-26,2018-12-30,-7937000.0,167638000.0,5129000.0,-0.3,34336000.0,0.2048222957,418659000.0,240059000.0,44399000.0,46561000.0,178600000.0,2842000.0,72268000.0,416601035.07,490979035.07,8.937363992325137,0.953566289383819,0.1904748255740352,0.3321850045197222,0.012100084189283156,8.937363992325137,-0.03306270541825135,2.4851229140767606,-13.122119033324934,1.7354110242482057,0.0,46.90429275158339,0.0,0.4004165681377923,0.6791091256631087,-0.018958149711340255,-49.52461187232525,0.20482229566088833,-4.75,-0.2942551165463814,0.11488496841094446,0.37313045908197917,0.0021890779603630952,-4.877381533952125,0.14079181494661921,-1.8881161243899907,-0.0761664062635428,-0.026636692156323142,Restaurants,Consumer Cyclical,FRGI
2018Q3,2018,Q3,2018-11-05,2018-09-30,2047000.0,174648000.0,4496000.0,0.08,34261000.0,0.1961717283,419898000.0,247457000.0,44355000.0,49538000.0,172441000.0,2761000.0,80206000.0,708089066.95,774116066.95,9.1806182208135,0.8953732488190884,0.17092246212175338,0.2900301870628028,-0.010133565008967756,9.1806182208135,0.008272144251324472,4.054378332130915,86.47887969589644,2.8614630701495614,0.0,50.84643245201014,0.0,0.41592958289870396,0.6311114699826396,0.00487499345079043,133.09944867481204,0.19617172827630433,-0.7714285714285714,-0.6537719839132418,0.05872858067729233,6.55978278716908,-0.12076885569841148,-0.7843674286316233,-0.666962962962963,-0.7461422009030836,-0.00014574683823920877,0.04190514961314673,Restaurants,Consumer Cyclical,FRGI
2018Q2,2018,Q2,2018-08-06,2018-07-01,9493000.0,176827000.0,13500000.0,0.35,38967000.0,0.2203679302,422819000.0,246204000.0,37086000.0,50277000.0,176615000.0,2602000.0,78159000.0,800759776.25,870855776.25,9.147024135379702,0.7376335103526463,0.17689365898883447,0.3037887280466605,0.03190353246273469,9.147024135379702,0.03855745641825478,4.5284926863544595,21.088164338196567,3.252423909644035,0.0,52.98232129131437,0.0,0.4182096831031718,0.4550191936670844,0.022451687365042727,150.40566796581518,0.2203679302368982,1.3333333333333333,0.6259605343037741,0.06825455145084035,8.544583036115883,0.05049334124117108,1.2688814531548758,0.9627798778714742,-0.16944714321952162,0.012395985723789284,0.07986944677970577,Restaurants,Consumer Cyclical,FRGI
2018Q1,2018,Q1,2018-05-07,2018-04-01,4184000.0,169484000.0,6878000.0,0.15,37094000.0,0.2188643176,419084000.0,236297000.0,37114000.0,48391000.0,182787000.0,2688000.0,68666000.0,485075988.8,563106988.8,8.792768449642956,0.7669607984955881,0.19524009506447396,0.3462676208331041,0.015572662172581526,8.792768449642956,0.017706530341053843,2.8620754100682073,28.983985946462717,2.052823306262881,0.0,49.252232142857146,0.0,0.40441534394059425,0.5336736169948958,0.009983678689713756,-77.25370103519668,0.21886431757570035,1.375,-0.25808608596748,0.07933640895601182,11.784086060234541,0.2350258032295655,1.3890283589028358,12.040128410914928,-0.6080682127943118,0.01733847865625288,0.09683646694637134,Restaurants,Consumer Cyclical,FRGI
2017Q4,2017,Q4,2018-02-26,2017-12-31,-10755000.0,162210000.0,-623000.0,-0.4,30035000.0,0.1851612108,423313000.0,231516000.0,41048000.0,59844000.0,191797000.0,2880000.0,64425000.0,510169931.0,582995931.0,8.622232971233265,0.6859167167970055,0.18077167485997359,0.3305300713557594,-0.005095262953226412,8.622232971233265,-0.04645467267921008,3.145120097404599,-11.858901231985122,2.2036055002678,0.0,45.89409722222222,0.0,0.38319163361389796,0.4137925272374841,-0.025406732134378107,-36.028949929378534,0.18516121077615436,-0.29032258064516137,-4.556459380332664,0.08569030203003443,17.67294683813408,-0.028967702305130776,-0.30253118566065157,-1.1783567134268538,-2.1746182253574955,0.01924656145204135,0.13867069603801624,Restaurants,Consumer Cyclical,FRGI
2017Q3,2017,Q3,2017-11-06,2017-10-01,-8257000.0,158691000.0,3493000.0,-0.31,30931000.0,0.1949133851,417797000.0,241492000.0,31218000.0,58754000.0,176305000.0,2552000.0,75180000.0,493958451.2,552160451.2,8.99560031659602,0.5313340368315349,0.14946493153373527,0.2585841352922664,0.007252626849617809,8.99560031659602,-0.034191608831762546,3.112706147166506,-14.95574818941504,2.04544436751528,0.0,50.06269592476489,0.0,0.37982800259456145,0.28588691833747487,-0.019763186427858504,-3106.6569257861634,0.1949133851321121,-2.846153846153846,-2.917347324100521,0.049078817047243296,30.064720845304933,-0.2648778400988687,-2.8226851851851853,-0.5882838283828383,-1.8850641259236258,0.002760541436965818,0.24842492146218528,Restaurants,Consumer Cyclical,FRGI
2017Q2,2017,Q2,2017-08-07,2017-07-02,-2160000.0,172624000.0,8484000.0,-0.0806,42076000.0,0.2437436278,426243000.0,248802000.0,29240000.0,55958000.0,177441000.0,2367000.0,83437000.0,552389309.0,612096309.0,9.278458356260476,0.5225347582115157,0.15046112194217853,0.25776722052073536,0.01986703730213009,9.278458356260476,-0.008681602237924132,3.1999566051070536,-63.93394780092593,2.220196417231373,0.0,55.153358681875794,0.0,0.4049896420586379,0.2517066371206977,-0.00506753190081714,63.23861579851174,0.243743627769024,0.8560714285714286,-1.470512577981637,0.14442776245629776,82.0420209978248,-0.012230908279925816,0.8565737051792829,-0.08734939759036145,-1.2272050580194054,0.09688103710080273,0.35854431836592815,Restaurants,Consumer Cyclical,FRGI
2017Q1,2017,Q1,2017-05-08,2017-04-02,-15060000.0,175607000.0,9296000.0,-0.56,42597000.0,0.242570057,426645000.0,249788000.0,29364000.0,43563000.0,176857000.0,2688000.0,85597000.0,631868830.8000001,700310830.8000001,9.329462876870235,0.6740582604503822,0.17849500169930504,0.3048745336044966,0.018029523376983467,9.329462876870235,-0.0602911268755905,3.5981984248919465,-10.489190418326693,2.529620441334252,0.0,49.482886904761905,0.0,0.41159980780273997,0.39320065192938963,-0.035298667510459514,1174.477380669145,0.2425700570022835,-7.222222222222222,-5.985603403816678,0.2043144604765898,69.25248215719402,0.05836314847942755,-7.192434210526316,-0.09536784741144415,-2.690338227434564,0.18164010153513901,0.44818731454327143,Restaurants,Consumer Cyclical,FRGI
2016Q4,2016,Q4,2017-02-27,2017-01-01,2432000.0,171305000.0,10276000.0,0.09,40248000.0,0.2349493593,441565000.0,264175000.0,26942000.0,46769000.0,177390000.0,2865000.0,100704000.0,798567945.75,867458945.75,9.874706081013521,0.5760653424276765,0.16571965622275317,0.27699820194946534,0.027272359065914607,9.874706081013521,0.009206018737579256,4.661673306383351,82.08963258120887,3.022874782814422,0.0,45.74415357766143,0.0,0.3879496789827092,0.3479013876713207,0.005507682900592212,-159.71358915,0.23494935932985025,1.5294117647058822,17.223354751304928,0.2702965363561499,50.03535553927947,-0.10208816705336426,1.5367468549988965,-0.12737771739130435,1.3981695913040475,0.14384884224050154,0.5171430531379916,Restaurants,Consumer Cyclical,FRGI
2016Q3,2016,Q3,2016-11-07,2016-10-02,-4531000.0,182256000.0,11776000.0,-0.17,44824000.0,0.245939777,439487000.0,260887000.0,26530000.0,55693000.0,178600000.0,2875000.0,98272000.0,634510201.25,698758201.25,9.765116837827987,0.4763614816942883,0.15744948087201668,0.26523743996442906,0.022095906651059777,9.765116837827987,-0.017367672593881642,3.4814228406746555,-35.00939093191349,2.4321265576667295,0.0,47.80243478260869,0.0,0.4147016862842359,0.3101646526493455,-0.01030974750106374,319.9748871659102,0.2459397770169432,-1.5151515151515151,-2.6218760035332336,0.3041605179534762,0.0,-0.03745060986084865,-1.5081875280394796,-0.19209659714599342,-1.7731989363926104,0.11469403273881679,7.041088346092401,Restaurants,Consumer Cyclical,FRGI
2016Q2,2016,Q2,2016-08-03,2016-07-03,8916000.0,181532000.0,14576000.0,0.33,46568000.0,0.2565277747,436875000.0,264981000.0,26624000.0,47165000.0,171894000.0,2648000.0,102803000.0,590125759.2,656532759.2,9.94140528275384,0.5644863776105162,0.16301230329041488,0.2687588921469841,0.027395144931052877,9.94140528275384,0.03364769549514871,3.2508084480973056,16.54681917900404,2.2270493325936576,0.0,50.968277945619334,0.0,0.4155238912732475,0.35630234283896955,0.020408583690987126,5316.448281081081,0.2565277747174052,-0.10810810810810806,1.131431641661926,0.30101046847641444,0.0,0.006527471577400251,-0.0989388580090955,-0.09695805712161576,0.5421439090314967,0.10745908270920795,9.373490526816706,Restaurants,Consumer Cyclical,FRGI
2016Q1,2016,Q1,2016-05-09,2016-04-03,9895000.0,176677000.0,16141000.0,0.37,46266000.0,0.2618677021,424389000.0,254845000.0,26278000.0,43593000.0,169544000.0,2669000.0,93887000.0,905126492.34,975304492.34,9.5785804231474,0.602803202349001,0.1749126391117583,0.29127901273323,0.030989156583614934,9.5785804231474,0.038827522611783634,5.12305785325764,22.86827924052552,3.5516745172163477,0.0,48.8613713001124,0.0,0.41630909377952774,0.35638749340490444,0.023315872937328723,-627.2532864449065,0.261867702077803,0.12121212121212115,1.383556235643019,0.3303313599111176,0.0,0.05949436658422644,0.11921728311277005,0.20833957179218446,0.7722918601297232,0.13649032364924174,12.926603113194293,Restaurants,Consumer Cyclical,FRGI
2015Q4,2015,Q4,2016-02-24,2016-01-03,8841000.0,179512000.0,13358000.0,0.33,43668000.0,0.2432595035,415645000.0,243982000.0,31238000.0,46305000.0,171663000.0,2910000.0,83992000.0,881922788.17,950916788.17,9.181940515226907,0.6746139725731563,0.17886417495699455,0.3047110032707331,0.028802027509214907,9.181940515226907,0.03623627972555352,4.912890437240964,24.93843423170456,3.614704314949463,0.0,46.681786941580754,0.0,0.4318877888582805,0.47394449843429437,0.021270555401845324,1126.3381713537674,0.24325950354293863,0.10000000000000009,60.377609741916935,0.3402097911305349,46.59525255848978,0.04956015959236649,0.11277533039647578,0.026827580905526942,1.954246798933007,0.21411483226058398,18.885090983248844,Restaurants,Consumer Cyclical,FRGI
2015Q3,2015,Q3,2015-10-29,2015-09-27,7945000.0,172105000.0,13009000.0,0.3,41606000.0,0.2417477703,399266000.0,234012000.0,25724000.0,44081000.0,165254000.0,2661000.0,75151000.0,1212369961.0,1281843961.0,8.811376183544356,0.5835620789002064,0.17643876513402093,0.3010358443156761,0.026976186540290235,8.811376183544356,0.033951250363229234,7.044362226547747,38.14883451856513,5.180802527220826,0.0,49.0413378429162,0.0,0.4310534831415648,0.3127424513962932,0.019899014691959746,-780.6632073406311,0.24174777025652944,-0.2857142857142857,1.8608698250636047,0.2388630809569205,0.0,-0.09323511463691048,-0.2937149968886123,-0.302316850799099,0.8648788366915457,0.15007859477225252,29.428535258484217,Restaurants,Consumer Cyclical,FRGI
2015Q2,2015,Q2,2015-07-30,2015-06-28,11249000.0,171900000.0,18646000.0,0.42,45884000.0,0.2669226294,386200000.0,224389000.0,29297000.0,38696000.0,161811000.0,2529000.0,67206000.0,1303870925.06,1372313925.06,8.47049072705703,0.7571066776927848,0.19151216986017608,0.3296150880836405,0.03834645408747222,8.47049072705703,0.05013169094741721,7.585054828737638,28.977485222241977,5.810761334379135,0.0,49.82839066824832,0.0,0.4451061626100466,0.42658155881744886,0.02912739513205593,1766.7627710840109,0.26692262943571843,0.07692307692307684,1.7057597341930741,0.23958821648414996,0.0,0.035849738125338634,0.07123131130368536,0.06804903196242411,1.4803699193269093,0.15358111615893394,74.81072650323843,Restaurants,Consumer Cyclical,FRGI
2015Q1,2015,Q1,2015-04-30,2015-03-29,10501000.0,163875000.0,17458000.0,0.39,44296000.0,0.270303585,369918000.0,211917000.0,25911000.0,35625000.0,158001000.0,2458000.0,55957000.0,1639773346.98,1709219346.98,8.016480774132457,0.7273263157894737,0.19725722998069842,0.3443282039666473,0.03758977497685815,8.016480774132457,0.04955241910748076,10.0062446802746,39.03850459432435,7.737809363949093,0.0,48.648901545972336,0.0,0.4430035845782038,0.3666245614035088,0.02838737233657189,-254.78143986637664,0.27030358504958046,0.14705882352941171,1.5458522062621676,0.24189661291713097,0.0,0.13254244221722233,0.16833555852247442,0.2840541335686967,5.93335650049945,0.13826575445947442,59.64696802175559,Restaurants,Consumer Cyclical,FRGI
2014Q4,2014,Q4,2015-02-19,2014-12-28,8988000.0,156224000.0,13596000.0,0.34,39112000.0,0.2503584596,357956000.0,199587000.0,28105000.0,39423000.0,158369000.0,2719000.0,45456000.0,1535083513.6000001,1598920513.6000001,7.572191856024895,0.7129087081145524,0.1927192168869917,0.3456387440063732,0.03458563442717332,7.572191856024895,0.04503299313081513,9.82616956165506,42.69813956386293,7.6913001027121,0.0,43.07171754321442,0.0,0.43643352814312375,0.4160261776120539,0.025109231302171218,480.46432350547735,0.2503584596476854,0.0,61.855110469476415,0.17581697368349072,38.60163764121951,0.016054450044162727,-0.018241398143091208,-0.11559227216548494,61.855110469476415,0.17581697368349072,38.60163764121951,Restaurants,Consumer Cyclical,FRGI
2014Q3,2014,Q3,2014-11-04,2014-09-28,9155000.0,155298000.0,15373000.0,0.34,38494000.0,0.2478718335,343380000.0,189824000.0,23209000.0,33851000.0,153556000.0,2392000.0,36468000.0,1329059945.9,1396179945.9,7.2055597112401095,0.6856222858999734,0.20094064884384646,0.36348933749157114,0.03641607722564221,7.2055597112401095,0.04822888570465273,8.55812660755451,36.29328088203168,7.0015379820254555,0.0,48.831103678929765,0.0,0.45226279923117246,0.3525449765147263,0.026661424660725727,-430.25572868242153,0.24787183350719263,-0.02857142857142844,2.3233304769473477,0.12695525259153848,0.0,-0.019735669357508468,-0.01707107579987116,-0.01851497158909532,2.3233304769473477,0.12695525259153848,0.0,Restaurants,Consumer Cyclical,FRGI
2014Q2,2014,Q2,2014-08-05,2014-06-29,9314000.0,154185000.0,15663000.0,0.35,39269000.0,0.2546875507,329738000.0,179424000.0,25410000.0,31062000.0,150314000.0,2539000.0,27313000.0,1219242493.56,1284390493.56,6.8297060543602335,0.8180413366814757,0.20930253716587108,0.3846475387907972,0.03864273399593838,6.8297060543602335,0.05191055823078295,7.907659587897655,32.72607079557655,6.795314414794007,0.0,45.260338716029935,0.0,0.4675985176109517,0.4239585345438156,0.028246668567165446,-1632.1853996787147,0.2546875506696501,0.06060606060606049,1.2590508983430737,0.12113563653752708,0.0,0.024979118813948632,0.06824177084528042,0.06297930098405158,1.2590508983430737,0.12113563653752708,0.0,Restaurants,Consumer Cyclical,FRGI
2014Q1,2014,Q1,2014-05-06,2014-03-30,8719000.0,145436000.0,14735000.0,0.33,38312000.0,0.2634285871,313274000.0,168796000.0,22377000.0,26883000.0,144478000.0,2497000.0,17999000.0,1194537645.73,1259160645.73,6.44216586016192,0.8323847784845442,0.21396285679628696,0.39710064219531266,0.03828076980209463,6.44216586016192,0.051654067631934406,8.21349353481944,34.25099339746531,7.076812517654448,0.0,42.90108129755707,0.0,0.46424535709953585,0.4086969460253692,0.027831866034206478,-128.0044626800257,0.26342858714486095,2.4347826086956523,1.1326569400534092,0.11197865903998332,0.0,0.1588626739261948,2.5701422654421036,0.3438212494300046,1.1326569400534092,0.11197865903998332,0.0,Restaurants,Consumer Cyclical,FRGI
2013Q4,2013,Q4,2014-02-25,2013-12-29,-5553000.0,136155000.0,10965000.0,-0.23,33060000.0,0.2428115016,318785000.0,158306000.0,32925000.0,38087000.0,160479000.0,2564000.0,9280000.0,1275933431.5,1338936431.5,6.5087508133060465,0.864468191246357,0.23226312404912403,0.46771442649046785,0.028866466023591185,6.5087508133060465,-0.03507763445479009,9.371183074437223,-57.4434283945615,8.059918332217352,0.0,40.208658346333856,0.0,0.4271060432579952,0.5641294930028619,-0.017419263767115768,167.16015085811608,0.24281150159744408,-2.0952380952380953,-39.744836134200305,0.11054580766805719,33.32085164141701,-0.010209275171402054,-2.101348671162237,-0.09342703596527491,-39.744836134200305,0.11054580766805719,33.32085164141701,Restaurants,Consumer Cyclical,FRGI
2013Q3,2013,Q3,2013-11-05,2013-09-29,5042000.0,140678000.0,12095000.0,0.21,33401000.0,0.237428738,313262000.0,27915000.0,24769000.0,34812000.0,285347000.0,2457000.0,14833000.0,864986322.45,1063038322.45,1.2144023815598775,0.7115075261404114,0.651014167055053,7.305677950922443,0.03399133564653041,1.2144023815598775,0.18061973849185026,6.148696473151452,42.889048118306235,30.986434621171412,0.0,43.66178266178266,0.0,0.4490745765525343,0.3700735378605079,0.016095153577516584,-121.88055832746231,0.23742873796897881,0.0,1.0976179960879913,0.1699717408095726,0.0,-0.07201400272275164,0.01469108472529684,-0.06580675059859427,1.0976179960879913,0.1699717408095726,0.0,Restaurants,Consumer Cyclical,FRGI
2013Q2,2013,Q2,2013-08-08,2013-06-30,4969000.0,140880000.0,12947000.0,0.21,35993000.0,0.2554869392,312468000.0,21954000.0,24568000.0,39461000.0,290514000.0,2315000.0,9791000.0,789416261.86,986099261.86,0.9583471693596408,0.6225893920579813,0.6527100375078408,9.289924387355379,0.03540940271034784,0.9583471693596408,0.22633688621663478,5.603465799687678,39.7170588579191,35.95774172633689,0.0,45.30755939524838,0.0,0.4508621682860325,0.3561744507234991,0.015902428408669046,-313.50923822875296,0.25548693923906873,0.049999999999999906,0.3821224006263565,0.17477068795509476,0.0,0.07448205863036599,0.035424046676390916,0.12592399339072963,0.3821224006263565,0.17477068795509476,0.0,Restaurants,Consumer Cyclical,FRGI
2013Q1,2013,Q1,2013-05-07,2013-03-31,4799000.0,133624000.0,11499000.0,0.2,33498000.0,0.2506884991,300039000.0,15729000.0,23646000.0,33120000.0,284310000.0,2341000.0,4822000.0,598707644.92,796217644.92,0.6877901484872858,0.7139492753623189,0.6797916270884785,12.96738508487507,0.03816500249091895,0.6877901484872858,0.3051052196579566,4.480539760222714,31.18918758699729,38.06393571873609,0.0,42.770610850064074,0.0,0.4453554371265069,0.41545893719806765,0.015994587370308528,-44.99869559714393,0.250688499072023,0.8181818181818182,0.34490051512652914,0.17056109693873786,0.0,0.14226283843688195,0.8731459797033567,0.337559613818774,0.34490051512652914,0.17056109693873786,0.0,Restaurants,Consumer Cyclical,FRGI
2012Q4,2012,Q4,2013-03-01,2012-12-30,2562000.0,126578000.0,8597000.0,0.11,29326000.0,0.2316832309,303729000.0,10504000.0,30957000.0,41278000.0,293225000.0,2750000.0,23000.0,348503052.12,536888052.12,0.461749987614427,0.7499636610300887,0.6715789404370344,19.41907844630617,0.028874140221747197,0.461749987614427,0.2439070830159939,2.7532671721784197,34.00693326697892,33.178127581873575,0.0,35.364363636363635,0.0,0.4167465075774786,0.5200833373709967,0.008435151072172891,76.24219035659593,0.2316832308932042,-0.3125,21.0990688263968,0.10385752279722361,3.2929365823319148,-0.6635074352854783,-0.2978898328309126,-0.2120795527449363,21.0990688263968,0.10385752279722361,3.2929365823319148,Restaurants,Consumer Cyclical,FRGI
2012Q3,2012,Q3,2012-11-13,2012-09-30,3649000.0,128173000.0,10911000.0,0.16,87152000.0,0.679955997,289673000.0,6587000.0,18864000.0,31973000.0,283086000.0,2173000.0,-2539000.0,353716534.2,554608534.2,0.2895760873368865,0.5899978106527383,0.7042078481598216,30.968574464855017,0.03172642714874652,0.2895760873368865,0.55396994079247,2.7596805427040016,24.233799273773638,53.699185395475936,0.0,18.877588587206628,0.0,0.4424747905396775,0.317142589059519,0.01259696278217162,-175.02055131123205,0.6799559969728414,-0.058823529411764754,0.5340781228120065,0.07719862502288356,0.0,-0.004341269478590687,-0.06937005865850548,-0.15089494163424125,0.5340781228120065,0.07719862502288356,0.0,Restaurants,Consumer Cyclical,FRGI
2012Q2,2012,Q2,2012-08-15,2012-07-01,3921000.0,128833000.0,12850000.0,0.17,87532000.0,0.6794221977,285961000.0,2559000.0,17905000.0,32605000.0,283402000.0,2124000.0,-6188000.0,301403480.0,502593480.0,0.11173208749945422,0.5491489035424014,0.7133979808435416,79.72020320437672,0.03686543445221074,0.11173208749945422,1.5322391559202813,2.3394897270109367,19.21725835246111,117.78174286830793,0.0,19.444915254237287,0.0,0.4505264703928158,0.27465112712774115,0.013711659981605883,-78.22566311964702,0.6794221977288427,3.111801242236025,0.09086943568777367,0.07455661255239067,0.0,0.025469200309285598,3.1024128686327077,0.10852311939268461,0.09086943568777367,0.07455661255239067,0.0,Restaurants,Consumer Cyclical,FRGI
2012Q1,2012,Q1,2012-05-10,2012-04-01,-1865000.0,126142000.0,11592000.0,-0.0805,85358000.0,0.6766818348,364788000.0,-3166000.0,20061000.0,29038000.0,367954000.0,2127000.0,-10109000.0,289522775.0,609020775.0,-0.13669045552633985,0.6908533645567877,0.8888039080232902,-102.40840176879342,0.014538311852914158,-0.13669045552633985,0.5890713834491472,2.2952131328185694,-38.81002345844504,-91.44749684144031,0.0,19.174424071462152,0.0,0.34579536607563843,0.3747158895240719,-0.0051125585271445334,-76.19020394736842,0.6766818347576541,-13.375000000000002,-1.5160486995019369,0.09104276224743972,0.0,1.6656373065075838,-13.346153846153847,0.7132722435707951,-1.5160486995019369,0.09104276224743972,0.0,Restaurants,Consumer Cyclical,FRGI
2011Q4,2011,Q4,2011-12-31,2011-12-31,-130000.0,116946000.0,6766000.0,-0.0056,-128235000.0,-1.0965317326,370166000.0,-4672000.0,27609000.0,36673000.0,374838000.0,2264000.0,-8244000.0,290000000.0,600357000.0,-0.2013793103448276,0.7528426908079514,0.8753559213974271,-69.3550941780822,0.002122003817966359,-0.2013793103448276,0.027825342465753425,2.4797769910899046,-557.6923076923077,-62.071917808219176,0.0,108.29549469964664,0.0,0.3159285293625022,0.5047855370436015,-0.00035119378873262264,42.975696502667454,-1.0965317325945307,-1.0559999999999998,0.0,0.0,0.0,-2.557686701326466,-1.0536746490503717,-0.35451249761495895,0.0,0.0,0.0,Restaurants,Consumer Cyclical,FRGI
2011Q3,2011,Q3,2011-09-30,2011-09-30,2422000.0,121157000.0,10482000.0,0.1,82324000.0,0.6794819944,,,,,,,,289522775.0,,,0.0,0.0,0.0,0.0,,0.0,2.3896495868996426,29.884679500412883,0.0,0.0,0.0,0.0,0.0,0.0,0.0,53.88475246603387,0.6794819944369702,-0.375,0.0,0.0,0.0,0.00919410596513595,-0.33370013755158184,0.02423294899355091,0.0,0.0,0.0,Restaurants,Consumer Cyclical,FRGI
2011Q2,2011,Q2,2011-06-30,2011-06-30,3635000.0,121249000.0,10234000.0,0.16,81574000.0,0.6727808064,,,,,,,,289522775.0,,,0.0,0.0,0.0,0.0,,0.0,2.3878363945269654,19.912157840440162,0.0,0.0,0.0,0.0,0.0,0.0,0.0,63.38064251313485,0.6727808064396408,0.0,0.0,0.0,0.0,0.029039257240892118,0.005810736026563365,-0.046669771774569165,0.0,0.0,0.0,Restaurants,Consumer Cyclical,FRGI
2011Q1,2011,Q1,2011-03-31,2011-03-31,3614000.0,115616000.0,10735000.0,0.16,79272000.0,0.6856490451,,,,,,,,289522775.0,,,0.0,0.0,0.0,0.0,,0.0,2.5041756763769722,20.027862133370228,0.0,0.0,0.0,0.0,0.0,0.0,0.0,80.13362164406311,0.685649045114863,0.0,0.0,0.0,0.0,0.0,0.0,0.0,0.0,0.0,0.0,Restaurants,Consumer Cyclical,FRGI
