Quarters,Year,Quarter,FillingDate,Date,NetIncome,Revenue,OperatingIncome,EPSDiluted,GrossProfit,GrossProfitRatio,TotalAssets,CommonStockEquity,CurrentAssets,CurrentLiability,TotalLiability,Inventory,RetainedEarnings,MarketCap,EnterpriseValue,bookValuePerShare,currentRatio,debtToAssets,debtToEquity,roic,shareholdersEquityPerShare,roe,priceToSalesRatio,peRatio,pbRatio,payoutRatio,inventoryTurnover,dividendYield,assetTurnover,quickRatio,returnOnAssets,priceToFreeCashFlowsRatio,grossProfitMargin,epsdilutedGrowth,fiveYNetIncomeGrowthPerShare,fiveYRevenueGrowthPerShare,fiveYShareholdersEquityGrowthPerShare,grossProfitGrowth,netIncomeGrowth,operatingIncomeGrowth,threeYNetIncomeGrowthPerShare,threeYRevenueGrowthPerShare,threeYShareholdersEquityGrowthPerShare,Industry,Sector,Symbol
2023Q1,2023,Q1,2023-05-04,2023-03-31,1433000000.0,4403000000.0,1066000000.0,4.05,2148000000.0,0.4878491937,7531000000.0,13167000000.0,5868000000.0,4895000000.0,41961000000.0,431000000.0,13130000000.0,33761943000.0,53551943000.0,37.31085293284217,1.1987742594484168,2.8091886867613862,1.6067441330599226,0.026107147956529693,37.31085293284217,0.1088326877800562,7.66794072223484,5.890080774598744,2.5641332877648666,0.19818562456385205,5.232018561484919,0.00841183814568966,0.5846501128668171,0.7987742594484167,0.19028017527552782,-30.748581967213116,0.48784919373154667,6.641509433962263,1.944913043593404,0.15123173407091703,0.10550675356569383,0.2135593220338983,6.542105263157895,0.9381818181818182,2.6123457069991503,0.2870133550212892,0.10589964801387364,Utilities—Regulated Electric,Utilities,ED
2022Q4,2022,Q4,2023-02-16,2022-12-31,190000000.0,4031000000.0,550000000.0,0.53,1770000000.0,0.4390969983,69065000000.0,12022000000.0,12972000000.0,11336000000.0,48176000000.0,492000000.0,11985000000.0,33825519000.0,56958519000.0,33.87433079740772,1.144318983768525,0.34661550713096356,1.9912660123107635,0.007636350795416424,33.87433079740772,0.015804358675761104,8.391346812205407,44.50726184210526,2.8136349193145898,1.4578947368421054,4.595528455284553,0.008189083514136176,0.05836530804314776,0.39820042342978124,0.002751031636863824,166.6281724137931,0.4390969982634582,-0.6918604651162791,-0.6712558829847483,0.1895156428707984,0.022926281066913592,-0.19214970333181197,-0.6900489396411092,-0.3813273340832396,-0.3965834252666064,0.27976208379200834,0.011514592738039292,Utilities—Regulated Electric,Utilities,ED
2022Q3,2022,Q3,2022-11-03,2022-09-30,613000000.0,4165000000.0,889000000.0,1.72,2191000000.0,0.5260504202,65763000000.0,12112000000.0,5733000000.0,6890000000.0,44787000000.0,533000000.0,12075000000.0,30410496000.0,56399496000.0,34.15679639029893,0.8320754716981132,0.38463877864452656,2.0884247027741085,0.01843923080041912,34.15679639029893,0.050610964332893,7.301439615846339,12.402323001631322,2.510774108322325,0.4371941272430669,3.703564727954972,0.008812746756909193,0.06333348539452276,0.4817126269956459,0.00932135091160683,-66.54375492341357,0.5260504201680672,1.3888888888888888,0.16432482866631853,0.12591235394827743,0.053769863579634196,0.3327250608272506,1.4039215686274509,1.297157622739018,0.21411613478665775,0.15955361460373482,0.02353308324529183,Utilities—Regulated Electric,Utilities,ED
2022Q2,2022,Q2,2022-08-04,2022-06-30,255000000.0,3415000000.0,387000000.0,0.72,1644000000.0,0.4814055637,65072000000.0,11779000000.0,6016000000.0,6823000000.0,44451000000.0,449000000.0,11742000000.0,33693929999.999996,58794930000.0,33.245836861416876,0.8817235820020519,0.3911667076469142,2.160964428219713,0.00951180697625406,33.245836861416876,0.021648696833347483,9.866450951683747,33.033264705882345,2.860508532133458,1.0509803921568628,3.9443207126948776,0.007953954911166492,0.052480329481190066,0.8113732962040159,0.003918736169166462,82.18031707317073,0.4814055636896047,-0.5384615384615385,0.25602999879037147,0.11798951174325202,0.04307361593144788,-0.20999519461797214,-0.5397111913357401,-0.5156445556946183,0.5545200320869914,0.3575260272974074,0.005028383204710964,Utilities—Regulated Electric,Utilities,ED
2022Q1,2022,Q1,2022-05-05,2022-03-31,554000000.0,4060000000.0,799000000.0,1.56,2081000000.0,0.5125615764,63737000000.0,11804000000.0,5462000000.0,5415000000.0,43114000000.0,404000000.0,11767000000.0,33526188000.000004,58589188000.0,33.33521604066648,1.008679593721145,0.3837488429012975,2.072094205354117,0.01687621023041182,33.33521604066648,0.04693324296848526,8.257681773399016,15.129146209386283,2.8402395798034563,0.4981949458483754,4.898514851485149,0.008232370468124799,0.0636992641636726,0.6177285318559557,0.00869196855829424,-86.1855732647815,0.5125615763546798,2.0,0.23025268067439747,0.08369928894553345,0.041107013410517285,0.08103896103896104,1.978494623655914,0.756043956043956,0.1900020247984526,0.05227213146847803,-0.018119721151252204,Utilities—Regulated Electric,Utilities,ED
2021Q4,2021,Q4,2022-02-17,2021-12-31,186000000.0,3415000000.0,455000000.0,0.52,1925000000.0,0.5636896047,62817000000.0,11482000000.0,5551000000.0,5427000000.0,42780000000.0,437000000.0,11445000000.0,30186215999.999996,54556216000.0,32.45336348219333,1.0228487193661322,0.3929350335100371,2.149712593624804,0.012569266117042842,32.45336348219333,0.016199268420135866,8.839301903367495,40.572870967741935,2.6290033095279566,1.4086021505376345,3.4096109839816933,0.008679458200391862,0.05436426445070602,0.7551133222775014,0.002960981899804193,559.0039999999999,0.5636896046852123,-0.6578947368421053,-0.22213745904383478,0.08682491616170875,0.031253668616818976,-0.07850646242221158,-0.654275092936803,-0.4647058823529412,-0.5015976732548985,0.027096019556887688,-0.05371999064186319,Utilities—Regulated Electric,Utilities,ED
2021Q3,2021,Q3,2021-11-04,2021-09-30,538000000.0,3613000000.0,850000000.0,1.52,2089000000.0,0.5781898699141987,62938000000.0,11532000000.0,5096000000.0,5255000000.0,42561000000.0,405000000.0,11495000000.0,25653306000.0,49772306000.0,32.63157894736842,0.9697431018078021,0.3728748927515968,2.0350329517863335,0.01864774147386809,32.63157894736842,0.04665279223031564,7.100278438970385,11.9206812267658,2.2245322580645164,0.4851301115241636,3.762962962962963,0.010174127264532687,0.05740570084845403,0.5933396764985728,0.008548094950586291,-39.105649390243904,0.5781898699141987,2.166666666666667,-0.06728998780458648,-0.08894680696189475,0.03611217825585848,0.3121859296482412,2.2606060606060607,1.0334928229665072,0.0887457799114025,-0.044307649454747335,-0.047058649157390886,Utilities—Regulated Electric,Utilities,ED
2021Q2,2021,Q2,2021-08-05,2021-06-30,165000000.0,2971000000.0,418000000.0,0.48,1592000000.0,0.5358465163244699,62919000000.0,11268000000.0,5110000000.0,5557000000.0,42866000000.0,360000000.0,11231000000.0,24772088000.0,48629088000.0,32.623045744064854,0.9195609141623178,0.3849552599373798,2.1495385161519347,0.012682182310356067,32.623045744064854,0.014643237486687966,8.337962975429148,37.53346666666667,2.198445864394746,1.5393939393939393,3.8305555555555557,0.010253475605286078,0.047219440868418124,0.697138743926579,0.0026224193010060555,242.86360784313726,0.5358465163244699,-0.6065573770491803,-0.38412859652976056,-0.0791893581207808,0.04953780596426786,-0.5558035714285714,-0.6062052505966588,-0.513953488372093,-0.21025884266160721,-0.008388760118144642,-0.028901195550679305,Utilities—Regulated Electric,Utilities,ED
2021Q1,2021,Q1,2021-05-06,2021-03-31,419000000.0,3677000000.0,860000000.0,1.22,3584000000.0,0.9747076420995376,6467000000.0,11368000000.0,4587000000.0,6559000000.0,43017000000.0,339000000.0,11332000000.0,25596560000.0,30277560000.0,33.220338983050844,0.6993444122579662,3.726457399103139,2.1198979591836733,0.0209289623912393,33.220338983050844,0.036857846586910624,6.961261898286646,15.272410501193315,2.2516326530612245,0.60381861575179,0.2743362831858407,0.009884140681404065,0.5685789392299366,0.4586064948925141,0.06479047471779806,-35.550777777777775,0.9747076420995376,8.384615384615383,0.1600488301502613,-4.4722917911920324e-05,0.05274207588714213,1.160337552742616,8.744186046511627,0.6962524654832347,-0.1120020537806496,-0.008530519802272532,-0.01569365976145647,Utilities—Regulated Electric,Utilities,ED
2020Q4,2020,Q4,2021-02-18,2020-12-31,43000000.0,2960000000.0,507000000.0,0.13,1659000000.0,0.5604729729729729,62895000000.0,11214000000.0,5301000000.0,7354000000.0,43830000000.0,356000000.0,11178000000.0,24333309000.0,47376309000.0,33.305613305613306,0.7208322001631765,0.3879004690356944,2.175584091314428,-0.015481166854861023,33.305613305613306,0.0038344925985375426,8.2207125,141.47272674418605,2.1699044943820223,5.674418604651163,3.654494382022472,0.010027407287681261,0.04706256459177995,0.7186565134620615,0.0006836791477859925,-76.27996551724138,0.5604729729729729,-0.91156462585034,-0.7872465372465373,-0.04780848999541279,0.06665273852603183,-0.17667493796526054,-0.9127789046653144,-0.4104651162790698,-0.9215783948457216,-0.07931312186631324,0.005752330905705247,Utilities—Regulated Electric,Utilities,ED
2020Q3,2020,Q3,2020-11-05,2020-09-30,493000000.0,3333000000.0,860000000.0,1.47,2015000000.0,0.6045604560456046,59595000000.0,11426000000.0,4204000000.0,7160000000.0,40884000000.0,353000000.0,11391000000.0,26024100000.0,48961100000.0,34.158445440956655,0.5871508379888268,0.38909304471851663,2.02940661648871,0.019577068746156587,34.158445440956655,0.04314720812182741,7.808010801080108,13.196805273833672,2.277621214773324,0.4949290060851927,3.73371104815864,0.009375924623714173,0.05592751069720614,0.37597765363128494,0.00827250608272506,-33.10954198473282,0.6045604560456046,1.5789473684210529,0.008617269463420061,-0.15234029140818642,0.09117773690219257,0.2924951892238615,1.5947368421052632,0.7954070981210856,-0.007333850124127998,-0.04485896993658285,0.0538207383708989,Utilities—Regulated Electric,Utilities,ED
2020Q2,2020,Q2,2020-08-06,2020-06-30,190000000.0,2719000000.0,479000000.0,0.57,1559000000.0,0.573372563442442,59081000000.0,11189000000.0,4564000000.0,6705000000.0,40640000000.0,336000000.0,11154000000.0,24031813000.000004,45897813000.0,33.4899730619575,0.6806860551826994,0.3912933091856942,2.0661363839485207,0.013027150375817361,33.4899730619575,0.016980963446241844,8.838474806914308,31.620806578947374,2.1478070426311557,1.2842105263157895,3.4523809523809526,0.010153208166192038,0.04602156361605254,0.5054436987322893,0.0032159239010849513,-198.61002479338845,0.573372563442442,-0.49107142857142866,-0.23940689838030063,-0.14501334878130379,0.09821015560315181,-0.18632567849686849,-0.49333333333333335,-0.40717821782178215,-0.007551203660153109,-0.056045838210551105,0.050733282630143824,Utilities—Regulated Electric,Utilities,ED
2020Q1,2020,Q1,2020-05-07,2020-03-31,375000000.0,3234000000.0,808000000.0,1.12,1916000000.0,0.5924551638837353,59159000000.0,11255000000.0,5026000000.0,6311000000.0,40692000000.0,326000000.0,11220000000.0,26020800000.0,47426800000.0,33.73800959232614,0.7963872603390905,0.3872614479622712,2.0355397601066194,0.020221502111269208,33.73800959232614,0.03331852509995557,8.046011131725418,17.3472,2.3119324744557974,0.648,4.042944785276074,0.009338682899833979,0.05466623844216434,0.5503089843131042,0.006338849541067293,-53.65113402061856,0.5924551638837353,0.2727272727272728,-0.11013756562317725,-0.21475546332845225,0.10994754684851457,0.19600499375780275,0.2711864406779661,0.4300884955752212,-0.11607440851442559,-0.0837317135139472,0.053686838634323296,Utilities—Regulated Electric,Utilities,ED
2019Q4,2019,Q4,2020-02-20,2019-12-31,295000000.0,2951000000.0,565000000.0,0.88,1602000000.0,0.5428668248051508,58079000000.0,11135000000.0,4272000000.0,6287000000.0,39866000000.0,352000000.0,11100000000.0,30081275000.0,50830275000.0,33.48872180451128,0.679497375536822,0.37473096988584514,1.9545577009429727,0.01430678530510436,33.48872180451128,0.026493039964077234,10.193586919688242,25.49260593220339,2.701506511001347,0.7932203389830509,3.8323863636363638,0.007778925594078044,0.05081010347974311,0.49244472721488786,0.0050792885552437194,116.14391891891891,0.5428668248051508,-0.38028169014084506,2.169099578213827,-0.08078410311493008,0.12448086857060116,-0.15949632738719832,-0.3763213530655391,-0.34832756632064593,0.31273815606978606,-0.0006807191602944785,0.06415371205327751,Utilities—Regulated Electric,Utilities,ED
2019Q3,2019,Q3,2019-11-04,2019-09-30,473000000.0,3365000000.0,867000000.0,1.42,1906000000.0,0.5664190193164933,55940000000.0,11086000000.0,3581000000.0,6219000000.0,37806000000.0,358000000.0,11051000000.0,31382934000.0,52114934000.0,33.37146297411198,0.5758160475960765,0.37200572041473007,1.8771423416922244,0.021496461841329167,33.37146297411198,0.042666426123038066,9.326280534918276,16.58717441860465,2.8308618076853693,0.49682875264270615,4.075418994413408,0.007488146264463355,0.06015373614587058,0.33880045023315647,0.008455488022881659,-70.68228378378379,0.5664190193164933,2.0869565217391304,-0.04347925147335801,-0.12480442353559618,0.10746674655760237,0.5067193675889328,2.111842105263158,1.3058510638297873,-0.12764667475048974,-0.09733259896642432,0.059604846258299995,Utilities—Regulated Electric,Utilities,ED
2019Q2,2019,Q2,2019-08-01,2019-06-30,152000000.0,2331000000.0,376000000.0,0.46,1265000000.0,0.5426855426855427,55602000000.0,10860000000.0,3707000000.0,5969000000.0,37737000000.0,344000000.0,10825000000.0,28680288000.0,48533288000.0,33.079500456899176,0.6210420505947395,0.3720010071580159,1.9046040515653775,0.009848393467030146,33.079500456899176,0.013996316758747698,12.303855855855856,47.17152631578947,2.640910497237569,1.506578947368421,3.0988372093023258,0.007984578118601877,0.041922952411783745,0.4665773161333557,0.0027337146145822093,143.40144,0.5426855426855427,-0.6488549618320612,-0.36032965706699455,-0.285588302292825,0.12991086691845705,-0.29878048780487804,-0.6415094339622641,-0.5216284987277354,-0.40310061234993216,-0.23991632999742063,0.06422271557045757,Utilities—Regulated Electric,Utilities,ED
2019Q1,2019,Q1,2019-05-02,2019-03-31,424000000.0,3514000000.0,786000000.0,1.31,1804000000.0,0.5133750711439955,55066000000.0,10949000000.0,3781000000.0,6348000000.0,37565000000.0,327000000.0,10915000000.0,27193199999.999996,47234200000.0,33.950387596899226,0.5956206679269062,0.3713180546979988,1.8674764818704905,0.019599500455651824,33.950387596899226,0.03872499771668646,7.738531587933977,16.03372641509434,2.4836240752580143,0.5330188679245284,5.229357798165138,0.008310901254725448,0.06381433189263792,0.398708254568368,0.007699851087785567,-74.0959128065395,0.5133750711439955,0.24761904761904763,0.06671476733449287,-0.15769999243014768,0.16345718113159985,0.23392612859097128,0.2809667673716012,0.1963470319634703,0.2455993998499626,0.014002416954048415,0.07587708644899688,Utilities—Regulated Electric,Utilities,ED
2018Q4,2018,Q4,2019-02-21,2018-12-31,331000000.0,2949000000.0,657000000.0,1.05,1462000000.0,0.49576127500847744,53920000000.0,10762000000.0,3864000000.0,6207000000.0,37081000000.0,358000000.0,10728000000.0,23993147999.999996,43809148000.0,34.295729764181004,0.6225229579507008,0.38421735905044513,1.9250139379297528,0.01718487520464958,34.295729764181004,0.030756364987920462,8.136028484231941,18.121712990936555,2.229432075822338,0.6374622356495468,4.153631284916201,0.0087941774043156,0.05469213649851632,0.4849363621717416,0.006138724035608309,96.74656451612901,0.49576127500847744,-0.2446043165467625,0.3203180750981898,-0.03990653850334885,0.2001456688086758,-0.18003365114974762,-0.23908045977011494,-0.2046004842615012,0.7572208702705833,0.017882255550195177,0.09836242128431136,Utilities—Regulated Electric,Utilities,ED
2018Q3,2018,Q3,2018-11-01,2018-09-30,435000000.0,3328000000.0,826000000.0,1.39,1783000000.0,0.5357572115384616,49544000000.0,10653000000.0,3356000000.0,5401000000.0,33646000000.0,338000000.0,10619000000.0,23572047000.0,41333047000.0,34.24300867888139,0.6213664136271061,0.3625060552236396,1.6859100722801088,0.020586194627800158,34.24300867888139,0.04083356800901155,7.082946814903846,13.547153448275862,2.2127144466347506,0.4850574712643678,4.571005917159764,0.008951280302470126,0.067172614241886,0.40566561747824476,0.00878007427740998,-62.1953746701847,0.5357572115384616,1.3166666666666667,-0.11734570877531346,-0.10065871222479691,0.2059369053798675,0.35075757575757577,1.3138297872340425,0.9389671361502347,-0.04310375904613417,-0.08994915869625109,0.0938790753674728,Utilities—Regulated Electric,Utilities,ED
2018Q2,2018,Q2,2018-08-02,2018-06-30,188000000.0,2696000000.0,426000000.0,0.6,1320000000.0,0.4896142433234421,49064000000.0,10441000000.0,3436000000.0,5456000000.0,33409000000.0,318000000.0,10407000000.0,24236184000.0,41279184000.0,33.59395109395109,0.6297653958944281,0.3650130441871841,1.7152571592759314,0.012499882942360818,33.59395109395109,0.01800593812853175,8.989682492581602,32.22896808510639,2.3212512211474,1.122340425531915,4.327044025157233,0.008705991009145663,0.05494863851296266,0.4831378299120235,0.0038317299853252895,2203.2894545454546,0.4896142433234421,-0.562043795620438,0.030072431235221797,-0.09839302954987833,0.224905798010491,-0.2109982068141064,-0.5607476635514018,-0.4357615894039735,-0.19099334167827317,-0.0886913763527823,0.1016198248341105,Utilities—Regulated Electric,Utilities,ED
2018Q1,2018,Q1,2018-05-03,2018-03-31,428000000.0,3364000000.0,755000000.0,1.37,1673000000.0,0.49732461355529134,48900000000.0,10476000000.0,3773000000.0,5651000000.0,33239000000.0,301000000.0,10442000000.0,24192576000.0,40951576000.0,33.75,0.6676694390373386,0.35603271983640083,1.661893852615502,0.021262190030576653,33.75,0.04085528827796869,7.191609988109394,14.131177570093458,2.3093333333333335,0.4883177570093458,5.617940199335548,0.00863901388591277,0.06879345603271983,0.4655813130419395,0.008752556237218814,-35.4729853372434,0.49732461355529134,-0.15432098765432098,1.1034887779209621,-0.0030334501113816826,0.2293713468474071,0.15778546712802768,-0.15247524752475247,0.38786764705882354,0.09154012259682358,-0.12214007332816346,0.11034201954397393,Utilities—Regulated Electric,Utilities,ED
2017Q4,2017,Q4,2018-02-15,2017-12-31,505000000.0,2961000000.0,544000000.0,1.62,1445000000.0,0.4880108071597433,48111000000.0,10269000000.0,3537000000.0,4902000000.0,32686000000.0,334000000.0,10235000000.0,26342995000.0,42151995000.0,33.11512415349887,0.7215422276621787,0.345160150485336,1.6171000097380466,0.027042697182232067,33.11512415349887,0.04917713506670562,8.896654846335698,13.041086633663367,2.565293115201091,0.401980198019802,4.538922155688622,0.007706033425584297,0.06154517677869926,0.5552835577315381,0.010496560038244892,198.06763157894736,0.4880108071597433,0.09459459459459468,1.3042979746287235,-0.03593063184408277,0.20804830795364532,-0.17616875712656785,0.1050328227571116,-0.3768613974799542,4.816947326196899,-0.011044824250241872,0.11193624493406155,Utilities—Regulated Electric,Utilities,ED
2017Q3,2017,Q3,2017-11-02,2017-09-30,457000000.0,3211000000.0,873000000.0,1.48,1754000000.0,0.5462472749922143,49246000000.0,9977000000.0,3096000000.0,3915000000.0,34136000000.0,337000000.0,9944000000.0,24833304000.000004,40458304000.0,32.41390513320338,0.7908045977011494,0.3186857815863217,1.5730179412649092,0.021377319404675084,32.41390513320338,0.04580535231031372,7.733822485207102,13.58495842450766,2.4890552270221513,0.4420131291028446,4.3234421364985165,0.008134237796146658,0.06520326523981643,0.46436781609195404,0.00927994151809284,-186.71657142857146,0.5462472749922143,1.5964912280701757,-0.01164200484375914,-0.11123858976292568,0.18690246449747086,0.3865612648221344,1.6114285714285714,1.0638297872340425,-0.0025745003010412943,-0.09865435740558652,0.07568919255781438,Utilities—Regulated Electric,Utilities,ED
2017Q2,2017,Q2,2017-08-03,2017-06-30,175000000.0,2633000000.0,423000000.0,0.57,1265000000.0,0.4804405620964679,49099000000.0,9734000000.0,3280000000.0,4329000000.0,34601000000.0,357000000.0,9701000000.0,24682427999.999996,40242428000.0,31.872953503601835,0.7576807576807577,0.33353021446465303,1.6823505239367167,0.01023509257556547,31.872953503601835,0.017978220669817135,9.374260539308771,35.26061142857142,2.5356922128621324,1.1371428571428572,3.831932773109244,0.008062415901709509,0.05362634676877329,0.5661815661815662,0.0035642273773396605,81.46015841584158,0.4804405620964679,-0.5511811023622047,-0.21571372613823453,-0.08869307121163449,0.20677198567799598,-0.22959805115712545,-0.5489690721649485,-0.45136186770428016,-0.20831479902633104,-0.13252095511076575,0.08869831850786915,Utilities—Regulated Electric,Utilities,ED
2017Q1,2017,Q1,2017-05-04,2017-03-31,388000000.0,3228000000.0,771000000.0,1.27,1642000000.0,0.5086741016109045,48365000000.0,9769000000.0,3017000000.0,3441000000.0,33859000000.0,313000000.0,9736000000.0,23694066000.0,39325066000.0,32.01901016060308,0.8767800058122639,0.3245735552569006,1.6069198485003582,0.019099992625559427,32.01901016060308,0.039717473641109634,7.340169144981413,15.266795103092784,2.4254341283652368,0.5128865979381443,5.067092651757188,0.00839872734379992,0.06674247906543988,0.5518744551002616,0.008022330197456838,-62.51732453825858,0.5086741016109045,0.8955223880597014,0.3303038816313152,0.0067973750976735815,-0.1876684213044052,0.26599845797995375,0.883495145631068,0.6129707112970711,0.03181464503259899,-0.1821265979016524,0.09727016216691739,Utilities—Regulated Electric,Utilities,ED
2016Q4,2016,Q4,2017-02-16,2016-12-31,206000000.0,2707000000.0,478000000.0,0.67,1297000000.0,0.4791281861839675,48255000000.0,9592000000.0,3406000000.0,3843000000.0,33949000000.0,339000000.0,9559000000.0,22457664000.000004,37509664000.0,31.46981627296588,0.8862867551392142,0.32800746036680134,1.6501251042535445,0.012826631791205755,31.46981627296588,0.021476230191826522,8.296144809752494,27.25444660194175,2.3412910758965806,0.9368932038834952,4.15929203539823,0.00859394815061798,0.056097813698062375,0.6773354150403331,0.004268987669671536,-350.90100000000007,0.4791281861839675,-0.5864197530864198,0.025685746535568998,-0.12295572481120227,-0.20872957452556393,-0.22288795686039545,-0.5855130784708249,-0.49148936170212765,-0.1540284227292101,-0.09267062427276804,0.10125557781979763,Utilities—Regulated Electric,Utilities,ED
2016Q3,2016,Q3,2016-11-03,2016-09-30,497000000.0,3417000000.0,940000000.0,1.62,1669000000.0,0.4884401521802751,47316000000.0,9590000000.0,3154000000.0,3591000000.0,33041000000.0,335000000.0,9557000000.0,22928850000.0,37472850000.0,31.49425287356322,0.8783068783068783,0.31055034237889934,1.532221063607925,0.023721555510105352,31.49425287356322,0.051824817518248176,6.710228270412642,11.53362676056338,2.390912408759124,0.386317907444668,5.217910447761194,0.008373730038793922,0.07221658635556683,0.5329991645781119,0.010503846478992307,-202.91017699115045,0.4884401521802751,1.103896103896104,0.23851468048359237,-0.0942880762114712,-0.20933687608925455,0.2818740399385561,1.1422413793103448,0.8252427184466019,0.030316091954022944,-0.05659340659340668,0.10913390244879963,Utilities—Regulated Electric,Utilities,ED
2016Q2,2016,Q2,2016-08-04,2016-06-30,232000000.0,2794000000.0,515000000.0,0.77,1302000000.0,0.4659985683607731,47270000000.0,9297000000.0,3499000000.0,3903000000.0,33312000000.0,321000000.0,9264000000.0,24059604000.0,38398604000.0,31.08324974924774,0.8964898795798104,0.3215781679712291,1.6350435624394966,0.013699811312274058,31.08324974924774,0.024954286328923308,8.611168217609162,25.926297413793105,2.587888996450468,0.8318965517241379,4.64797507788162,0.008021744663794135,0.05910725618785699,0.6277222649244171,0.0049079754601227,98.20246530612245,0.4659985683607731,-0.26666666666666666,0.35140341659900315,-0.08646331018894755,-0.20637934389350893,-0.10144927536231885,-0.25161290322580643,-0.19781931464174454,0.3208773607644637,-0.029068990743225682,0.1333603699184194,Utilities—Regulated Electric,Utilities,ED
2016Q1,2016,Q1,2016-05-06,2016-03-31,310000000.0,3156000000.0,642000000.0,1.05,1449000000.0,0.4591254752851711,45580000000.0,9268000000.0,3185000000.0,4436000000.0,32379000000.0,342000000.0,9236000000.0,22503294000.0,36602294000.0,31.556009533537623,0.7179891794409378,0.3106625713032032,1.5278377211911955,0.017921863484783977,31.556009533537623,0.033448424687095385,7.130321292775665,18.147817741935487,2.42806365990505,0.5967741935483871,4.991228070175438,0.008221018665089652,0.06924089512944274,0.4098286744815149,0.006801228609039052,-77.86606920415225,0.4591254752851711,0.7500000000000001,-0.01845333749720799,-0.06308379218286936,-0.19483093465632773,0.2416452442159383,0.7613636363636364,0.6090225563909775,0.6101854216320507,-0.01149388412953436,0.14945345011480787,Utilities—Regulated Electric,Utilities,ED
2015Q4,2015,Q4,2016-02-18,2015-12-31,176000000.0,2707000000.0,399000000.0,0.6,1167000000.0,0.43110454377539714,45642000000.0,9155000000.0,3836000000.0,4720000000.0,32581000000.0,350000000.0,9123000000.0,18843964000.0,32173964000.0,31.224420190995907,0.8127118644067797,0.312738267385303,1.5591480065537957,0.012863995814585093,31.224420190995907,0.01922446750409612,6.961198374584411,26.766994318181816,2.0583248498088476,0.9829545454545454,4.4,0.009180658591790984,0.05930940800140222,0.599364406779661,0.0038560974540992944,82.6489649122807,0.43110454377539714,-0.5862068965517241,-0.2541290528576819,-0.14142647352734153,-0.19127810042834792,-0.2791846819024089,-0.5887850467289719,-0.519277108433735,-0.1506284147603324,-0.06782825981349981,0.13907493759405917,Utilities—Regulated Electric,Utilities,ED
2015Q3,2015,Q3,2015-11-05,2015-09-30,428000000.0,3443000000.0,830000000.0,1.45,1619000000.0,0.470229451060122,44971000000.0,9169000000.0,3505000000.0,4429000000.0,31922000000.0,338000000.0,9137000000.0,19580365000.0,32931365000.0,31.30419938545579,0.7913750282230751,0.298903737964466,1.4660268295343004,0.023206701853001967,31.30419938545579,0.04667902715672374,5.687006970665117,11.437129088785046,2.1354962373214086,0.4205607476635514,5.396449704142012,0.009192882768017859,0.07656045006782149,0.4373447730864755,0.009517244446421026,-140.86593525179856,0.470229451060122,0.9594594594594594,0.17148336890932428,-0.10260943212913332,-0.18296703623683597,0.34245439469320066,0.954337899543379,0.7584745762711864,-0.02727272727272724,0.001454333915066953,0.14626828353544197,Utilities—Regulated Electric,Utilities,ED
2015Q2,2015,Q2,2015-08-06,2015-06-30,219000000.0,2788000000.0,472000000.0,0.74,1206000000.0,0.43256814921090386,44751000000.0,8932000000.0,3679000000.0,3935000000.0,31954000000.0,321000000.0,8900000000.0,16953052000.0,29874052000.0,30.495049504950494,0.9349428208386277,0.30457419945923,1.525974025974026,0.014317214785923234,30.495049504950494,0.02451858486341245,6.080721664275466,19.352799086757994,1.8980129870129872,0.867579908675799,4.928348909657321,0.011207421530943219,0.06230028379254095,0.6132147395171538,0.004893745391164443,101.51528143712575,0.43256814921090386,-0.41269841269841273,0.1336027929823016,-0.11029261407390673,-0.18818050029301997,-0.1970705725699068,-0.4081081081081081,-0.349862258953168,0.02336448598130836,0.0061349693251534125,0.154601861427094,Utilities—Regulated Electric,Utilities,ED
2015Q1,2015,Q1,2015-05-07,2015-03-31,370000000.0,3616000000.0,726000000.0,1.26,1502000000.0,0.4153761061946903,43977000000.0,8903000000.0,3398000000.0,3407000000.0,31207000000.0,332000000.0,8871000000.0,17866900000.0,30458900000.0,30.396039603960396,0.9973583798062812,0.2889919730768356,1.4274963495450972,0.021843947270067693,30.396039603960396,0.04155902504773672,4.941067477876106,12.07222972972973,2.006840390879479,0.5135135135135135,6.367469879518072,0.010634189478868745,0.0822247993269209,0.6375110067508072,0.008413488869181618,-541.4212121212121,0.4153761061946903,3.4999999999999996,0.5522832210942823,0.003473896663556184,-0.1894005359595854,0.5279755849440488,3.5121951219512195,1.904,0.3214285714285715,0.17478882391163095,-0.22884365526201822,Utilities—Regulated Electric,Utilities,ED
2014Q4,2014,Q4,2015-02-19,2014-12-31,82000000.0,2828000000.0,250000000.0,0.28,983000000.0,0.3475954738330976,44308000000.0,8723000000.0,3854000000.0,3757000000.0,31723000000.0,372000000.0,8691000000.0,19334329000.0,31626329000.0,29.7814953909184,1.0258184721852541,0.2912792272275887,1.479536856586037,0.010415401788095857,29.7814953909184,0.009400435629943827,6.83675,58.946125,2.2164770147884902,2.268292682926829,4.959677419354839,0.009620194215170332,0.06382594565315519,0.7359595421879159,0.001850681592488941,40.61833823529412,0.3475954738330976,-0.8108108108108107,-0.6138212198501797,-0.1701388157478988,-0.19895691043735061,-0.3621025308241402,-0.8119266055045872,-0.6947496947496947,-0.5751295336787564,-0.04652730950775451,-0.25118035882908407,Utilities—Regulated Electric,Utilities,ED
2014Q3,2014,Q3,2014-11-06,2014-09-30,436000000.0,3390000000.0,819000000.0,1.48,1541000000.0,0.4545722713864307,40667000000.0,8826000000.0,3519000000.0,3873000000.0,27951000000.0,343000000.0,8794000000.0,16595713999.999998,29010714000.0,30.1331512461591,0.9085979860573199,0.3103253252022524,1.4298663041015183,0.023956260924957055,30.1331512461591,0.049399501472920916,4.8954908554572265,9.515891055045872,1.8803210967595738,0.4243119266055046,5.39067055393586,0.011147456505938824,0.08335997245924213,0.5543506325845597,0.010721223596527897,-122.9312148148148,0.4545722713864307,1.0555555555555556,0.20797517652283998,-0.08742209946081334,-0.1837701941888176,0.34938704028021017,1.0566037735849056,0.8,0.12953367875647656,-0.06585836318545066,-0.2435073283620468,Utilities—Regulated Electric,Utilities,ED
2014Q2,2014,Q2,2014-08-07,2014-06-30,212000000.0,2911000000.0,455000000.0,0.72,1142000000.0,0.3923050498110615,40311000000.0,8575000000.0,3457000000.0,3839000000.0,27856000000.0,322000000.0,8543000000.0,16912046000.0,28798046000.0,29.276203482417205,0.9004949205522271,0.3140581975143261,1.4763848396501458,0.014465881156022762,29.276203482417205,0.024723032069970844,5.809703194778427,19.943450471698114,1.9722502623906708,0.8679245283018868,5.4937888198757765,0.010879819035496946,0.07221353972861005,0.7027871841625424,0.005259110416511622,41.65528571428572,0.3923050498110615,-0.41463414634146345,0.2985761050750106,-0.041078818505449144,-0.19322177934710136,-0.20968858131487889,-0.41274238227146814,-0.3357664233576642,0.26104309938382986,-0.028061379590958717,-0.25251703076556914,Utilities—Regulated Electric,Utilities,ED
2014Q1,2014,Q1,2014-05-08,2014-03-31,361000000.0,3789000000.0,685000000.0,1.23,1445000000.0,0.3813671153338612,40481000000.0,8547000000.0,3484000000.0,3576000000.0,28055000000.0,303000000.0,8515000000.0,15714085000.0,28065085000.0,29.180607715944006,0.9742729306487695,0.3076257997579111,1.457002457002457,0.021064249517379657,29.180607715944006,0.042237042237042235,4.147290841910794,10.882330332409971,1.8385497835497837,0.5096952908587258,7.735973597359736,0.011709240468025978,0.09359946641634347,0.6535234899328859,0.008917763889231985,-46.90771641791045,0.3813671153338612,0.5396025641025641,0.8447128488993615,0.03511920595788906,-0.19672678860331017,0.2031640299750208,0.5427350427350427,0.4360587002096436,0.1461488780110165,0.12790607939203316,-0.2554406280098174,Utilities—Regulated Electric,Utilities,ED
2013Q4,2013,Q4,2014-02-21,2013-12-31,234000000.0,2867000000.0,477000000.0,0.798907476954592,1201000000.0,0.4189047785141263,40647000000.0,8370000000.0,3891000000.0,4730000000.0,28402000000.0,363000000.0,8338000000.0,16191512000.0,27942512000.0,28.576305906452713,0.8226215644820296,0.3056806160356238,1.484468339307049,0.015926653322397653,28.576305906452713,0.02795698924731183,5.647545169166376,17.298623931623933,1.9344697729988054,0.7735042735042735,4.589531680440771,0.011178696591152202,0.07053411075848157,0.6355179704016913,0.005756882426747361,25.86503514376997,0.4189047785141263,-0.4943623563578532,0.3676297371116421,-0.10602805919943047,-0.21026635175286063,-0.2554246745195288,-0.4956896551724138,-0.4421052631578947,-0.007314964805358063,-0.0897482456350182,-0.2598650590132878,Utilities—Regulated Electric,Utilities,ED
2013Q3,2013,Q3,2013-11-04,2013-09-30,464000000.0,3484000000.0,855000000.0,1.58,1613000000.0,0.4629735935706085,41964000000.0,8317000000.0,3704000000.0,4373000000.0,29798000000.0,368000000.0,8285000000.0,16150506000.0,28272506000.0,28.395356777057017,0.8470157786416648,0.2907015537127061,1.4667548394853913,0.0270801370553095,28.395356777057017,0.055789347120355895,4.635621699196326,8.70178125,1.9418667788866177,0.3879310344827586,5.084239130434782,0.011145161643851901,0.08302354399008674,0.5497370226389207,0.011057096558955296,-47.223701754385964,0.4629735935706085,1.6779661016949154,1.377978457186378,-0.15767974073108496,-0.21924200166143548,0.4690346083788707,1.697674418604651,1.2150259067357514,0.2700193532101086,-0.0919231082015395,-0.2588872112969533,Utilities—Regulated Electric,Utilities,ED
2013Q2,2013,Q2,2013-08-01,2013-06-30,172000000.0,2818000000.0,386000000.0,0.59,1098000000.0,0.38963804116394607,41922000000.0,8033000000.0,4103000000.0,4504000000.0,30039000000.0,321000000.0,8001000000.0,16844679000.0,28474679000.0,27.425742574257427,0.9109680284191829,0.295334192070989,1.5412672725009335,0.013721347036493262,27.425742574257427,0.021411676833063612,5.977529808374734,24.483545058139534,2.0969350180505413,1.0465116279069768,5.358255451713395,0.010685867032550754,0.06722007537808311,0.7015985790408525,0.0041028576880874,38.024106094808126,0.38963804116394607,-0.09230769230769238,-0.709895052473763,-0.16682909735986248,-0.24401091680986547,-0.1216,-0.10416666666666667,-0.2661596958174905,-0.10968182468969907,-0.10071900518661016,-0.26988960578300814,Utilities—Regulated Electric,Utilities,ED
2013Q1,2013,Q1,2013-05-02,2013-03-31,192000000.0,3184000000.0,526000000.0,0.65,1250000000.0,0.3925879396984925,41736000000.0,8041000000.0,3934000000.0,4243000000.0,29847000000.0,270000000.0,8009000000.0,17781959000.0,29629959000.0,27.453055650392624,0.9271741692198916,0.28716216216216217,1.4904862579281184,0.020251166439274174,27.453055650392624,0.023877627160800895,5.584786118090452,23.153592447916665,2.211411391617958,0.9375,7.162962962962963,0.010122619223225066,0.07628905501245926,0.6148951213763846,0.004600345025876941,-24.93963394109397,0.3925879396984925,-0.07142857142857134,-0.41111926146523836,-0.17277649120700483,-0.21148868333471857,2.0407993338884265,-0.07246376811594203,0.16114790286975716,-0.19449086905377783,-0.11641015293784206,-0.2678838267607578,Utilities—Regulated Electric,Utilities,ED
2012Q4,2012,Q4,2013-02-21,2012-12-31,207000000.0,2901000000.0,453000000.0,0.7,-1201000000.0,-0.41399517407790415,41209000000.0,8029000000.0,3451000000.0,3945000000.0,29340000000.0,330000000.0,7997000000.0,16267666000.0,27180666000.0,27.412086036189827,0.8747782002534854,0.27452740906112744,1.4090173122431187,0.015841665450299226,27.412086036189827,0.02578154191057417,5.6076063426404685,19.64693961352657,2.0261135882426204,0.893719806763285,12.43030303030303,0.011372252171885014,0.07039724332063384,0.5982256020278834,0.00502317454924895,39.67723414634146,-0.41399517407790415,-0.5302013422818792,-0.07067258449982924,-0.10994426135160278,-0.19673056098063618,-1.5018804847471792,-0.5295454545454545,-0.46768507638072854,-0.025134054987648792,-0.14871736367915642,-0.26268772600039986,Utilities—Regulated Electric,Utilities,ED
2012Q3,2012,Q3,2012-11-06,2012-09-30,440000000.0,3438000000.0,851000000.0,1.49,2393000000.0,0.696044211751018,39633000000.0,7999000000.0,3240000000.0,3724000000.0,27791000000.0,355000000.0,7967000000.0,17421692000.0,28461692000.0,27.309662000682827,0.8700322234156821,0.2804481114222996,1.3895486935866983,0.027942624636613046,27.309662000682827,0.05500687585948243,5.067391506689936,9.898688636363635,2.177983747968496,0.3977272727272727,2.943661971830986,0.010044948561827406,0.08674589357353721,0.5518259935553169,0.011101859561476548,-322.6239259259259,0.696044211751018,1.0410958904109588,0.3048121788306152,-0.1268343944203501,-0.19581458196402837,0.23733195449844882,1.0560747663551402,0.791578947368421,0.2190575175918569,-0.07450064246202834,-0.2602512784178962,Utilities—Regulated Electric,Utilities,ED
2012Q2,2012,Q2,2012-08-02,2012-06-30,214000000.0,2771000000.0,475000000.0,0.73,1934000000.0,0.697942980873331,40049000000.0,7736000000.0,4102000000.0,4380000000.0,28470000000.0,337000000.0,7704000000.0,18215451000.0,28705451000.0,26.411744622738137,0.9365296803652968,0.2965866813153886,1.5354188210961737,0.01619373215742251,26.411744622738137,0.02766287487073423,6.573601948754962,21.279732476635512,2.3546343071354703,0.8130841121495327,2.483679525222552,0.00955233005210796,0.06919024195360683,0.7159817351598173,0.005343454268521061,72.28353571428572,0.697942980873331,-0.2234042553191489,0.2567695193164636,-0.1726298675791465,-0.22425200681191573,-0.02960361264425489,-0.2357142857142857,-0.1532976827094474,0.31082682304741643,-0.08719663554744059,-0.2721590303241021,Utilities—Regulated Electric,Utilities,ED
2012Q1,2012,Q1,2012-05-03,2012-03-31,280000000.0,3078000000.0,561000000.0,0.94,1993000000.0,0.647498375568551,39701000000.0,11545000000.0,3904000000.0,3840000000.0,28156000000.0,325000000.0,7668000000.0,17111218000.0,27413218000.0,39.41618299761011,1.0166666666666666,0.27885947457242893,0.958943265482893,0.016775147663589726,39.41618299761011,0.024252923343438718,5.559200129954516,15.277873214285716,1.4821323516673885,0.6357142857142857,3.3384615384615386,0.01040253242054423,0.07752953326112692,0.6421875,0.0070527190750862695,-219.37458974358975,0.647498375568551,0.42655958549222783,-0.036573916012290916,-0.20677409037487765,0.20776427712392026,0.050606220347917764,0.45077720207253885,0.22489082969432314,0.4308022096726349,-0.15911931487506403,0.08503442442667426,Utilities—Regulated Electric,Utilities,ED
2011Q4,2011,Q4,2012-02-21,2011-12-31,193000000.0,2966000000.0,458000000.0,0.6589279617616934,1897000000.0,0.6395819285232637,39214000000.0,11649000000.0,3638000000.0,2987000000.0,27565000000.0,356000000.0,7568000000.0,18168587000.0,28193587000.0,39.7712529873677,1.2179444258453298,0.27217320344774826,0.9162159842046528,0.012530364096992734,39.7712529873677,0.016567945746416003,6.12561935266352,23.534439119170983,1.559669241995021,0.9119170984455959,3.002808988764045,0.009687049411162245,0.07563625235885144,0.8530297957817208,0.004921711633600245,38.009596234309626,0.6395819285232637,-0.4931323371063897,-0.1542118699775279,-0.07453371303637027,0.2487505501692671,-0.15463458110516934,-0.5,-0.3941798941798942,0.12800230454079894,-0.07515843166568216,0.09911675847442379,Utilities—Regulated Electric,Utilities,ED
2011Q3,2011,Q3,2011-11-03,2011-09-30,386000000.0,3629000000.0,756000000.0,1.3,2244000000.0,0.6183521631303389,36535000000.0,11667000000.0,3458000000.0,2959000000.0,24868000000.0,375000000.0,7553000000.0,16701158000.0,26977158000.0,39.8327074086719,1.1686380533964178,0.2921582044614753,0.9148881460529699,0.0213759982091441,39.8327074086719,0.03308476900659981,4.60213777900248,10.816812176165802,1.4314869289448875,0.45595854922279794,3.6933333333333334,0.010538191423612661,0.09932941015464623,0.7945251774248057,0.010565211441083891,150.46088288288288,0.6183521631303389,1.3214285714285714,0.4205459954862482,-0.10343398828954828,0.21832012587634225,0.2508361204013378,1.2976190476190477,0.8994974874371859,0.9782320786076335,-0.12262335795439355,0.09523909662330547,Utilities—Regulated Electric,Utilities,ED
2011Q2,2011,Q2,2011-08-05,2011-06-30,168000000.0,2993000000.0,398000000.0,0.56,1794000000.0,0.5993985967256933,36019000000.0,11464000000.0,3209000000.0,2473000000.0,24555000000.0,310000000.0,7346000000.0,15583348000.0,25765348000.0,39.166381961052274,1.2976142337242216,0.29634359643521474,0.9310886252616888,0.012031001637025201,39.166381961052274,0.01465457083042568,5.206598062145005,23.18950595238095,1.3593290300069785,1.0476190476190477,3.867741935483871,0.011294107017311043,0.0830950331769344,0.9890820865345734,0.0046642050029151285,24.34898125,0.5993985967256933,-0.4716981132075471,0.1382126365209343,-0.01587193128019911,0.2692426626545539,-0.103,-0.46496815286624205,-0.36421725239616615,-0.7164480622688314,-0.1144838796227413,0.0796191611016836,Utilities—Regulated Electric,Utilities,ED
2011Q1,2011,Q1,2011-05-05,2011-03-31,314000000.0,3349000000.0,626000000.0,1.06,2000000000.0,0.5971931919976112,36186000000.0,11444000000.0,3590000000.0,2676000000.0,24742000000.0,245000000.0,7356000000.0,14810240000.0,25433240000.0,39.19178082191781,1.3415545590433482,0.30782623113911456,0.973348479552604,0.018016858655597195,39.19178082191781,0.027437958755679833,4.4222872499253505,11.791592356687897,1.2941488989863683,0.5605095541401274,5.506122448979592,0.011883669677196318,0.09254960481954347,0.9110612855007474,0.008677389045487205,-251.02101694915254,0.5971931919976112,0.31710638297872346,0.4585446151517445,-0.15113559868010776,0.2701758669017587,0.030927835051546393,0.33617021276595743,0.2697768762677485,-0.033966273339662706,-0.1272266497141171,0.12567297032035743,Utilities—Regulated Electric,Utilities,ED
2010Q4,2010,Q4,2011-02-22,2010-12-31,235000000.0,3140000000.0,493000000.0,0.8047945205479452,1940000000.0,0.6178343949044586,36146000000.0,11274000000.0,3507000000.0,2366000000.0,24872000000.0,348000000.0,7220000000.0,14474440000.0,24812440000.0,38.60958904109589,1.482248520710059,0.2953577159298401,0.9469576015611141,0.015075569782496958,38.60958904109589,0.020844420791200993,4.609694267515923,15.398340425531915,1.2838779492637928,0.6936170212765957,3.4482758620689653,0.011261230140855191,0.08686991644995297,1.0350803043110735,0.006501410944502849,17.190546318289787,0.6178343949044586,-0.34569551174963803,0.4317177883660908,-0.15059016942578582,0.2599566807907804,-0.07750832144555397,-0.3342776203966006,-0.300709219858156,0.05828535503937533,-0.0336473450707092,0.1313952133691786,Utilities—Regulated Electric,Utilities,ED
2010Q3,2010,Q3,2010-11-01,2010-09-30,353000000.0,3707000000.0,705000000.0,1.23,2103000000.0,0.5673050984623685,35452000000.0,10843000000.0,3890000000.0,3147000000.0,24609000000.0,364000000.0,7160000000.0,13646260000.0,24966260000.0,38.314487632508836,1.2360978709882429,0.3248899921019971,1.062252144240524,0.019938067131115116,38.314487632508836,0.032555565802822095,3.6812139196115456,9.664490084985836,1.2585317716499123,0.45325779036827196,4.406593406593407,0.011724824237556665,0.10456391740945503,0.7670797585001589,0.00995712512693219,-40.73510447761194,0.5673050984623685,0.9218749999999999,0.06965718182381743,-0.051442690747284296,0.24043724697114316,0.22054556006964596,0.8978494623655914,0.6433566433566433,0.08343526320558126,-0.025579818597843286,0.1282436323383566,Utilities—Regulated Electric,Utilities,ED
2010Q2,2010,Q2,2010-08-06,2010-06-30,186000000.0,3017000000.0,429000000.0,0.64,1723000000.0,0.5710971163407358,34389000000.0,10593000000.0,3158000000.0,2675000000.0,23796000000.0,328000000.0,6978000000.0,12154200000.0,22986200000.0,37.56382978723404,1.1805607476635513,0.3201605164442118,1.0393656188048712,0.012643646105939536,37.56382978723404,0.017558765222316624,4.0285714285714285,16.33629032258065,1.1473803455111866,0.8548387096774194,3.9451219512195124,0.013081897615639038,0.08773154206286894,0.8665420560747663,0.005408706272354532,44.19709090909091,0.5710971163407358,-0.20000000000000004,0.39600370027752074,0.08230870813509977,0.24242915752313712,-0.05640744797371303,-0.18777292576419213,-0.12804878048780488,0.13455374412821208,-0.06435977044597259,0.1032995354959859,Utilities—Regulated Electric,Utilities,ED
2010Q1,2010,Q1,2010-05-06,2010-03-31,229000000.0,3462000000.0,492000000.0,0.8,1826000000.0,0.5274407856730213,34449000000.0,10552000000.0,3386000000.0,3518000000.0,23897000000.0,303000000.0,6963000000.0,12533556000.0,23462556000.0,37.498223169864964,0.9624786810687891,0.31977706174344683,1.043972706595906,0.014875177394293202,37.498223169864964,0.021702047005307052,3.620322357019064,13.682921397379912,1.1877896133434418,0.6899563318777293,5.399339933993399,0.012606159018238718,0.10049638596185666,0.606878908470722,0.006647507910244129,-29.14780465116279,0.5274407856730213,0.10352941176470602,0.09119556126235433,0.06600597258517941,0.23786979914665768,0.07348618459729571,0.12254901960784313,-0.3857677902621723,-0.17985407782515989,-0.07135308993775585,0.14899543679633748,Utilities—Regulated Electric,Utilities,ED
2009Q4,2009,Q4,2010-02-22,2009-12-31,204000000.0,3274000000.0,801000000.0,0.7249466950959488,1701000000.0,0.5195479535736103,33873000000.0,10462000000.0,3243000000.0,2952000000.0,23411000000.0,355000000.0,6904000000.0,12784002000.0,23109002000.0,37.178393745557926,1.0985772357723578,0.31249077436306205,1.0117568342573122,,37.178393745557926,0.01949913974383483,3.9047043372021992,15.666669117647059,1.221946281781686,0.7941176470588235,4.430985915492958,0.012672088130148916,0.09665515307176807,0.7706639566395664,0.006022495793109556,37.38012280701754,0.5195479535736103,-0.40578139746233705,2.5188912579957354,0.30910419094671676,0.241667285268599,-0.14047498736735725,-0.39823008849557523,0.6549586776859504,-0.06947140629475237,0.06331859753909959,0.16733912454106672,Utilities—Regulated Electric,Utilities,ED
2009Q3,2009,Q3,2009-11-02,2009-09-30,339000000.0,3489000000.0,484000000.0,1.22,1979000000.0,0.5672112353109774,34212000000.0,10156000000.0,3227000000.0,3512000000.0,24056000000.0,398000000.0,6865000000.0,11262594000.0,21947594000.0,36.917484551072334,0.9188496583143508,0.314509528820297,1.0594722331626625,,36.917484551072334,0.03337928318235526,3.2280292347377473,8.30574778761062,1.1089596297755022,0.4424778761061947,3.7939698492462313,0.01331842380183464,0.10198176078568923,0.520501138952164,0.00990880392844616,-24.01405970149254,0.5672112353109774,1.218181818181818,0.20973747905417983,0.11661049778339302,0.2168107709954918,0.2702182284980745,1.2156862745098038,0.6462585034013606,0.3283009248112846,-0.082248604533756,0.12915534371907755,Utilities—Regulated Electric,Utilities,ED
2009Q2,2009,Q2,2009-08-04,2009-06-30,153000000.0,2845000000.0,294000000.0,0.55,1558000000.0,0.5476274165202109,33710000000.0,9961000000.0,2997000000.0,2735000000.0,23749000000.0,357000000.0,6691000000.0,10271790000.0,20312790000.0,36.287795992714024,1.0957952468007313,0.3070898843073272,1.0392530870394538,,36.287795992714024,0.015359903624134122,3.6104710017574693,16.783970588235295,1.0312006826623834,0.9803921568627451,3.6050420168067228,0.014603102283049011,0.0843963215663008,0.6870201096892139,0.00453871254820528,42.62153526970955,0.5476274165202109,-0.16666666666666663,0.5165840640487989,0.11814011140587552,0.1782078898702764,0.004513217279174726,-0.16393442622950818,-0.07836990595611286,0.10531464833421465,-0.0025123066668092933,0.17595796449767778,Utilities—Regulated Electric,Utilities,ED
2009Q1,2009,Q1,2009-05-01,2009-03-31,183000000.0,3423000000.0,319000000.0,0.66,1551000000.0,0.45311130587204207,34224000000.0,9950000000.0,3748000000.0,2831000000.0,24274000000.0,334000000.0,6703000000.0,10849179000.0,20882179000.0,36.32712668857247,1.3239138113740727,0.3121785881252922,1.0737688442211055,,36.32712668857247,0.018391959798994974,3.1694943032427694,14.821282786885247,1.0903697487437187,0.819672131147541,5.604790419161676,0.013825930975975233,0.10001753155680225,0.8375132462027552,0.005347124824684432,68.23383018867925,0.45311130587204207,0.12983750000000005,-0.04347886367102474,0.05284194166202647,0.2255325961155992,0.06305688827964359,0.14375,-0.1649214659685864,-0.09378347140445266,-0.075044387817942,0.17733460092997244,Utilities—Regulated Electric,Utilities,ED
2008Q4,2008,Q4,2009-02-23,2008-12-31,160000000.0,2999000000.0,382000000.0,0.5841548010222709,1459000000.0,0.48649549849949986,33498000000.0,9911000000.0,3319000000.0,3205000000.0,23587000000.0,516000000.0,6685000000.0,10662927000.0,20665927000.0,36.18473895582329,1.035569422776911,0.30082392978685296,1.0167490666935728,0.012837126852740598,36.18473895582329,0.016143678740793057,3.5554941647215736,16.6608234375,1.0758679245283018,1.0,2.9844961240310077,0.015005260750636294,0.08952773299898502,0.3609984399375975,0.004776404561466357,-73.5374275862069,0.48649549849949986,-0.11491696814807442,1.493128603608258,0.08675765729958805,0.2334219336659477,-0.047028086218158065,-0.12087912087912088,-0.04975124378109453,0.03920292500701085,-0.13512186102547546,0.18082592232548433,Utilities—Regulated Electric,Utilities,ED
2008Q3,2008,Q3,2008-11-07,2008-09-30,182000000.0,3858000000.0,402000000.0,0.66,1531000000.0,0.39683773976153447,29322000000.0,9936000000.0,3352000000.0,3014000000.0,19386000000.0,578000000.0,6685000000.0,11736672000.0,21400672000.0,36.36896046852123,1.1121433311214333,0.33193506582088533,0.9795692431561996,0.013764300186812505,36.36896046852123,0.018317230273752014,3.0421648522550546,16.121802197802197,1.1812270531400966,0.8791208791208791,4.025951557093426,0.013632484574843704,0.13157356251278904,0.3984737889847379,0.006206943591842303,-6.61593686583991,0.39683773976153447,-0.6732673267326732,-0.4234992679355783,0.13436008787909368,0.22408617882083418,0.07816901408450705,-0.6702898550724637,0.1893491124260355,-0.4287226118003648,0.022607450789002823,0.17745051510221072,Utilities—Regulated Electric,Utilities,ED
2008Q2,2008,Q2,2008-08-07,2008-06-30,552000000.0,3149000000.0,338000000.0,2.02,1420000000.0,0.450936805335027,30254000000.0,9893000000.0,4531000000.0,3949000000.0,20361000000.0,440000000.0,6663000000.0,10659843000.0,18362843000.0,36.277961129446275,1.147379083312231,0.31271897930852116,0.956332760537754,0.01033133844050189,36.277961129446275,0.055797028201758817,3.3851517942203873,4.827827445652175,1.0775136965531185,0.26992753623188404,3.9295454545454547,0.013977691791520756,0.1040854101936934,0.7141048366675108,0.01824552125338798,64.21592168674698,0.450936805335027,0.8198198198198197,5.4334433443344325,0.16377028327832793,0.21703485936783976,-0.10579345088161209,0.8217821782178217,-0.37057728119180633,3.2842684268426843,0.16818728146020492,0.1998988638275885,Utilities—Regulated Electric,Utilities,ED
2008Q1,2008,Q1,2008-05-02,2008-03-31,303000000.0,3577000000.0,537000000.0,1.11,1588000000.0,0.44394744199049485,28665000000.0,9477000000.0,2669000000.0,3744000000.0,19144000000.0,318000000.0,6273000000.0,10806340000.0,20004340000.0,34.81631153563556,0.7128739316239316,0.3259375545089831,0.985860504379023,0.018468586207370928,34.81631153563556,0.0319721430832542,3.021062342745317,8.916122112211221,1.140270127677535,0.49174917491749176,6.254716981132075,0.013788202110982997,0.12478632478632479,0.3344017094017094,0.010570381998953427,192.97035714285715,0.44394744199049485,0.4596231884057973,0.5187081435999197,0.09525983698184838,0.20479061889065228,0.135096497498213,0.463768115942029,0.3560606060606061,0.4926078078760742,0.13864275407046026,0.14933607313639166,Utilities—Regulated Electric,Utilities,ED
2007Q4,2007,Q4,2008-02-22,2007-12-31,207000000.0,3029000000.0,396000000.0,0.7604702424687729,1399000000.0,0.46186860349950476,28343000000.0,9289000000.0,2605000000.0,3895000000.0,19011000000.0,405000000.0,6113000000.0,13296970000.0,22345970000.0,34.12564290962528,0.668806161745828,0.32671206294323113,0.9968780277747874,0.014623934149000109,34.12564290962528,0.022284422435138337,4.389887751733245,16.059142512077297,1.4314748627408762,0.7101449275362319,4.0246913580246915,0.011055150158269139,0.10686942102106341,0.34146341463414637,0.007303390607910242,241.76309090909092,0.46186860349950476,-0.3387215282880235,0.34453187678957964,0.15875234698938626,0.1917410098668514,-0.1374845869297164,-0.33653846153846156,-0.2903225806451613,2.691322556943424,0.25207626724602195,0.13971288484464772,Utilities—Regulated Electric,Utilities,ED
2007Q3,2007,Q3,2007-11-01,2007-09-30,312000000.0,3643000000.0,558000000.0,1.15,1622000000.0,0.4452374416689542,27908000000.0,9203000000.0,2979000000.0,3335000000.0,18663000000.0,464000000.0,6062000000.0,12731580000.0,21712580000.0,33.95940959409594,0.8932533733133433,0.329296259137165,0.9985874171465826,0.021682382292222958,33.95940959409594,0.03390198848201673,3.4948064781773263,10.201586538461537,1.3834162773008802,0.4775641025641026,4.355603448275862,0.011703182165921276,0.13053604701160956,0.3823088455772114,0.011179590081697005,-35.26753462603878,0.4452374416689542,0.9827586206896551,-0.14330976676435528,0.12867829588615282,0.18330727792550328,0.20415738678544915,1.025974025974026,0.5586592178770949,0.13023130231302316,0.18353527866303082,0.11931178067069316,Utilities—Regulated Electric,Utilities,ED
2007Q2,2007,Q2,2007-08-02,2007-06-30,154000000.0,3029000000.0,358000000.0,0.58,1347000000.0,0.4447012215252559,27150000000.0,9019000000.0,2651000000.0,3014000000.0,18089000000.0,381000000.0,5908000000.0,11952288000.0,20378288000.0,34.046810117025295,0.8795620437956204,0.3178268876611418,0.956757955427431,0.013743336730196652,34.046810117025295,0.017075063754296484,3.9459517992736877,19.403064935064933,1.3252342831799533,0.948051948051948,4.414698162729659,0.012215234438795318,0.11156537753222837,0.40079628400796286,0.00567219152854512,-111.7036261682243,0.4447012215252559,-0.4141414141414142,0.2248856176028416,0.2802436347662772,0.21533661587483754,-0.11787819253438114,-0.3984375,-0.33084112149532713,0.5818167452395375,0.23359789727275143,0.10544658906395439,Utilities—Regulated Electric,Utilities,ED
2007Q1,2007,Q1,2007-05-10,2007-03-31,256000000.0,3418000000.0,535000000.0,0.99,1527000000.0,0.4467524868344061,26703000000.0,8420000000.0,2730000000.0,3131000000.0,18242000000.0,301000000.0,5910000000.0,13173480000.0,21934480000.0,32.63565891472868,0.8719259022676461,0.333969965921432,1.059144893111639,0.01967091716082138,32.63565891472868,0.030403800475059382,3.8541486249268577,12.864726562500001,1.5645463182897865,0.546875,6.282392026578073,0.010627412042983326,0.12800059918361234,0.39476205685084637,0.009586937797251244,387.45529411764704,0.4467524868344061,0.2707462686567163,0.23936318606689425,0.34014778614440927,0.16205767085645664,0.12032281731474688,0.2736318407960199,0.25586854460093894,0.42054754194877836,0.11609371616647177,0.10099717323066776,Utilities—Regulated Electric,Utilities,ED
