Quarters,Year,Quarter,FillingDate,Date,NetIncome,Revenue,OperatingIncome,EPSDiluted,GrossProfit,GrossProfitRatio,TotalAssets,CommonStockEquity,CurrentAssets,CurrentLiability,TotalLiability,Inventory,RetainedEarnings,MarketCap,EnterpriseValue,bookValuePerShare,currentRatio,debtToAssets,debtToEquity,roic,shareholdersEquityPerShare,roe,priceToSalesRatio,peRatio,pbRatio,payoutRatio,inventoryTurnover,dividendYield,assetTurnover,quickRatio,returnOnAssets,priceToFreeCashFlowsRatio,grossProfitMargin,epsdilutedGrowth,fiveYNetIncomeGrowthPerShare,fiveYRevenueGrowthPerShare,fiveYShareholdersEquityGrowthPerShare,grossProfitGrowth,netIncomeGrowth,operatingIncomeGrowth,threeYNetIncomeGrowthPerShare,threeYRevenueGrowthPerShare,threeYShareholdersEquityGrowthPerShare,Industry,Sector,Symbol
2023Q1,2023,Q1,2023-05-11,2023-03-31,1648000.0,12831000.0,1539000.0,0.91,2920000.0,0.2275738446,21931000.0,15079000.0,21736000.0,6665000.0,6852000.0,24000.0,-1427000.0,13143380.0,2684380.0,8.386540600667407,3.2612153038259564,0.0062012676120559935,0.009019165727170236,0.10007188541609086,8.386540600667407,0.1092910670468864,1.0243457251967891,1.993837985436893,0.8716347237880496,0.0,412.9583333333333,0.0,0.5850622406639004,2.989947486871718,0.07514477224020792,-3.412092419522326,0.2275738445951212,3.2195121951219514,8.436386120079222,0.6240802225773615,-0.06355047945093133,2.8070404172099086,3.248294679399727,2.700552486187845,2.8307179059518943,1.627266409732395,0.31418006107796526,Advertising Agencies,Communication Services,ISIG
2022Q4,2022,Q4,2023-03-09,2022-12-31,-733000.0,4529000.0,-905000.0,-0.41,767000.0,0.1693530581,20968000.0,13401000.0,20753000.0,7374000.0,7567000.0,29000.0,-3075000.0,14034570.0,-345430.0,7.457429048414023,2.814347708163819,0.006867607783288821,0.010745466756212223,-0.061889798438902806,7.457429048414023,-0.05469741064099694,3.098823139765953,-4.78668826739427,1.047277815088426,0.0,129.72413793103448,0.0,0.21599580312857689,2.7270138323840523,-0.03495803128576879,51.78808118081181,0.16935305807021417,-1.0624048706240488,-2.08045739749977,-0.4760648718489949,-0.1548156630567825,-0.08472553699284009,-1.062113380222015,-0.9631236442516269,0.7148266963849875,-0.3142179397338923,0.08702493061891922,Advertising Agencies,Communication Services,ISIG
2022Q3,2022,Q3,2022-11-10,2022-09-30,11801000.0,4869000.0,-461000.0,6.57,838000.0,0.1721092627,20058000.0,14613000.0,19857000.0,5857000.0,5445000.0,37000.0,-2342000.0,10985400.0,-3140600.0,8.140947075208913,3.3903022024927436,0.006331638249077675,0.008690891671799083,-0.03151568632220589,8.140947075208913,0.8075686032984329,2.256192236598891,0.23272180323701383,0.7517552863888319,0.0,108.94594594594595,0.0,0.24274603649416693,3.2398838996073076,0.588343802971383,0.9257879656160458,0.1721092626822756,11.77049180327869,23.485706553681386,-0.41003790161933557,-0.03278777100061439,1.0144230769230769,11.886531365313653,0.5812897366030881,12.510423457570734,-0.002013328337680575,-0.018958869608908427,Advertising Agencies,Communication Services,ISIG
2022Q2,2022,Q2,2022-08-10,2022-06-30,-1084000.0,3254000.0,-1101000.0,-0.61,416000.0,0.1278426552,7076000.0,2269000.0,6834000.0,4005000.0,4807000.0,25000.0,-14143000.0,13678200.0,11523200.0,1.2690156599552573,1.706367041198502,0.020774448841153193,0.06478624944909651,-0.43519532090387647,1.2690156599552573,-0.4777434993389158,4.2035033804548245,-3.1545664206642066,6.028294402820626,0.0,113.52,0.0,0.459864330130017,1.6059925093632959,-0.15319389485585078,7.218047493403694,0.12784265519360788,-18.63005780346821,-0.893396475881658,-0.48109307505097526,-0.8449558502347764,-0.675,-18.483870967741936,-16.08219178082192,-1.1098533208640484,-0.47094746520414155,-0.8573882351077651,Advertising Agencies,Communication Services,ISIG
2022Q1,2022,Q1,2022-05-11,2022-03-31,62000.0,6148000.0,73000.0,0.0346,1280000.0,0.2081977879,8880000.0,3313000.0,8609000.0,4758000.0,5567000.0,31000.0,-13059000.0,20217520.0,19987520.0,1.8549832026875699,1.8093736864228667,0.018693693693693694,0.05010564443102928,0.017738585145992553,1.8549832026875699,0.018714156353757925,3.28847104749512,81.52225806451612,6.102481134923031,0.0,157.03225806451613,0.0,0.6923423423423424,1.6532156368221942,0.006981981981981982,-5.949829311359624,0.20819778789850357,1.0629090909090908,1.0485551913708921,0.202941337315545,-0.7802962642649768,1.3357664233576643,1.0631364562118126,1.0758835758835759,1.0536462347046371,0.13430239693944696,-0.7969096761350764,Advertising Agencies,Communication Services,ISIG
2021Q4,2021,Q4,2022-03-09,2021-12-31,-982000.0,4528000.0,-962000.0,-0.55,548000.0,0.121024735,10650000.0,3193000.0,10354000.0,6638000.0,7457000.0,19000.0,-13121000.0,40851600.0,37184600.0,1.803954802259887,1.5598071708345886,0.01727699530516432,0.057626056999686814,-0.27292814359493506,1.803954802259887,-0.3075477607265894,9.021996466431096,-10.40010183299389,12.794112120263074,0.0,209.47368421052633,0.0,0.4251643192488263,1.3583910816510998,-0.09220657276995305,137.08590604026847,0.12102473498233215,-0.057692307692307744,-0.2989280560197341,-0.2601875816299652,-0.8015298693149928,0.005504587155963303,-0.06623235613463627,-0.04,-3.293973426845899,-0.47092919053197274,-0.8144411412983272,Advertising Agencies,Communication Services,ISIG
2021Q3,2021,Q3,2021-11-05,2021-09-30,-921000.0,3493000.0,-925000.0,-0.52,545000.0,0.15602633839106786,9456000.0,4322000.0,9103000.0,4304000.0,5134000.0,87000.0,-12139000.0,13227340.0,9780340.0,2.4473386183465458,2.1150092936802976,0.021362098138747884,0.04673762147154095,-0.19765727665545582,2.4473386183465458,-0.2130957889865803,3.786813627254509,-3.5904831704668836,3.0604673762147154,0.0,33.88505747126437,0.0,0.36939509306260576,1.8805762081784387,-0.0973984771573604,-5.955578568212517,0.15602633839106786,-0.01960784313725492,-4.193755843918053,-0.49148964011129304,-0.8307510001640196,-0.5488410596026491,-0.030201342281879196,-0.08440797186400938,-2.3547885985935895,-0.6494833357388787,-0.7407419408608268,Advertising Agencies,Communication Services,ISIG
2021Q2,2021,Q2,2021-08-23,2021-06-30,-894000.0,6096000.0,-853000.0,-0.51,1208000.0,0.19816272965879264,11582000.0,5196000.0,11435000.0,5679000.0,6386000.0,91000.0,-11218000.0,14548949.999999998,8698949.999999998,2.960683760683761,2.0135587251276634,0.002503885339319634,0.005581216320246343,-0.1641890600051329,2.960683760683761,-0.1720554272517321,2.3866387795275585,-4.068498322147651,2.8000288683602768,0.0,53.714285714285715,0.0,0.526333966499741,1.929565064271879,-0.07718874115006044,-17.096298472385428,0.19816272965879264,-0.34210526315789475,-8.712914628156007,-0.12920659942210488,-0.7974118277511422,0.25571725571725573,-0.3566009104704097,0.5005854800936768,-5.668456261612783,-0.2895919126328829,-0.6712397171934114,Advertising Agencies,Communication Services,ISIG
2021Q1,2021,Q1,2021-05-07,2021-03-31,-659000.0,5419000.0,-1708000.0,-0.38,962000.0,0.17752352832625945,12769000.0,7117000.0,12532000.0,4950000.0,5652000.0,102000.0,-9220000.0,10278370.0,3473370.0,4.064534551684751,2.5317171717171716,0.0025843840551335266,0.00463678516228748,-0.24256877586354778,4.064534551684751,-0.09259519460446818,1.8967281786307437,-3.899229893778452,1.4441998032879024,0.0,43.69607843137255,0.0,0.42438718772026,2.3842424242424243,-0.05160936643433315,-30.95894578313253,0.17752352832625945,0.2400060799513604,-0.9408873208211104,-0.15446958330960794,-0.7230771724466993,-0.1141804788213628,0.24339839265212398,-0.8504875406283857,-4.8746943697677985,-0.29568057703571704,-0.5461500023171167,Advertising Agencies,Communication Services,ISIG
2020Q4,2020,Q4,2021-03-11,2020-12-31,-871000.0,5108000.0,-923000.0,-0.500004,1086000.0,0.21260767423649177,14060000.0,7694000.0,13793000.0,5099000.0,6366000.0,85000.0,-8561000.0,10259372.6207,4241372.6207,4.409171581187152,2.7050402039615613,0.07894736842105263,0.14426826098258383,-0.10563138407040577,4.409171581187152,-0.1132050948791266,2.0084911160336727,-2.9447108555396095,1.3334250871718223,0.0,47.31764705882353,0.0,0.36330014224751067,2.548931162973132,-0.06194879089615932,165.4737519467742,0.21260767423649177,-0.02041632653061227,-2.3242162627179015,-0.3463259907798862,-0.7033037764317225,0.7658536585365854,-0.09697732997481108,-0.16540404040404041,-2.3221317127032353,-0.3914742222985696,-0.5002885397740295,Advertising Agencies,Communication Services,ISIG
2020Q3,2020,Q3,2020-11-12,2020-09-30,-794000.0,4491000.0,-792000.0,-0.49,615000.0,0.13694054776219106,14063000.0,8538000.0,13514000.0,4443000.0,5525000.0,140000.0,-7690000.0,8111204.01,2210204.01,4.907305493848625,3.04163853252307,0.08284149896892555,0.13644881705317405,-0.08152242395580703,4.907305493848625,-0.09299601780276412,1.8061019839679358,-2.5539055447103274,0.9500121820098384,0.0,27.685714285714287,0.0,0.31934864538149754,2.892415034886338,-0.056460214747920075,-7.327194227642276,0.13694054776219106,0.5333337777773545,-2.406962357195634,-0.40852553434694744,-0.6489567600425894,0.6487935656836461,0.5519187358916479,0.554305008441193,-2.6996743866841464,-0.43859175112059784,-0.4169712883234219,Advertising Agencies,Communication Services,ISIG
2020Q2,2020,Q2,2020-08-11,2020-06-30,-1772000.0,3388000.0,-1777000.0,-1.050001,373000.0,0.11009445100354191,14983000.0,9287000.0,14336000.0,4445000.0,5696000.0,312000.0,-6896000.0,8634549.331799999,1878549.3317999989,5.382438887555884,3.2251968503937007,0.08129213108189282,0.13115107139011523,-0.16759770767776574,5.382438887555884,-0.19080435016689998,2.548568279752066,-1.2181926258182845,0.9297458093894692,0.0,9.663461538461538,0.0,0.22612293933124208,3.046119235095613,-0.11826736968564373,-10.517112462606576,0.11009445100354191,-1.1428591836734694,-8.167226329034104,-0.48660730257509144,-0.6266081226089304,-0.6693262411347518,-1.0533024333719583,-0.6023444544634806,-2.2073560677547444,-0.44013090361249635,-0.3423913610224469,Advertising Agencies,Communication Services,ISIG
2020Q1,2020,Q1,2020-05-14,2020-03-31,-863000.0,4682000.0,-1109000.0,-0.49,1128000.0,0.2409226826142674,15672000.0,11000000.0,14883000.0,4020000.0,4672000.0,313000.0,-5124000.0,8927621.5616,1388621.5615999997,6.381576504659711,3.702238805970149,0.013782542113323124,0.019636363636363636,-0.07715967467824168,6.381576504659711,-0.07845454545454546,1.906796574455361,-2.5862171383545767,0.8116019601454545,0.0,11.354632587859426,0.0,0.2987493619193466,3.532089552238806,-0.05506636038795304,39.67831805155556,0.2409226826142674,0.666666893423882,-10.096866173361134,-0.2756649459921533,-0.5496328123370547,-0.2932330827067669,0.6490443269621797,0.5630417651694247,0.2997203180207139,-0.05079777176246756,-0.2441677121813079,Advertising Agencies,Communication Services,ISIG
2019Q4,2019,Q4,2020-03-10,2019-12-31,-2459000.0,6318000.0,-2538000.0,-1.470001,1596000.0,0.2526115859449193,16990000.0,11794000.0,15892000.0,4497000.0,5196000.0,322000.0,-4261000.0,8786013.908699999,1544013.9086999986,6.860402957058205,3.533911496553258,0.015773984696880516,0.022723418687468203,-0.20173739501298976,6.860402957058205,-0.20849584534509072,1.3906321476258308,-0.8932507023891826,0.7449562411989147,0.0,14.664596273291925,0.0,0.3718658034137728,3.3789192795196796,-0.14473219540906415,-32.54079225444444,0.2526115859449193,-1.6249970982194675,-5.811256822053344,0.15355501637856178,-0.4705776839967766,0.7235421166306696,-1.5143149284253579,-1.3697478991596639,-2.348836208413978,0.06281234139535234,-0.24522218088089615,Advertising Agencies,Communication Services,ISIG
2019Q3,2019,Q3,2019-11-13,2019-09-30,-978000.0,4654000.0,-1071000.0,-0.560001,926000.0,0.1989686291362269,18576000.0,14209000.0,15013000.0,3560000.0,4367000.0,343000.0,-1802000.0,11746268.24,4283268.24,8.298272950048005,4.217134831460674,0.017065030146425495,0.022309803645576748,-0.06884664365069845,8.298272950048005,-0.06882961503272574,2.5239080876665234,-3.0026248057259717,0.8266780378633262,0.0,10.868804664723031,0.0,0.25053832902670115,4.030056179775281,-0.05264857881136951,-8.061954866163349,0.1989686291362269,-1.000003571428571,-3.719840355128886,-0.2702418508497571,-0.34034431250432595,-0.3679180887372014,-1.0040983606557377,-0.568081991215227,-4.68821043971146,-0.3012167291588764,-0.42612175257117596,Advertising Agencies,Communication Services,ISIG
2019Q2,2019,Q2,2019-08-08,2019-06-30,-488000.0,5842000.0,-683000.0,-0.28,1465000.0,0.25077028414926394,20291000.0,15112000.0,16247000.0,4271000.0,5179000.0,361000.0,-824000.0,12774831.9048,8859831.9048,8.898393908203811,3.8040271599157105,0.01808683652851018,0.024285336156696664,-0.0322112584777024,8.898393908203811,-0.03229221810481736,2.1867223390619652,-6.544483557786885,0.8453435617257807,0.0,12.124653739612189,0.0,0.2879108964565571,3.669866541793491,-0.024050071460253314,37.683869925663714,0.25077028414926394,0.5555562610218079,-8.537912252266741,-0.0043019102721426755,-0.3785902467793033,0.8927648578811369,0.5547445255474452,0.48915482423335827,-4.478966909586653,-0.1376202975492042,-0.39111722036903707,Advertising Agencies,Communication Services,ISIG
2019Q1,2019,Q1,2019-05-06,2019-03-31,-1096000.0,5140000.0,-1337000.0,-0.630001,774000.0,0.15058365758754863,20483000.0,15470000.0,16084000.0,3886000.0,5013000.0,378000.0,-336000.0,15887018.56,12336018.56,9.133784256119105,4.138960370560988,0.02026070399843773,0.026826115061409177,-0.06915299669655499,9.133784256119105,-0.07084680025856496,3.0908596420233465,-3.6238637226277373,1.0269565972850678,0.0,11.55026455026455,0.0,0.25093980373968655,3.974523932063819,-0.05350778694527169,-12.026509129447389,0.15058365758754863,-3.2500035714285715,-11.331875816061949,-0.1297458942497562,-0.3663222338919826,-0.7616261164151524,-3.6995073891625614,-3.6686626746506987,-2.3371216924132447,-0.17087543043246306,-0.3777015965043513,Advertising Agencies,Communication Services,ISIG
2018Q4,2018,Q4,2019-03-07,2018-12-31,406000.0,8117000.0,501000.0,0.28,3247000.0,0.4000246396451891,23953000.0,16320000.0,19709000.0,6358000.0,7633000.0,353000.0,760000.0,17508966.16,7348966.16,9.721739047555507,3.099874174268638,0.0,0.0,0.023740196078431374,9.721739047555507,0.024877450980392155,2.1570735690526055,10.781383103448276,1.072853318627451,0.0,13.796033994334278,0.0,0.3388719575836012,2.996225228059138,0.01694986014277961,6.81017742512641,0.4000246396451891,-0.19999999999999987,-0.0010198105773761741,0.2753764803350324,-0.32331606896764853,-0.08868930676396296,-0.3705426356589147,-0.4078014184397163,-0.35836834289595443,0.07975410088020156,-0.3458174151731769,Advertising Agencies,Communication Services,ISIG
2018Q3,2018,Q3,2018-11-14,2018-09-30,645000.0,9455000.0,846000.0,0.35,3563000.0,0.3768376520359598,23763000.0,15817000.0,19636000.0,6933000.0,7946000.0,323000.0,354000.0,20056560.93,12466560.93,9.439778367826094,2.832251550555315,0.0,0.0,0.04006847481836572,9.439778367826094,0.04077890876904596,2.1212650375462716,7.773860825581396,1.2680382455585764,0.0,18.241486068111456,0.0,0.3978874721205235,2.7373431414971874,0.02714303749526575,-64.90796417475728,0.3768376520359598,1.4999999999999996,1.0552065738437593,0.4569662106822617,-0.30084010362745583,0.18569051580698837,2.505434782608696,2.343873517786561,0.18678604008293417,0.29301992561099477,-0.3247271059697821,Advertising Agencies,Communication Services,ISIG
2018Q2,2018,Q2,2018-08-07,2018-06-30,184000.0,8245000.0,253000.0,0.14,3005000.0,0.3644633110976349,22652000.0,15186000.0,18568000.0,6437000.0,7466000.0,364000.0,-291000.0,19240500.44,11199500.440000001,9.005600480108926,2.8845735591113875,0.0,0.0,0.01179021163217133,9.005600480108926,0.01211642302120374,2.3335961722255916,26.141984293478263,1.2669893612537864,0.07608695652173914,14.395604395604396,0.0007276318016601444,0.3639855200423804,2.7804878048780486,0.008122903054917889,19.298395626880644,0.3644633110976349,1.0,0.2983606441665846,0.5557473254357862,-0.35801260603137863,0.09431900946831755,0.12195121951219512,0.09051724137931035,-0.23849835970690586,0.2783876426531809,-0.3752612634253756,Advertising Agencies,Communication Services,ISIG
2018Q1,2018,Q1,2018-05-08,2018-03-31,164000.0,7419000.0,232000.0,0.07,2746000.0,0.37013074538347485,21329000.0,15121000.0,17315000.0,5171000.0,6208000.0,485000.0,-475000.0,18673991.560000002,11414991.560000002,8.955678247077456,3.348481918391027,0.0,0.0,0.010617028264545046,8.955678247077456,0.010845843528867138,2.5170496778541587,28.46645054878049,1.234970673897229,0.0,9.635051546391752,0.0,0.3478362792442215,3.1819764068845484,0.007689061840686389,7.4250463459244544,0.37013074538347485,-0.7999999999999999,-0.5488989435243521,0.15885141437443911,-0.35489979826715806,-0.22231662418578307,-0.7417322834645669,-0.7565582371458552,0.7648489135245882,0.17175317470862642,-0.3679706538336703,Advertising Agencies,Communication Services,ISIG
2017Q4,2017,Q4,2018-03-15,2017-12-31,635000.0,8091000.0,953000.0,0.35,3531000.0,0.4364108268446422,21688000.0,14841000.0,17635000.0,5802000.0,6847000.0,301000.0,-639000.0,14009865.941399999,9314865.941399999,8.823434986248497,3.039469148569459,0.0,0.0,0.04314909112429495,8.823434986248497,0.04278687419985176,1.731537009195402,5.515695252519685,0.9439974355771175,0.0,15.149501661129568,0.0,0.37306344522316487,2.916063426404688,0.029278863887864257,10.597478019213312,0.4364108268446422,0.2499999999999998,9.631713170797513,0.7536931637232908,-0.3528903770832646,0.2872767043383157,0.4079822616407982,1.1130820399113082,2.797746597144897,0.509895582978341,-0.3190890659392623,Advertising Agencies,Communication Services,ISIG
2017Q3,2017,Q3,2017-11-06,2017-09-30,451000.0,7723000.0,451000.0,0.28,2743000.0,0.35517286028745304,20750000.0,14138000.0,16521000.0,5805000.0,6612000.0,326000.0,-1274000.0,12698622.719999999,9323622.719999999,8.416919090891772,2.8459948320413435,0.0,0.0,0.03175900622592128,8.416919090891772,0.03189984439100297,1.6442603547844101,7.039147849223946,0.8981908841420285,0.0,15.276073619631902,0.0,0.37219277108433735,2.704220499569337,0.021734939759036145,70.15813657458563,0.35517286028745304,1.8,0.3729736814531616,0.47089108019125936,-0.37984862691861226,0.8311081441922563,1.844569288389513,1.7857142857142858,0.27856282831324547,0.23446727914881668,-0.33091275944766846,Advertising Agencies,Communication Services,ISIG
2017Q2,2017,Q2,2017-08-04,2017-06-30,-534000.0,5849000.0,-574000.0,-0.35,1498000.0,0.2561121559240896,18752000.0,13650000.0,14415000.0,4287000.0,5102000.0,345000.0,-1725000.0,11948322.624,8748322.624,8.184866451761454,3.3624912526242126,0.0,0.0,-0.039257665411511565,8.184866451761454,-0.03912087912087912,2.042797507950077,-5.593784,0.8753349907692309,-0.026217228464419477,12.611594202898551,0.0011717125859891744,0.31191339590443684,3.1404245393048753,-0.028476962457337884,-10.203520601195558,0.2561121559240896,0.500000714284694,-0.25441898647619826,0.42781922476776924,-0.3872103954274581,1.381558028616852,0.5516372795969773,0.669735327963176,-9.399661349544424,0.01516586681448773,-0.4284186680874737,Advertising Agencies,Communication Services,ISIG
2017Q1,2017,Q1,2017-05-04,2017-03-31,-1191000.0,4767000.0,-1738000.0,-0.700001,629000.0,0.13194881476819803,19001000.0,14065000.0,14691000.0,4069000.0,4936000.0,332000.0,-1191000.0,17374867.65,12981867.649999999,8.44311179544438,3.6104694028016713,0.0,0.0,-0.0848246971912006,8.44311179544438,-0.08467827941699253,3.6448222466960347,-3.647117474811083,1.2353265303945966,-6.853904282115869,12.463855421686747,0.4698165283578433,0.2508815325509184,3.3715900712705826,-0.06268091153097205,60.12064930795847,0.13194881476819803,-0.6666690476190477,0.11847569474641065,0.3920833098959123,-0.3777901801793165,-0.35816326530612247,-0.6774647887323944,-0.4728813559322034,-12.415179702080131,-0.17940194797715156,-0.41423926036427716,Advertising Agencies,Communication Services,ISIG
2016Q4,2016,Q4,2017-03-07,2016-12-31,-710000.0,5748000.0,-1180000.0,-0.42,980000.0,0.17049408489909534,28228000.0,15109000.0,23935000.0,12085000.0,13119000.0,325000.0,0.0,28391810.72,16124810.719999999,9.089301226505219,1.9805544062887876,0.0,0.0,-0.04443140529248147,9.089301226505219,-0.046991859156793964,4.939424272790536,-9.997116450704224,1.8791323529022435,0.0,14.670769230769231,0.0,0.20362760379764772,1.896648738105089,-0.025152331018846535,-11.244281473267327,0.17049408489909534,-4.999999999999999,-1.3779531687453161,0.7784601702923724,-0.29523087148056343,-0.51,-3.251497005988024,-30.05263157894737,-2.764250142924132,-0.08792492519388931,-0.36733705212595014,Advertising Agencies,Communication Services,ISIG
2016Q3,2016,Q3,2016-10-27,2016-09-30,-167000.0,6469000.0,-38000.0,-0.07,2000000.0,0.30916679548616477,28362000.0,24049000.0,24738000.0,3299000.0,4313000.0,575000.0,6229000.0,27707929.06,16295929.059999999,14.459988660011389,7.498635950287966,0.0,0.0,-0.010149150612371536,14.459988660011389,-0.006944155682148946,4.283185818519091,-41.47893571856287,1.152144748638197,0.0,7.772173913043479,0.0,0.22808687680699527,7.02637162776599,-0.005888160214371342,-13.333940837343599,0.30916679548616477,0.0,0.8739657939808544,1.7457978057763783,0.025833357549903117,-0.054820415879017016,-0.9195402298850575,0.867595818815331,-1.536099600688517,0.004288164790354898,0.07098321370970315,Advertising Agencies,Communication Services,ISIG
2016Q2,2016,Q2,2016-07-28,2016-06-30,-87000.0,6617000.0,-287000.0,-0.07,2116000.0,0.31978237872147497,29365000.0,24243000.0,25558000.0,4095000.0,5122000.0,570000.0,6396000.0,25314127.3,14542127.3,14.614297211028088,6.241269841269841,0.0,0.0,-0.003786569076337378,14.614297211028088,-0.0035886647692117313,3.825619963729787,-72.74174511494253,1.0441829517798953,0.0,7.896491228070175,0.0,0.22533628469266134,5.917948717948718,-0.002962710710028946,-119.40626084905661,0.31978237872147497,0.6666666666666666,0.8274895582260723,0.7621324867521162,-0.03926465166716775,0.07574987290289781,0.7298136645962733,0.4973730297723292,-1.6240495372542816,0.2692051652617914,0.04181776683450347,Advertising Agencies,Communication Services,ISIG
2016Q1,2016,Q1,2016-04-29,2016-03-31,-322000.0,6078000.0,-571000.0,-0.21,1967000.0,0.32362619282658767,29074000.0,24373000.0,25014000.0,3661000.0,4701000.0,488000.0,6483000.0,33128351.549999997,23451351.549999997,14.677499098200677,6.832559409997269,0.0,0.0,-0.013616742560455947,14.677499098200677,-0.013211340417675296,5.450534970384995,-25.72076983695652,1.3592233844828294,0.0,8.424180327868852,0.0,0.20905276191786476,6.5140671947555315,-0.011075187452706886,-51.763049296874996,0.32362619282658767,-1.5999999999999999,-1.0082220041696297,0.6900975295724519,-0.0815121586572299,-0.4187352245862884,-1.5135566188197767,-1.5756048387096775,-1.9005565160696924,-0.034686933359114505,0.05725745922959474,Advertising Agencies,Communication Services,ISIG
2015Q4,2015,Q4,2016-03-18,2015-12-31,627000.0,7449000.0,992000.0,0.35,3384000.0,0.45428916633105115,31714000.0,24720000.0,27289000.0,5992000.0,6994000.0,391000.0,6805000.0,33418228.34,24895228.34,14.860895525259314,4.554238985313751,0.0,0.0,0.024862811312790202,14.860895525259314,0.025364077669902913,4.486270417505706,13.32465244816587,1.3518700784789643,0.0,10.396419437340153,0.0,0.23488049441886863,4.406875834445928,0.01977044838241786,-40.457903559322034,0.45428916633105115,0.0,-0.8699177463981428,0.3743496221172348,0.6368146910973571,-0.03286653329522721,0.11764705882352941,0.0735930735930736,9.614976978628551,0.6325683463805071,0.08989622687119773,Advertising Agencies,Communication Services,ISIG
2015Q3,2015,Q3,2015-10-29,2015-09-30,561000.0,7548000.0,924000.0,0.35,3499000.0,0.46356650768415475,30943000.0,24178000.0,27134000.0,6057000.0,6765000.0,468000.0,6178000.0,30630666.990000002,21535666.990000002,13.97920522396042,4.47977546640251,0.0,0.0,0.02273540874428406,13.97920522396042,0.023202911737943584,4.058116983306837,13.650029852941177,1.2668817515923567,0.0,8.651709401709402,0.0,0.2439323918172123,4.303945847779429,0.018130110202630643,15.48567593023256,0.46356650768415475,1.4999999999999996,-0.2223166053498203,0.14498849066004027,1.2906430034538396,0.17180174146014734,1.244,1.3875968992248062,0.6586145237096033,0.39612178306085677,0.029975840400654125,Advertising Agencies,Communication Services,ISIG
2015Q2,2015,Q2,2015-07-30,2015-06-30,250000.0,6673000.0,387000.0,0.14,2986000.0,0.4474748988460962,31180000.0,25150000.0,27123000.0,5322000.0,6030000.0,449000.0,5617000.0,33341446.32,24629446.32,14.41498654219149,5.096392333709132,0.0,0.0,0.009292073645086007,14.41498654219149,0.009940357852882704,4.996470301213847,33.34144632,1.3257036310139165,0.0,8.211581291759465,0.0,0.21401539448364337,4.927095077038707,0.008017960230917255,60.29194632911393,0.4474748988460962,1.0,-0.5152617777190899,0.01631824879243605,1.5420126746050178,0.06566738044254104,1.6041666666666667,1.4037267080745341,1.5613563968927155,0.5570768014135224,0.07923005893480665,Advertising Agencies,Communication Services,ISIG
2015Q1,2015,Q1,2015-04-30,2015-03-31,96000.0,6541000.0,161000.0,0.07,2802000.0,0.4283748662284054,30449000.0,24716000.0,26136000.0,5025000.0,5733000.0,509000.0,5367000.0,36629943.0,28508943.0,14.169719019218785,5.201194029850746,0.0,0.0,0.0036569819110001903,14.169719019218785,0.0038841236446026865,5.600052438465067,95.3904765625,1.4820336219452985,0.0,7.345776031434185,0.0,0.21481822063121941,4.987860696517413,0.0031528129002594504,34.265615528531335,0.4283748662284054,1.3333333333333335,1.2780039865011623,0.40060072973554556,1.6865892411516186,0.12665862484921592,1.2412060301507537,1.2476923076923077,1.0678600243617642,0.8242504933789453,0.04422854173445162,Advertising Agencies,Communication Services,ISIG
2014Q4,2014,Q4,2015-03-04,2014-12-31,-398000.0,6038000.0,-650000.0,-0.21,2487000.0,0.4118913547532295,30527000.0,24559000.0,26004000.0,5260000.0,5968000.0,523000.0,5271000.0,47494614.16,40257614.16,12.9582806573957,4.943726235741445,0.0,0.0,-0.016641100353039624,12.9582806573957,-0.016205871574575512,7.865951334879099,-29.833300351758794,1.9338985365853658,0.0,6.789674952198853,0.0,0.19779211845251746,4.698479087452472,-0.01303763881154388,11873.65354,0.4118913547532295,-2.0,-1.3484419585046175,-0.2232018367685677,1.3975835606715903,-0.32946885953087085,-1.9386792452830188,-1.775656324582339,-0.1691492306711175,0.6385602687600961,0.004763285805906465,Advertising Agencies,Communication Services,ISIG
2014Q3,2014,Q3,2014-11-05,2014-09-30,424000.0,7520000.0,838000.0,0.21,3709000.0,0.493218085106383,31283000.0,25399000.0,26504000.0,5142000.0,5884000.0,396000.0,5669000.0,43389298.54,35209298.54,12.579703483724492,5.154414624659665,0.0,0.0,0.016438557195896153,12.579703483724492,0.01669357061301626,5.769853529255319,25.583312818396223,1.7083073561951256,0.0,9.623737373737374,0.0,0.24038615222325224,4.885258654220148,0.013553687306204648,-71.48154619439867,0.493218085106383,1.9999999999999996,-0.5395337382632573,0.0136487251042262,1.679799112494029,0.2776438167413021,5.057142857142857,6.482142857142857,1.2635849876581733,1.629251312949397,-0.10755950332251887,Advertising Agencies,Communication Services,ISIG
2014Q2,2014,Q2,2014-08-06,2014-06-30,70000.0,6344000.0,112000.0,0.07,2903000.0,0.45759773013871374,31173000.0,26295000.0,26298000.0,4136000.0,4878000.0,340000.0,5245000.0,41903978.06,22417978.060000002,14.319688196209407,6.358317214700193,0.0,0.0,0.0025267418888040194,14.319688196209407,0.0026621030614185207,6.605292884615385,149.6570645,1.5936101182734361,0.0,10.120588235294118,0.0,0.20350944727809323,6.148452611218569,0.00224553299329548,-96.11004142201836,0.45759773013871374,0.0,-0.25100765563319544,0.29340233499030216,2.423550737142484,0.0819977636973537,-0.391304347826087,-0.32934131736526945,1.1253900245062283,0.526192834235037,-0.05863207593579643,Advertising Agencies,Communication Services,ISIG
2014Q1,2014,Q1,2014-05-01,2014-03-31,115000.0,6403000.0,167000.0,0.07,2683000.0,0.4190223332812744,31491000.0,26466000.0,26674000.0,4283000.0,5025000.0,407000.0,5175000.0,38816020.74,18486020.740000002,14.413925727926124,6.227877655848705,0.0,0.0,0.004194497116815598,14.413925727926124,0.00434519761203053,6.062161602373887,84.38265378260868,1.466637222851961,0.0,9.14004914004914,0.0,0.20332793496554571,6.024282045295354,0.003651837032803023,-24.59823874524715,0.4190223332812744,-0.6666666666666666,-0.8972246560699623,0.21828938318133376,2.5661718886834874,-0.19886533293520453,-0.7392290249433107,-0.7641242937853108,-0.9973443516977886,0.6102209429116779,-0.0980060405017596,Advertising Agencies,Communication Services,ISIG
2013Q4,2013,Q4,2014-03-05,2013-12-31,441000.0,6906000.0,708000.0,0.21,3349000.0,0.4849406313350709,31572000.0,26170000.0,26863000.0,4660000.0,5402000.0,307000.0,5060000.0,34810183.589999996,13047183.589999996,14.366735490118684,5.764592274678112,0.0,0.0,0.01666307320207581,14.366735490118684,0.01685135651509362,5.040571038227627,19.733664166666664,1.3301560408865112,0.0,11.586319218241043,0.0,0.2187381223869251,5.592489270386266,0.013968072976054732,34.06084499999999,0.4849406313350709,0.0,1.2471281340416747,-0.029822947178118047,3.3828126337576476,0.008734939759036145,0.2457627118644068,0.3014705882352941,-0.9164499027887348,0.16354634369171828,0.5823867191156851,Advertising Agencies,Communication Services,ISIG
2013Q3,2013,Q3,2013-11-06,2013-09-30,354000.0,7320000.0,544000.0,0.21,3320000.0,0.453551912568306,31907000.0,25518000.0,26980000.0,5546000.0,6389000.0,343000.0,4619000.0,35350522.592,14615522.592,13.50160158899639,4.864767399927876,0.0,0.0,0.013721223521364597,13.50160158899639,0.013872560545497296,4.829306365027322,24.965058327683618,1.3853171326906497,0.0,11.661807580174926,0.0,0.22941674240762217,4.642625315542734,0.011094744100040743,278.35057159055117,0.453551912568306,1.9999999999999996,2.6356755216497207,-0.0007094894182331955,2.113143716072396,0.30657221566312476,1.1585365853658536,2.2189349112426036,-0.5509240734623573,0.016147747397252107,1.2123825152982382,Advertising Agencies,Communication Services,ISIG
2013Q2,2013,Q2,2013-08-07,2013-06-30,164000.0,6133000.0,169000.0,0.07,2541000.0,0.4143159954345345,33433000.0,27374000.0,28213000.0,5216000.0,6059000.0,365000.0,4265000.0,31417958.6,8487958.600000001,14.027690519650758,5.408934049079755,0.0,0.0,0.005752804585638662,14.027690519650758,0.0059910864323810915,5.122771661503343,47.89322957317074,1.1477299115949442,0.0,9.841095890410958,0.0,0.18344150988544253,5.19670245398773,0.004905333054168038,9.041139165467627,0.4143159954345345,-0.6666666666666666,-0.5434846107410684,-0.07633647323666279,2.0551174128627996,-0.2813914027149321,-0.6095238095238096,-0.826844262295082,-0.7156961333985791,-0.16487165427378517,1.4737149071918418,Advertising Agencies,Communication Services,ISIG
2013Q1,2013,Q1,2013-05-07,2013-03-31,420000.0,7396000.0,976000.0,0.21,3536000.0,0.4780962682531098,32926000.0,27079000.0,27657000.0,5004000.0,5847000.0,325000.0,4101000.0,27581045.66,8120045.66,13.88261579057188,5.526978417266187,0.0,0.0,0.015399725087557948,13.88261579057188,0.015510173935521992,3.7291841076257435,16.417289083333333,1.0185400369289856,0.0,11.876923076923077,0.0,0.224624916479378,5.277977617905676,0.012755876814675332,-30.308841384615384,0.4780962682531098,1.9999999999999996,2.99813233984545,0.28671006599742715,2.2000133442159235,0.5059625212947189,5.086956521739131,3.6923076923076925,2.087638848299986,0.4161939410090464,1.6321542559457372,Advertising Agencies,Communication Services,ISIG
2012Q4,2012,Q4,2013-03-18,2012-12-31,69000.0,5330000.0,208000.0,0.07,2348000.0,0.44052532833020636,31706000.0,26495000.0,26159000.0,4368000.0,5211000.0,310000.0,3681000.0,23259385.8,2988385.8000000007,13.635147235917124,5.988782051282051,0.0,0.0,0.0025194749338400845,13.635147235917124,0.00260426495565201,4.36386225140713,84.27313695652174,0.8778783091149274,0.0,9.619354838709677,0.0,0.16810698290544376,5.690247252747253,0.0021762442439916736,46.79956901408451,0.44052532833020636,-0.6666666666666666,-0.926938649591675,0.22684694086259735,2.110724209414185,-0.0828125,-0.8184210526315789,-0.5630252100840336,-0.9410809589065324,-0.3311919440692458,1.5228196335995818,Advertising Agencies,Communication Services,ISIG
2012Q3,2012,Q3,2012-11-05,2012-09-30,380000.0,6074000.0,476000.0,0.21,2560000.0,0.421468554494567,32609000.0,26373000.0,26831000.0,5486000.0,6236000.0,339000.0,3612000.0,23123366.0,3349366.0,13.572362259024054,4.890812978490704,0.0,0.0,0.014229314433078089,13.572362259024054,0.014408675539377393,3.806942048073757,15.212740789473687,0.8767817844007129,0.0,10.365781710914455,0.0,0.18626759483578154,4.598614655486694,0.011653224569904015,138.46326946107786,0.421468554494567,1.7499999999999998,2.216167994100444,0.06810358533344435,2.7957774293887145,0.713520749665328,1.7661290322580645,1.6666666666666667,-0.5711971366225774,-0.14928018767414591,1.8912608618507465,Advertising Agencies,Communication Services,ISIG
2012Q2,2012,Q2,2012-07-31,2012-06-30,-496000.0,4773000.0,-714000.0,-0.28,1494000.0,0.3130106851037084,31000000.0,25954000.0,24924000.0,4296000.0,5046000.0,305000.0,3232000.0,25435702.6,5828702.6000000015,13.356731887563429,5.801675977653631,0.0,0.0,-0.019299949568047658,13.356731887563429,-0.019110734376204055,5.329080787764509,-12.820414616935484,0.9800301533482314,0.0,10.750819672131147,0.0,0.15396774193548388,5.470903165735568,-0.016,-38.07739910179641,0.3130106851037084,0.666667063491591,-1.467047145333484,-0.22739621157444145,3.2935791505123007,0.66,0.6854787571337984,0.6832298136645962,-6.0152956180577455,-0.08040326130650664,2.1933271641757464,Advertising Agencies,Communication Services,ISIG
2012Q1,2012,Q1,2012-05-03,2012-03-31,-1577000.0,3997000.0,-2254000.0,-0.840001,900000.0,0.22516887665749313,31367000.0,26385000.0,24987000.0,4232000.0,4982000.0,359000.0,3728000.0,24635877.419999998,4360877.419999998,13.569557288371993,5.90430056710775,0.0,0.0,-0.05995500369852832,13.569557288371993,-0.059768808034868295,6.163592049036777,-3.9054973715916295,0.9337076907333712,0.0,8.62674094707521,0.0,0.12742691363534925,5.262996219281663,-0.05027576752638123,-8.659359374340948,0.22516887665749313,-3.6765973199484536,-5.154758342667225,-0.2586124421662528,4.434346836520394,0.3353115727002967,-3.064432989690722,-0.02407996365288505,-2.330875408553794,-0.28184909083245113,2.357265373576674,Advertising Agencies,Communication Services,ISIG
2011Q4,2011,Q4,2012-03-07,2011-12-31,-388000.0,4200000.0,-2201000.0,-0.17961798772301796,674000.0,0.16047619047619047,34594000.0,27859000.0,27856000.0,5185000.0,6735000.0,321000.0,5305000.0,30393169.8,7191169.800000001,12.896849278287519,5.372420443587271,0.0,0.0,-0.013978082941839215,12.896849278287519,-0.013927276643095588,7.2364690000000005,-19.583227963917526,1.0909641336731397,0.0,10.984423676012462,0.0,0.12140833670578713,4.988428158148506,-0.011215817771867954,-4.786325952755906,0.16047619047619047,0.7667301890218091,-1.6682135991824285,-0.23819153897457798,4.72350605716831,2.9647058823529413,0.7745496804183614,0.22226148409893992,0.8166507854174252,-0.5024491845199884,2.93439929282639,Advertising Agencies,Communication Services,ISIG
2011Q3,2011,Q3,2011-11-03,2011-09-30,-1721000.0,3060000.0,-2830000.0,-0.770001,170000.0,0.05555555555555555,42010000.0,30449000.0,35724000.0,10408000.0,11561000.0,433000.0,5693000.0,35685512.8,3755512.799999997,14.095845639634469,3.432359723289777,0.0,0.0,-0.05678157368140839,14.095845639634469,-0.056520739597359516,11.661932287581699,-5.183833933759442,1.171976511543893,0.0,6.674364896073903,0.0,0.0728398000476077,3.3006341275941584,-0.04096643656272316,-5.422506123689408,0.05555555555555555,-1.7500035714285713,-8.539761376739875,-0.40208126833719826,6.2158422981701,-0.9122807017543859,-1.5496296296296297,-1.4824561403508771,-5.957515913411561,-0.6345049038740794,2.2501620631079833,Advertising Agencies,Communication Services,ISIG
2011Q2,2011,Q2,2011-08-09,2011-06-30,-675000.0,5026000.0,-1140000.0,-0.28,1938000.0,0.38559490648627137,51565000.0,33774000.0,45019000.0,16638000.0,17791000.0,434000.0,0.0,58127008.94,17839008.939999998,15.211574380383041,2.705793965620868,0.0,0.0,-0.020360856289504226,15.211574380383041,-0.019985787884171255,11.565262423398329,-21.52852182962963,1.721057882986913,0.0,7.11520737327189,0.0,0.09746921361388539,2.6271186440677967,-0.013090274410937651,-3.3471731509846827,0.38559490648627137,-1.0126182840197275,-1.689170647389259,-0.16798113827901723,7.5131116981669015,-0.0481335952848723,-1.012529467451228,-1.0129836110383472,-2.6514259339144015,-0.33471601712949767,2.3129577318136403,Advertising Agencies,Communication Services,ISIG
2011Q1,2011,Q1,2011-05-10,2011-03-31,53873000.0,4947000.0,87803000.0,22.190022,2036000.0,0.4115625631695977,99273000.0,36503000.0,94304000.0,61570000.0,62770000.0,433000.0,9119000.0,113688764.91000001,23448764.91000001,15.980069019469129,1.5316550267987656,0.0,0.0,1.4754984023105198,15.980069019469129,1.4758512998931594,22.98135534869618,0.5275776590778313,3.1145046957784293,0.0,6.722863741339492,0.0,0.04983228068054758,1.5114828650316712,0.5426752490606711,1.3695461488700431,0.4115625631695977,6.657935949114749,78.3942536919724,-0.14078635491622402,11.133909520134422,-0.4048523823443438,7.3201544401544405,382.75217391304346,219.85553223921903,-0.26508499187033063,2.68348695052996,Advertising Agencies,Communication Services,ISIG
2010Q4,2010,Q4,2011-03-16,2010-12-31,6475000.0,7281000.0,-230000.0,2.8976505088900812,3421000.0,0.4698530421645378,25631000.0,20288000.0,17848000.0,5343000.0,5343000.0,414000.0,-13419000.0,102673976.412,89477976.412,9.079155756658219,3.3404454426352235,0.0,0.0,0.3205478661854449,9.079155756658219,0.3191541798107255,14.101631151215493,3.9642461935135134,5.060822969834385,0.0,9.323671497584542,0.0,0.28407007139791657,3.167321729365525,0.25262377589637547,76.85177875149701,0.4698530421645378,7.279001453971661,5.73689604242768,0.7701122030750933,8.390879280079389,-0.23553072625698324,5.947424892703863,-1.2467811158798283,4.961955079480652,0.457352226299213,1.071319738952509,Advertising Agencies,Communication Services,ISIG
2010Q3,2010,Q3,2010-11-05,2010-09-30,932000.0,8517000.0,932000.0,0.35,4475000.0,0.5254197487378185,20173000.0,13637000.0,18881000.0,6536000.0,6536000.0,529000.0,-19894000.0,108398942.19,98341942.19,6.102742855557381,2.8887698898408813,0.0,0.0,0.06834347730439246,6.102742855557381,0.06834347730439246,12.72736200422684,29.07696947156652,7.948884812642076,0.0,7.640831758034026,0.0,0.4221979874089129,2.752141982864137,0.046200366826946906,119.91033428097344,0.5254197487378185,0.2499999999999998,3.069135529541093,0.5456046945976029,2.8661047364644534,0.02991944764096663,0.42507645259938837,0.43164362519201227,3.5937983402527656,0.30237351223487263,0.7067517906167083,Advertising Agencies,Communication Services,ISIG
2010Q2,2010,Q2,2010-08-09,2010-06-30,654000.0,8326000.0,651000.0,0.28,4345000.0,0.5218592361277925,17960000.0,12546000.0,16877000.0,5414000.0,5414000.0,403000.0,-20826000.0,81151785.67999999,72902785.67999999,5.6706981386044095,3.1172885112670854,0.0,0.0,0.05188904830224773,5.6706981386044095,0.05212816834050694,9.746791458083113,31.021324801223244,6.468339365534832,0.0,9.878411910669975,0.0,0.4635857461024499,2.999445881049132,0.03641425389755011,115.6008343019943,0.5218592361277925,2.3333333333333335,2.2470843368427333,0.4946732226002503,2.181439792871376,0.48293515358361777,2.503448275862069,2.453125,-0.4591309481440121,0.18368772485490362,0.8228704073509973,Advertising Agencies,Communication Services,ISIG
2010Q1,2010,Q1,2010-05-17,2010-03-31,-435000.0,5883000.0,-448000.0,-0.21,2930000.0,0.4980452150263471,15891000.0,11589000.0,14803000.0,4302000.0,4302000.0,482000.0,-21480000.0,100899235.36,94266235.36,5.27424096031326,3.4409576940957693,0.0,0.0,,5.27424096031326,-0.03753559409785141,17.150983403025666,-57.988066298850576,8.706466076451807,0.0,6.126556016597511,0.0,0.37020955257693033,3.2663877266387726,-0.027373985274683783,-40.52178126907631,0.4980452150263471,-1.348441573292402,0.5985986617098159,0.15407032731865744,1.611699808615009,-0.4093932674863939,-1.3338449731389102,-1.3345780433159073,-2.0141653215086612,-0.03435962194693943,1.1122321140340887,Advertising Agencies,Communication Services,ISIG
2009Q4,2009,Q4,2010-03-31,2009-12-31,1303000.0,8867000.0,1339000.0,0.60268353748872,4961000.0,0.5594902447276419,17839000.0,11685000.0,16870000.0,6154000.0,6154000.0,389000.0,-21045000.0,72340419.62,63762419.620000005,5.404725353457938,2.7413064673383167,0.012276472896462807,0.018741976893453145,0.10808673171012148,5.404725353457938,0.1115104835258879,8.158387235818203,13.879589336147353,6.190878872058194,0.0,10.041131105398458,0.0,0.49705700992208085,2.614072148196295,0.07304221088626044,30.652720177966103,0.5594902447276419,0.43496080354457134,5.885593738756463,0.24377721159470794,0.8062535378093142,0.20062923523717327,0.32150101419878296,0.3497983870967742,1.2420991397273462,0.6069413339609463,1.3985686449733512,Advertising Agencies,Communication Services,ISIG
2009Q3,2009,Q3,2009-11-13,2009-09-30,986000.0,7944000.0,992000.0,0.42,4132000.0,0.5201409869083585,16570000.0,10149000.0,15709000.0,6202000.0,6421000.0,467000.0,-22348000.0,57357780.410000004,48656780.410000004,4.694271083632401,2.532892615285392,0.0,0.0,0.09523242033620011,4.694271083632401,0.09715242881072027,7.220264402064451,14.543047771298175,5.6515696531678,0.0,8.162740899357601,0.0,0.47942063971031984,2.3997097710415995,0.059505129752564875,24.97073592076622,0.5201409869083585,4.999999999999999,1.575249607183686,0.22705381594660898,1.851574488667214,0.3659504132231405,7.963636363636364,6.936,3.315990278935502,0.5509106570422748,1.4030569509861532,Advertising Agencies,Communication Services,ISIG
2009Q2,2009,Q2,2009-08-12,2009-06-30,110000.0,5773000.0,125000.0,0.07,3025000.0,0.523990992551533,14300000.0,9040000.0,13371000.0,5041000.0,5260000.0,428000.0,-23334000.0,42966306.04,36483306.04,4.1827007384039945,2.6524499107319977,0.015314685314685314,0.024225663716814158,0.010171517679207346,4.1827007384039945,0.012168141592920354,7.442630528321496,97.65069554545454,4.752909960176991,0.0,6.420560747663552,0.0,0.4037062937062937,2.5163658004364216,0.007692307692307693,-64.4172504347826,0.523990992551533,-0.8888890652554519,1.042309016632955,-0.06138532535261214,0.7149198113974895,-0.06143344709897611,-0.9164768413059985,-0.9030256012412723,-0.8846248229170254,-0.01823184452772996,1.3408358461539958,Advertising Agencies,Communication Services,ISIG
2009Q1,2009,Q1,2009-05-14,2009-03-31,1317000.0,6186000.0,1289000.0,0.630001,3223000.0,0.5210151956029745,13869000.0,8735000.0,12859000.0,4915000.0,5134000.0,458000.0,-23444000.0,30255960.0,22081960.0,4.041848283776155,2.6162767039674466,0.0,0.0,,4.041848283776155,0.15077275329135661,4.891037827352085,5.743348519362187,3.463761877504293,0.0,6.46943231441048,0.0,0.4460307159852909,2.4742624618514752,0.09495998269521956,-16.77159645232816,0.5210151956029745,1.6430880893419237,1.7452136934592382,0.08370879056405839,0.10893279787240241,-0.2927364494184771,1.6060745513115509,17.1125,1.0514960783391099,0.1356282217091683,2.0690368927505256,Advertising Agencies,Communication Services,ISIG
2008Q4,2008,Q4,2009-03-30,2008-12-31,-2173000.0,8668000.0,-80000.0,-0.9796496163452262,4557000.0,0.5257268112598061,15593000.0,7271000.0,14499000.0,8103000.0,8322000.0,442000.0,-24761000.0,15216440.4,4585440.4,3.2779716338914584,1.7893372824879674,0.02699929455524915,0.05790125154724247,-0.010400416016640665,3.2779716338914584,-0.29885847888873607,1.7554730502999538,-1.7506259088817304,2.0927575849264204,0.0,9.300904977375566,0.0,0.5558904636695954,1.7054177465136369,-0.13935740396331686,4.97269294117647,0.5257268112598061,-5.997497259608758,0.4762199240227303,0.29937375591504684,-0.26067784598804566,0.012891753723049567,-7.55511811023622,0.8415841584158416,-0.6014693201938275,1.1229192917122595,2.3905174360319212,Advertising Agencies,Communication Services,ISIG
2008Q3,2008,Q3,2008-11-14,2008-09-30,-254000.0,8597000.0,-505000.0,-0.14,4499000.0,0.5233220891008491,16922000.0,9620000.0,13820000.0,6904000.0,7302000.0,515000.0,-22588000.0,30432880.8,22189880.8,4.336967008394421,2.0017381228273465,0.0054958042784540835,0.009667359667359668,-0.02864644807046843,4.336967008394421,-0.026403326403326405,3.539941933232523,-29.95362283464567,3.1635011226611227,0.0,7.957281553398058,0.0,0.5080368750738683,1.7878041714947857,-0.015010046093842336,17.3902176,0.5233220891008491,-1.6666666666666665,-2.425536518281276,-0.03828989136668377,-0.30957643400243057,0.047741034000931534,-1.6195121951219513,-1.8662092624356776,0.43191730709313014,0.5716778175624043,1.747480778708371,Advertising Agencies,Communication Services,ISIG
2008Q2,2008,Q2,2008-08-14,2008-06-30,410000.0,7578000.0,583000.0,0.21,4294000.0,0.5666402744787543,15968000.0,10226000.0,13593000.0,5344000.0,5742000.0,578000.0,-22334000.0,25879366.799999997,18925366.799999997,4.591538924360391,2.5436002994011977,0.01002004008016032,0.015646391550948564,0.037300867237750855,4.591538924360391,0.04009387834930569,3.4150655581947738,15.780101707317073,2.530741912771367,0.0,5.681660899653979,0.0,0.47457414829659317,2.2535553892215567,0.025676352705410823,51.144993675889324,0.5666402744787543,2.4999999999999996,12.551234436690217,-0.17839898115588365,-0.2616463081111847,0.21505376344086022,2.7083333333333335,2.962962962962963,1.7766461050042712,0.35140550603471526,1.5759975733910283,Advertising Agencies,Communication Services,ISIG
2008Q1,2008,Q1,2008-05-15,2008-03-31,-240000.0,6563000.0,-297000.0,-0.14,3534000.0,0.5384732591802529,14800000.0,9662000.0,12486000.0,4740000.0,5138000.0,494000.0,-22744000.0,40066248.599999994,33618248.599999994,4.338299343552718,2.6341772151898732,0.01527027027027027,0.023390602359759885,-0.030036407766990292,4.338299343552718,-0.02483957772717864,6.104867987200974,-41.73567562499999,4.146786234734009,0.0,6.131578947368421,0.0,0.44344594594594594,2.2949367088607593,-0.016216216216216217,-53.421664799999995,0.5384732591802529,-1.2880518918918917,0.834569943282232,-0.21735067116775392,-0.3043507115782593,0.46274834437086093,-1.2236719478098788,0.7439655172413793,0.7815061192004044,0.27020643440763886,1.1482400312249472,Advertising Agencies,Communication Services,ISIG
2007Q4,2007,Q4,2008-03-31,2007-12-31,1073000.0,4936000.0,-1160000.0,0.4860235393022278,2416000.0,0.48946515397082657,13340000.0,9677000.0,10992000.0,3241000.0,3663000.0,397000.0,-22504000.0,43425695.04000001,36298695.04000001,4.383271006363149,3.3915458191916077,0.019940029985007497,0.027487857807171643,0.1142167287847299,4.383271006363149,0.11088147153043298,8.797750210696922,10.117822702702703,4.487516279838793,0.0,6.347607052896725,0.0,0.37001499250374814,2.9460043196544277,0.08043478260869565,78.81251368421054,0.48946515397082657,4.471596709301626,1.4326285111316996,-0.560872409752342,-0.39531564052269863,-0.3303769401330377,4.022535211267606,-2.1955922865013773,4.552765972424311,-0.32196251122185005,0.46488456760433744,Advertising Agencies,Communication Services,ISIG
2007Q3,2007,Q3,2007-11-14,2007-09-30,-355000.0,6461000.0,-363000.0,-0.14,3608000.0,0.5584274880049528,11554000.0,7894000.0,11119000.0,3169000.0,3660000.0,496000.0,-23577000.0,72788264.64,66173264.64,3.5756475482309287,3.5086778163458505,0.02250302925393803,0.032936407398023816,-0.05081639847722341,3.5756475482309287,-0.04497086394730175,11.265789295774647,-51.25934129577464,9.220707453762351,0.0,5.752016129032258,0.0,0.55920027696036,3.066266961186494,-0.030725289942876925,39.623442917800766,0.5584274880049528,-1.2857142857142858,0.4977442824025508,-0.10097652602184017,0.3913974887059671,-0.1326923076923077,-1.2963272120200333,-1.308411214953271,0.797175488983696,-0.022680003747070614,1.1720572049092242,Advertising Agencies,Communication Services,ISIG
2007Q2,2007,Q2,2007-08-14,2007-06-30,1198000.0,6969000.0,1177000.0,0.49,4160000.0,0.5969292581432056,10667000.0,6819000.0,10173000.0,3290000.0,3848000.0,590000.0,-23222000.0,64321959.968,59794959.968,3.1108619218000753,3.09209726443769,0.02371800881222462,0.037102214400938555,0.1656016051322139,3.1108619218000753,0.17568558439653909,9.229725924522887,13.422779626043406,9.432755531309578,0.0,4.761016949152542,0.0,0.6533233336458236,2.662917933130699,0.11230899034405174,51.21175156687898,0.5969292581432056,1.3333333333333335,3.1807423476551153,-0.1575135023893802,0.07912593676742294,0.2388326384752829,1.8056206088992974,1.756440281030445,1.454327208385097,0.11719228746541102,0.2754626911827936,Advertising Agencies,Communication Services,ISIG
2007Q1,2007,Q1,2007-05-15,2007-03-31,427000.0,6065000.0,427000.0,0.21,3358000.0,0.5536685902720527,9956000.0,5462000.0,9443000.0,3870000.0,4494000.0,495000.0,-24420000.0,51907618.980000004,48599618.980000004,2.496998755615047,2.4400516795865634,0.03756528726396143,0.06847308678139875,0.07149226061548065,2.496998755615047,0.07817649212742585,8.558552181368508,30.39087762295082,9.50340882094471,0.0,5.468686868686869,0.0,0.6091803937324226,2.074418604651163,0.0428887103254319,-617.947845,0.5536685902720527,-0.21875944827586216,-0.06725286655917759,-0.2953981129157352,-0.0461142304430911,0.10678971654581411,-0.2637931034482759,-0.24156305506216696,1.2387110144427194,0.04974307296234125,-0.3149164387335392,Advertising Agencies,Communication Services,ISIG
