Quarters,Year,Quarter,FillingDate,Date,NetIncome,Revenue,OperatingIncome,EPSDiluted,GrossProfit,GrossProfitRatio,TotalAssets,CommonStockEquity,CurrentAssets,CurrentLiability,TotalLiability,Inventory,RetainedEarnings,MarketCap,EnterpriseValue,bookValuePerShare,currentRatio,debtToAssets,debtToEquity,roic,shareholdersEquityPerShare,roe,priceToSalesRatio,peRatio,pbRatio,payoutRatio,inventoryTurnover,dividendYield,assetTurnover,quickRatio,returnOnAssets,priceToFreeCashFlowsRatio,grossProfitMargin,epsdilutedGrowth,fiveYNetIncomeGrowthPerShare,fiveYRevenueGrowthPerShare,fiveYShareholdersEquityGrowthPerShare,grossProfitGrowth,netIncomeGrowth,operatingIncomeGrowth,threeYNetIncomeGrowthPerShare,threeYRevenueGrowthPerShare,threeYShareholdersEquityGrowthPerShare,Industry,Sector,Symbol
2023Q1,2023,Q1,2023-05-02,2023-03-31,12675000.0,251599000.0,18608000.0,0.78,78415000.0,0.3116665806,931083000.0,648886000.0,209210000.0,124659000.0,282197000.0,0.0,252991000.0,1729975445.16,1819012445.16,40.04396105957039,1.6782582886113317,0.17461386364051326,0.25055248533640734,0.016765536425125512,40.04396105957039,0.019533477375070506,6.875923374735194,34.12180365207101,2.6660699185373087,0.0,0.0,0.0,0.27022188140047665,1.5962265059081173,0.013613179490979859,95.99242288092331,0.3116665805507971,-0.14285714285714285,0.8519636023705108,0.6317103572629994,1.5471910901232637,-0.004494153791466186,-0.14137650724834033,-0.10598635533775344,0.40204755977159196,0.26675966117864297,0.27656536392884445,Medical Care Facilities,Healthcare,ADUS
2022Q4,2022,Q4,2023-02-28,2022-12-31,14762000.0,247050000.0,20814000.0,0.91,78769000.0,0.3188382918,937994000.0,633540000.0,222807000.0,131146000.0,304454000.0,0.0,240316000.0,1604574720.0,1702665720.0,39.28199404761905,1.6989233373492139,0.1898221097363096,0.2810430280645263,0.01984613886050185,39.28199404761905,0.023300817627931937,6.494939162112932,27.174073973716297,2.5327125674779807,0.0,0.0,0.0,0.2633812156580959,1.5666661583273604,0.015737840540557827,85.09624098430209,0.31883829184375634,0.28169014084507055,2.2840220861118454,0.5915030834542344,1.6098249643700295,0.04766908292877569,0.27887031101100235,0.1882849965745604,0.4218799528695362,0.2508881671551552,0.2818072331431144,Medical Care Facilities,Healthcare,ADUS
2022Q3,2022,Q3,2022-11-01,2022-09-30,11543000.0,240495000.0,17516000.0,0.71,75185000.0,0.3126260421,945933000.0,614837000.0,240142000.0,128188000.0,331096000.0,0.0,225554000.0,1532411600.0,1638358600.0,38.21236793039155,1.87335788061285,0.22368497557438,0.3441416180223376,0.015477121900232801,38.21236793039155,0.01877408158585121,6.371906276637768,33.189196915879755,2.492386762670431,0.0,0.0,0.0,0.2542410508989537,1.809038287515212,0.012202767003582707,90.19491465567981,0.31262604212145784,0.0142857142857143,1.417864046720764,0.5809603846805069,1.547786950998301,-0.005463107489616127,0.026044444444444443,0.03681780513791879,1.2934167819882076,0.36957660697489353,0.26502428280926776,Medical Care Facilities,Healthcare,ADUS
2022Q2,2022,Q2,2022-08-02,2022-06-30,11250000.0,236940000.0,16894000.0,0.7,75598000.0,0.3190596776,964528000.0,599777000.0,256372000.0,128004000.0,364751000.0,0.0,214011000.0,1339225680.0,1463695680.0,37.29724519619427,2.0028436611355893,0.25441148416634873,0.4091303934629037,0.01432586182209357,37.29724519619427,0.018756971341015078,5.65217219549253,29.76057066666667,2.2328726843476825,0.0,0.0,0.0,0.2456538327555032,1.9176822599293772,0.011663736044987808,23.878500133725595,0.3190596775554993,0.32075471698113195,2.0120950189664817,0.6539807308929249,1.5787486047352046,0.07710939503604708,0.3282172373081464,0.25020350773329386,0.675882871889115,0.3011058490694762,0.7039335946671957,Medical Care Facilities,Healthcare,ADUS
2022Q1,2022,Q1,2022-05-03,2022-03-31,8470000.0,226634000.0,13513000.0,0.53,70186000.0,0.3096887493,987211000.0,585778000.0,276229000.0,104357000.0,401433000.0,2070000.0,202761000.0,1475008190.0,1656187190.0,37.048763519069006,2.6469618712688177,0.30990537990358696,0.5222831857802785,0.010344842716077452,37.048763519069006,0.014459402708876058,6.508327038308462,43.53625118063755,2.518032753022476,0.0,75.57874396135266,0.0,0.22956997035081658,2.558304665714806,0.008579726117314333,302.3177269932363,0.3096887492609229,-0.34567901234567905,0.4381845517301559,0.6130378516197783,1.5741065217845207,-0.03584037365203654,-0.35135549088681267,-0.30830262080262083,0.45197326679317984,0.3564617429079072,0.7335939809049219,Medical Care Facilities,Healthcare,ADUS
2021Q4,2021,Q4,2022-02-25,2021-12-31,13058000.0,224642000.0,19536000.0,0.81,72795000.0,0.3240489312,947585000.0,574344000.0,324341000.0,117689000.0,373241000.0,0.0,194291000.0,1490549400.0,1585199400.0,36.03161856963614,2.755916015940317,0.27812280692497243,0.4588626328472135,0.01625607372276393,36.03161856963614,0.02273550346134024,6.635221374453575,28.53709220401287,2.5952206343236806,0.0,0.0,0.0,0.23706791475171093,2.676248417439183,0.013780294116095127,62.70716870004207,0.3240489311882907,0.1250000000000001,0.24773833097689263,0.5672002322807154,1.6133624487327325,0.08574709900665214,0.1279260602919582,0.12534562211981568,1.2392294197785634,0.3231693810301981,0.7164950308857523,Medical Care Facilities,Healthcare,ADUS
2021Q3,2021,Q3,2021-11-02,2021-09-30,11577000.0,216662000.0,17360000.0,0.72,67046000.0,0.309449741994443,924915000.0,558051000.0,299707000.0,112533000.0,366864000.0,0.0,181233000.0,1269061750.0,1380611750.0,35.0688745051216,2.6632809931309036,0.28535487044755464,0.4729478130135059,0.014717657189926486,35.0688745051216,0.02074541574157201,5.857334234891213,27.40480586507731,2.2740963639523986,0.0,0.0,0.0,0.23425071493056118,2.5780882052375746,0.012516825870485396,78.13938489009297,0.309449741994443,0.0,3.9089292066222203,0.5080582627807596,1.6719852807485929,-0.02563580874872838,-0.0017245839441234802,0.018301267010793053,1.6870581608987874,0.29564566747811133,0.71501082630812,Medical Care Facilities,Healthcare,ADUS
2021Q2,2021,Q2,2021-08-04,2021-06-30,11597000.0,217893000.0,17048000.0,0.72,68810000.0,0.3157972032144218,889160000.0,544055000.0,290410000.0,116944000.0,345105000.0,0.0,169656000.0,1388599080.0,1487846080.0,34.180750141358295,2.483325352305377,0.2683960142156642,0.4386449899366792,0.015120529673560954,34.180750141358295,0.0213158596097821,6.372848508212747,29.93444597740795,2.552313791804137,0.0,0.0,0.0,0.2450548832606055,2.3997639896018605,0.013042646992667236,97.65799845277445,0.3157972032144218,0.3090909090909089,2.210008529825392,0.5537093932485789,1.6398717139474595,0.12440152295047142,0.30391275016865305,0.40082169268693507,0.9555160249273675,0.20300673857892748,1.115307505300443,Medical Care Facilities,Healthcare,ADUS
2021Q1,2021,Q1,2021-05-07,2021-03-31,8894000.0,205302000.0,12170000.0,0.55,61197000.0,0.2980828243270889,877577000.0,529910000.0,275140000.0,118088000.0,347667000.0,0.0,158059000.0,1663294770.0,1777679770.0,33.32138590203106,2.329957319964772,0.27340278972671345,0.4527787737540337,0.012100566789937688,33.32138590203106,0.01678398218565417,8.101697840254845,46.753282268945355,3.138825026891359,0.0,0.0,0.0,0.23394186493037078,2.266580854955626,0.010134723220868369,-85.79433486356837,0.2980828243270889,0.03773584905660381,38.668669653724756,0.5524691431588242,1.6059902619918383,0.03541215484569572,0.05266895490590603,0.03875042676681461,0.32414004239938893,0.356686972092336,1.1195689695619495,Medical Care Facilities,Healthcare,ADUS
2020Q4,2020,Q4,2021-03-01,2020-12-31,8449000.0,195996000.0,11716000.0,0.53,59104000.0,0.30155717463621706,892582000.0,518676000.0,287697000.0,143901000.0,373906000.0,0.0,149165000.0,1853066340.0,1947659340.0,32.7736635915582,1.9992703316863678,0.2685142653560121,0.46208230186089194,0.011324046375793309,32.7736635915582,0.016289552630158327,9.45461305332762,54.83093679725411,3.5726857228790228,0.0,0.0,0.0,0.21958318675483038,1.9465882794421165,0.009465796979997356,52.68284357764258,0.30155717463621706,-0.0701754385964911,0.7856697608777904,0.6230091556674588,1.5686878566743465,0.04978597182998526,-0.0734729685272508,-0.06444142777289787,0.915470781765893,0.2867055897587895,1.1774232059458816,Medical Care Facilities,Healthcare,ADUS
2020Q3,2020,Q3,2020-11-06,2020-09-30,9119000.0,193987000.0,12523000.0,0.57,56301000.0,0.29023078866109586,695431000.0,507600000.0,299380000.0,93743000.0,187831000.0,0.0,140716000.0,1493352510.0,1426711510.0,32.124549079172205,3.1936251240092592,0.14910178004719377,0.20427501970055162,0.014651650154695661,32.124549079172205,0.017964933018124508,7.698209209895508,40.94068730123917,2.9419868203309694,0.0,0.0,0.0,0.27894499957580265,3.1372902510054086,0.013112731529080527,69.91023407143861,0.29023078866109586,0.3255813953488371,1.2003148266365482,0.6023956964701036,1.5673981609326446,0.023710384202774697,0.32025481395685534,0.30352867700634956,0.9450549201586754,0.2985510680219009,1.1418852424877919,Medical Care Facilities,Healthcare,ADUS
2020Q2,2020,Q2,2020-08-10,2020-06-30,6907000.0,184576000.0,9607000.0,0.43,54997000.0,0.29796398231622745,660921000.0,494861000.0,296336000.0,93685000.0,166060000.0,0.0,131597000.0,1449952400.0,1371473400.0,31.590233003511013,3.1631104232267706,0.121149123722805,0.1618030113506621,0.012335028640772856,31.590233003511013,0.013957454719608133,7.855584691400832,52.48126538294484,2.930019540840761,0.0,0.0,0.0,0.279270896219064,3.102321609649357,0.010450568222223231,51.144705467372134,0.29796398231622745,-0.20370370370370378,0.4894748239465468,0.5089337185697389,1.5824250552391839,-0.015008507208740038,-0.20224070224070223,-0.09886502204296033,0.8984023123027272,0.32266525207322416,1.184163169492646,Medical Care Facilities,Healthcare,ADUS
2020Q1,2020,Q1,2020-08-10,2020-03-31,8658000.0,190216000.0,10661000.0,0.54,55835000.0,0.29353471842536905,644819000.0,486808000.0,278051000.0,84606000.0,158011000.0,0.0,124690000.0,1049084399.9999999,986114399.9999999,31.36851601262968,3.28642176677777,0.1046696825000504,0.13864398284333865,0.015904163032663857,31.36851601262968,0.017785245928579645,5.515226899945325,30.29234234234234,2.1550270332451396,0.0,0.0,0.0,0.2949913076382675,3.2363189371912156,0.013427023707427975,59.28705283978525,0.29353471842536905,-0.1428571428571428,1.8248362441217498,0.6380041364137474,1.6289927405334461,0.011357049702941604,-0.13333333333333333,-0.21123113347144126,0.49776747771982566,0.37931082628439283,1.1794492980920215,Medical Care Facilities,Healthcare,ADUS
2019Q4,2019,Q4,2020-08-10,2019-12-31,9990000.0,190042000.0,13516000.0,0.63,55208000.0,0.2905042043337788,636748000.0,475592000.0,269387000.0,87528000.0,161156000.0,0.0,116032000.0,1508757180.0,1464169180.0,30.645789032798504,3.077723699844621,0.10542004058120324,0.14114198724957527,0.018404737719680153,30.645789032798504,0.021005399586199937,7.9390723103314,37.75668618618619,3.1723771215663845,0.0,0.0,0.0,0.2984571604465189,3.02703134996801,0.01568909521506153,631.0151317440401,0.2905042043337788,1.0140085483473942,0.7933451100709734,0.619559836464093,1.617523432581941,0.20053929456791197,1.0525991370454078,0.8565934065934065,-0.019524096289524128,0.36178236739114006,1.2227298536511397,Medical Care Facilities,Healthcare,ADUS
2019Q3,2019,Q3,2019-11-08,2019-09-30,4867000.0,169803000.0,7280000.0,0.312809,45986000.0,0.27081971461046034,619110000.0,469988000.0,386476000.0,76286000.0,149122000.0,0.0,113084000.0,1233517520.0,1060054520.0,30.206825631467318,5.066145819678578,0.10684046453780427,0.14073976356843154,0.009919306256985502,30.206825631467318,0.010355583546813962,7.264403573552882,63.36128621327306,2.6245723720605634,0.0,0.0,0.0,0.27426951591801135,4.981490706027318,0.007861284747460064,111.31824925548236,0.27081971461046034,-0.23705121951219507,0.05593676003782268,0.46038001927376293,1.684543428940102,0.13629849271064987,-0.11797752808988764,-0.05613898612731751,1.110680335396515,0.208790709914661,1.3015336136217448,Medical Care Facilities,Healthcare,ADUS
2019Q2,2019,Q2,2019-08-08,2019-06-30,5518000.0,149692000.0,7713000.0,0.41,40470000.0,0.27035512919862115,408684000.0,289341000.0,196704000.0,69324000.0,119343000.0,0.0,108217000.0,1005672077.04,993909077.04,21.88890770915224,2.8374588886965553,0.10528672519599495,0.1487138013624063,0.017004135539514388,21.88890770915224,0.01907092323590504,6.718275372364588,45.56325104385647,3.4757330521426275,0.0,0.0,0.0,0.36627810239696196,2.7525676533379495,0.013501874308756889,-537.5051186745056,0.27035512919862115,0.13888888888888887,0.6639540418598795,0.6005471917073371,0.9927985174597274,0.0770745728429233,0.134923899629782,0.23546371936568958,0.8391517033885942,0.2852879390462127,0.6905395016676256,Medical Care Facilities,Healthcare,ADUS
2019Q1,2019,Q1,2019-05-09,2019-03-31,4862000.0,139254000.0,6243000.0,0.36,37574000.0,0.26982348801470696,378923000.0,281628000.0,193459000.0,67384000.0,97295000.0,0.0,102699000.0,848794980.0,805153980.0,21.371073000455304,2.870993114092366,0.059455351087160185,0.07999559702870453,0.016192128419483046,21.371073000455304,0.017263908418197055,6.095300529966823,43.644332579185516,3.013887042481571,0.0,0.0,0.0,0.3674994655906345,2.7881544580315802,0.012831102888977444,-201.94979300499642,0.26982348801470696,0.0,0.7005473580294544,0.5994539515808509,0.9895504994117398,-0.009803404838454646,0.012494793835901708,-0.10082097076191848,25.169475665387115,0.2707702276717164,0.6713833059419219,Medical Care Facilities,Healthcare,ADUS
2018Q4,2018,Q4,2019-03-18,2018-12-31,4802000.0,139804000.0,6943000.0,0.36,37946000.0,0.27142284913164144,355388000.0,275533000.0,185504000.0,61504000.0,79855000.0,0.0,97837000.0,890992879.9999999,837870879.9999999,20.99139113210422,3.0161290322580645,0.04863416885207154,0.06272932824743316,0.018833513386918653,20.99139113210422,0.017428039472585862,6.37315727733112,46.386551436901286,3.2337065977578003,0.0,0.0,0.0,0.3933841322723333,2.9282323100936525,0.013511992526478103,135.84279310870556,0.27142284913164144,0.32964480016546677,3.4801817413319496,0.6518515618128052,0.9981792535285405,0.03381010761476638,0.3542019176536943,0.17618160257496188,0.22364869474621232,0.3958286896876442,0.6452335682613893,Medical Care Facilities,Healthcare,ADUS
2018Q3,2018,Q3,2018-11-08,2018-09-30,3546000.0,137631000.0,5903000.0,0.270749,36705000.0,0.26669137040347013,430778000.0,267810000.0,261065000.0,62338000.0,162968000.0,0.0,91806000.0,910110529.9999999,863842529.9999999,20.4481942429564,4.1878950239019535,0.2349446814832698,0.3779134460998469,0.012681303269226354,20.4481942429564,0.013240730368544864,6.612685586822735,64.16458897349126,3.3983440872260187,0.0,0.0,0.0,0.3194940317286398,4.096714684462126,0.008231618142059251,325.8541102756892,0.26669137040347013,-0.24791944444444436,0.13773655971851753,0.6841909736085244,0.9550852350074073,0.027518056099882424,-0.17477309750989062,-0.1434997098084736,0.03225997042821273,0.3715958237829345,0.6342223563784434,Medical Care Facilities,Healthcare,ADUS
2018Q2,2018,Q2,2018-08-07,2018-06-30,4297000.0,131237000.0,6892000.0,0.36,35722000.0,0.27219457927261365,343426000.0,186359000.0,173856000.0,56336000.0,157067000.0,0.0,88260000.0,660264250.0,692899250.0,16.158761813925256,3.0860550979835275,0.2965762638821755,0.5465365235915626,0.01854101685578279,16.158761813925256,0.023057646799993562,5.031083078704938,38.41425703979521,3.5429694836310563,0.0,0.0,0.0,0.3821405484733247,2.988444333996024,0.012512156912988534,142.23702068074107,0.27219457927261365,-0.14285714285714285,0.6522647611316725,0.866402766054355,0.5804426140238681,0.2801290091381473,-0.11547962124331,0.5110721333041,0.25862737033166083,0.4572676854782481,0.32093965135631985,Medical Care Facilities,Healthcare,ADUS
2018Q1,2018,Q1,2018-05-09,2018-03-31,4858000.0,109448000.0,4561000.0,0.42,27905000.0,0.2549612601418025,272853000.0,180821000.0,154427000.0,51382000.0,92032000.0,0.0,83963000.0,559572300.0,538323300.0,15.720831159798296,3.0054688412284456,0.15450444011977146,0.23314216822161143,0.01663654167325094,15.720831159798296,0.026866348488283995,5.1126772531247715,28.79643371757925,3.094620093905022,0.0,0.0,0.0,0.4011244149780285,2.8880931065353628,0.017804458811154725,40.37318181818182,0.2549612601418025,0.5073861923424782,-0.656721936641911,0.6279680742584176,0.5720393590854406,-0.09148624450594173,0.4984577421344849,-0.39597404317308965,1.1385705192886857,0.2716457645909594,0.317561563244539,Medical Care Facilities,Healthcare,ADUS
2017Q4,2017,Q4,2018-03-14,2017-12-31,3242000.0,111957000.0,7551000.0,0.278628,30715000.0,0.27434640085032647,267110000.0,175080000.0,151085000.0,52170000.0,92030000.0,0.0,79105000.0,404793599.99999994,393998599.99999994,15.051581843191197,2.8960130343109065,0.1608288720002995,0.2453678318482979,0.01581821757210522,15.051581843191197,0.018517249257482295,3.6156167099868695,31.214805675508945,2.3120493488690883,0.0,0.0,0.0,0.4191419265471154,2.7458117692160244,0.012137321702669313,41.87808814400992,0.27434640085032647,-0.039213793103448254,-0.19831614091599434,1.953497434308775,0.7172293084386876,0.05720579630330775,-0.04870892018779343,0.3003271913208197,-0.22353705495155893,0.2729401887400924,0.2855883113276172,Medical Care Facilities,Healthcare,ADUS
2017Q3,2017,Q3,2017-11-07,2017-09-30,3408000.0,108592000.0,5807000.0,0.29,29053000.0,0.26754272874613233,267901000.0,172270000.0,148290000.0,55259000.0,95631000.0,0.0,77029000.0,405455799.99999994,403546799.99999994,14.998258749782345,2.6835447619392316,0.16341484354295058,0.25413014454054683,0.01820727007552089,14.998258749782345,0.019782898937714052,3.733753867688227,29.74294307511737,2.353606547860916,0.0,0.0,0.0,0.4053437650475362,2.5808465589315768,0.01272111712908873,7.703159494632848,0.26754272874613233,0.2608695652173912,0.7767868381250659,0.432803399264918,0.7812190973006049,0.01901020658693136,0.26222222222222225,-0.01925350447559534,0.0015877813615865434,0.26511855140196094,0.33292645389153236,Medical Care Facilities,Healthcare,ADUS
2017Q2,2017,Q2,2017-08-08,2017-06-30,2700000.0,103559000.0,5921000.0,0.23,28511000.0,0.2753116580886258,256194000.0,168136000.0,157724000.0,47072000.0,88058000.0,0.0,73622000.0,432450000.00000006,460615000.00000006,14.46331182795699,3.3506968048946293,0.17189317470354498,0.26191892277679973,0.019469540247900968,14.46331182795699,0.016058428890897845,4.175880415994747,40.04166666666667,2.572025027358805,0.0,0.0,0.0,0.404221020008275,3.2792318150917743,0.010538888498559685,-20.021760266679017,0.2753116580886258,-0.37837837837837834,0.7071919619249075,0.363984972766007,0.7551897803261964,0.043709045649229415,-0.3660483681615403,-0.14940382129004454,-0.07420182271658057,0.2590722938579118,0.3167612907545457,Medical Care Facilities,Healthcare,ADUS
2017Q1,2017,Q1,2017-05-09,2017-03-31,4259000.0,101606000.0,6961000.0,0.37,27317000.0,0.26885223313583845,238664000.0,164568000.0,139289000.0,52219000.0,74096000.0,0.0,70922000.0,365888000.0,371160000.0,14.392863389889802,2.6674007545146403,0.10235309891730635,0.14843712021778233,0.02461016933946064,14.392863389889802,0.025879879441932818,3.6010471822530166,21.477342099084293,2.223324097029799,0.0,0.0,0.0,0.4257282204270439,2.603247859974339,0.017845171454429657,43.28498757837454,0.26885223313583845,-0.4364446664818611,5.369562454654389,0.4071769313380398,0.7766234621533298,-0.046759953937955824,-0.4372357293868922,-0.09515143637072664,0.7168514985118686,0.3450385511311072,0.3399106607660802,Medical Care Facilities,Healthcare,ADUS
2016Q4,2016,Q4,2017-03-15,2016-12-31,7568000.0,103656000.0,7693000.0,0.656546,28657000.0,0.2764625299066142,231030000.0,158928000.0,131010000.0,49620000.0,72102000.0,0.0,66663000.0,404021349.99999994,421021349.99999994,13.787455539168908,2.640266021765417,0.1082673245898801,0.15738573442061815,0.03134956127151906,13.787455539168908,0.047619047619047616,3.8977131087443073,13.346371234143762,2.5421659493607165,0.0,0.0,0.0,0.44866900402545123,2.534441757355905,0.03275765052157729,-12.516926389491292,0.2764625299066142,3.430045275736658,0.4464980372924912,0.4095016047379294,0.7155964389502756,0.04499872369908471,3.4543849323131255,2.0833667334669337,7.04027135504507,0.3946395384441972,0.3124336278589852,Medical Care Facilities,Healthcare,ADUS
2016Q3,2016,Q3,2016-11-09,2016-09-30,1699000.0,103502000.0,2495000.0,0.148203,27423000.0,0.2649514019052772,230440000.0,150461000.0,133025000.0,50441000.0,79979000.0,0.0,59095000.0,299898240.0,285419240.0,13.124651081646894,2.6372395471937513,0.10834490539836834,0.1659366879124823,0.012148711911912904,13.124651081646894,0.01129196270129801,2.897511545670615,44.128640376692175,1.9931958447704057,0.0,0.0,0.0,0.4491494532199271,2.392736067881287,0.007372851935427877,6.1455816717555685,0.2649514019052772,-0.34705143738297173,1.1759962642716628,0.39829906527054276,0.7311799644450958,0.06725043782837128,-0.3465384615384615,-0.43218024578971326,-0.37722379381222454,0.44696978360633877,0.25486931703960297,Medical Care Facilities,Healthcare,ADUS
2016Q2,2016,Q2,2016-08-08,2016-06-30,2600000.0,100927000.0,4394000.0,0.226975,25695000.0,0.2545899511528134,242902000.0,148318000.0,142524000.0,47591000.0,94584000.0,0.0,57396000.0,199660650.0,233884650.0,12.947883020515059,2.994767918303881,0.17481947452058855,0.286303752747475,0.016049841735191712,12.947883020515059,0.017529901967394384,1.9782679560474403,19.198139423076924,1.3461660081716311,0.0,0.0,0.0,0.415505018484821,2.7388791998487108,0.010703905278672057,-15.752319526627218,0.2545899511528134,21.697499999999998,0.8297634207766258,0.38721483608655666,0.538762147911513,0.05658127390106501,15.560509554140127,5.728943338437978,0.006548795056169417,0.445119089980627,0.26639567577406775,Medical Care Facilities,Healthcare,ADUS
2016Q1,2016,Q1,2016-05-09,2016-03-31,157000.0,92602000.0,653000.0,0.01,24319000.0,0.2626185179585754,229218000.0,142390000.0,127424000.0,48943000.0,86828000.0,0.0,54796000.0,191427840.0,215634840.0,12.786458333333334,2.603518378521954,0.1452198343934595,0.23377343914600746,0.0024939174258664007,12.786458333333334,0.0011026055200505653,2.0672106433986306,304.8214012738854,1.3443910386965376,0.0,0.0,0.0,0.40399096057028683,2.3741903847332613,0.0006849374830946959,-30.38054911918743,0.2626185179585754,-0.9655172413793103,-0.8223896642681003,0.3368680510344003,0.5439958788430421,0.09579597170278917,-0.9527250828063836,-0.7834162520729685,-0.9885413795487069,0.42266471901315605,0.27861024388509026,Medical Care Facilities,Healthcare,ADUS
2015Q4,2015,Q4,2016-03-11,2015-12-31,3321000.0,84760000.0,3015000.0,0.29,22193000.0,0.2618334119867862,192612000.0,141726000.0,102561000.0,42189000.0,50886000.0,0.0,54639000.0,258594240.0,257481240.0,12.75891249549874,2.4309891203868306,0.005757689032874379,0.007824958017583225,0.02268263853223665,12.75891249549874,0.023432538842555355,3.0508994808872107,19.466594399277326,1.824606917573346,0.0,0.0,0.0,0.4400556559300563,2.1419327312806655,0.017241916391502087,-46.36798278644432,0.2618334119867862,0.11538461538461527,1.0902872583113121,0.16939169664596793,0.5564277131219928,-0.056500297593742026,0.15032906130931764,-0.296218487394958,-0.1400414332301428,1.3415035243596558,0.4556595253133695,Medical Care Facilities,Healthcare,ADUS
2015Q3,2015,Q3,2015-11-06,2015-09-30,2887000.0,84331000.0,4284000.0,0.26,23522000.0,0.2789247133319894,195056000.0,137725000.0,109424000.0,49337000.0,57331000.0,0.0,51318000.0,342868050.0,331253050.0,12.512492050513309,2.2178892109370247,0.005639406119268313,0.007986930477400617,0.021122206627381745,12.512492050513309,0.02096206208023235,4.06574154225611,29.690686698995496,2.4895120711562897,0.0,0.0,0.0,0.43234250676728736,1.954496625250826,0.014800877696661472,-12.787381121097974,0.2789247133319894,-0.10344827586206887,0.8941813596646011,0.17169218017195578,0.5451110755587848,-0.006756186132927962,-0.11251152782047341,-0.1596704590035308,0.5706606798860583,0.161116688268379,0.48600515346621476,Medical Care Facilities,Healthcare,ADUS
2015Q2,2015,Q2,2015-08-07,2015-06-30,3253000.0,85809000.0,5098000.0,0.29,23682000.0,0.27598503653462925,188015000.0,134426000.0,101844000.0,45104000.0,53589000.0,0.0,48431000.0,306153540.0,267660540.0,12.232778232778232,2.2579815537424617,0.005802728505704332,0.008115989466323479,0.02419693343189183,12.232778232778232,0.024199187657149658,3.567848827046114,23.52855364279127,2.2774875396128724,0.0,0.0,0.0,0.45639443661409995,2.014632848527847,0.017301811025716034,8.558468634686347,0.27598503653462925,0.5263157894736841,0.8792289046218915,0.2207337376696418,0.5344312544102289,0.08008756727173219,0.5046253469010176,0.405569341053212,1.175892546794186,0.19560952586948233,0.4845042127672885,Medical Care Facilities,Healthcare,ADUS
2015Q1,2015,Q1,2015-05-08,2015-03-31,2162000.0,81915000.0,3627000.0,0.19,21926000.0,0.26766770432765674,183290000.0,130617000.0,96432000.0,43283000.0,52673000.0,0.0,45178000.0,251999940.0,248021940.0,11.93176212661003,2.2279416861123305,0.005417644170440286,0.0076023794758722065,0.01681345929941503,11.93176212661003,0.01655220989610847,3.076358908624794,29.139678538390378,1.9293043018902594,0.0,0.0,0.0,0.44691472529870696,1.9118822632442298,0.01179551530361722,-154.12840366972478,0.26766770432765674,-0.45714285714285713,0.527038900645001,0.21616215783886764,0.5280712095600004,-0.03183644632843202,-0.4488911547285241,-0.3082204844554644,2.377230631240594,0.18493862911829828,0.4728305247348138,Medical Care Facilities,Healthcare,ADUS
2014Q4,2014,Q4,2015-03-16,2014-12-31,3923000.0,82636000.0,5243000.0,0.35,22647000.0,0.2740573115833293,180803000.0,127956000.0,97372000.0,43205000.0,52847000.0,0.0,43016000.0,265246830.0,255546830.0,11.707933022234423,2.253720634185858,0.00545344933435839,0.007705773859764294,0.028539464787567134,11.707933022234423,0.030658976523179844,3.209821748390532,16.90331570226867,2.0729534371190095,0.0,0.0,0.0,0.4570499383306693,1.9246152065733133,0.021697648822198747,-250.23285849056603,0.2740573115833293,0.20689655172413793,3.1126732390517353,0.20846095144516566,0.5258517349964805,0.03695054945054945,0.2119246215631758,0.05684337835113888,-0.20915586053949425,0.1851580836508253,0.456837930925758,Medical Care Facilities,Healthcare,ADUS
2014Q3,2014,Q3,2014-11-07,2014-09-30,3237000.0,81658000.0,4961000.0,0.29,21840000.0,0.2674569546155919,175347000.0,122952000.0,91508000.0,46028000.0,52395000.0,0.0,39093000.0,214169200.00000003,203949200.00000003,11.252127756932369,1.9880942035282871,0.005577512019025133,0.00795432363849307,0.026275246817702692,11.252127756932369,0.026327347257466327,2.622758333537437,16.54071671300587,1.7418927711627303,0.0,0.0,0.0,0.4656937387009758,1.6769140523159816,0.01846053824701877,-22.861784799316826,0.2674569546155919,0.18178453646024179,-0.8555304931421793,-0.8859796028004034,-0.6877727535594763,0.061224489795918366,0.18614877244411873,0.21059053196681307,1.3517936567414714,0.15740485180147604,0.48418864692085617,Medical Care Facilities,Healthcare,ADUS
2014Q2,2014,Q2,2014-08-11,2014-06-30,2729000.0,76965000.0,4098000.0,0.24539160147468753,20580000.0,0.2673942701227831,165135000.0,119484000.0,81147000.0,42210000.0,45651000.0,0.0,35856000.0,244537440.0,224996440.0,10.98400441257584,1.922459132906894,0.0,0.0,0.02371366116764718,10.98400441257584,0.02283987814268019,3.1772551159618008,22.401744228655186,2.0466124334638947,0.0,0.0,0.0,0.4660732128258697,1.6349680170575693,0.016525872770763315,24.92990518911204,0.2673942701227831,0.16853143559375017,-0.8676126797381514,-0.8890231801677789,-0.6867159152345625,0.10242125562459824,0.159303313508921,0.0870026525198939,1.0224191458785825,0.11397558717783776,0.30536939481033365,Medical Care Facilities,Healthcare,ADUS
2014Q1,2014,Q1,2014-05-07,2014-03-31,2354000.0,71683000.0,3770000.0,0.21,18668000.0,0.2604243683997601,162542000.0,116547000.0,89128000.0,42554000.0,45995000.0,0.0,33127000.0,250092500.0,233127500.0,10.741658986175116,2.094468205104103,0.0,0.0,0.0210580565658839,10.741658986175116,0.020197860090778827,3.4888676534185232,26.560375955819882,2.1458510300565434,0.0,0.0,0.0,0.44101216916243186,1.7934389246604314,0.014482410700003692,210.87057335581787,0.2604243683997601,1.625,-0.8380360898701913,-0.8911325224421407,0.0,0.03126726328582477,1.6598870056497175,0.08457997698504027,1.7332195936272632,0.062145062632741443,0.2970813945684757,Medical Care Facilities,Healthcare,ADUS
2013Q4,2013,Q4,2014-03-17,2013-12-31,885000.0,69882000.0,3476000.0,0.08,18102000.0,0.25903666180132223,163934000.0,113856000.0,91480000.0,46637000.0,50078000.0,0.0,30773000.0,243313100.0,227748100.0,10.505259272928585,1.9615326886377769,0.0,0.0,0.02876208391561923,10.505259272928585,0.0077729763912310285,3.4817706991786155,68.73251412429379,2.137024838392355,0.0,0.0,0.0,0.42628130833140165,1.6669168256963356,0.005398514036136494,122.88540404040404,0.25903666180132223,-0.6521739130434784,-0.9238713469111005,-0.8952577258677298,-0.6903872972056623,0.050853361198188785,-0.6552395792754188,-0.18461177574478066,-0.4290907327083446,-0.011854020424428267,0.28151021269926085,Medical Care Facilities,Healthcare,ADUS
2013Q3,2013,Q3,2013-11-08,2013-09-30,2567000.0,67306000.0,4263000.0,0.23,17226000.0,0.2559355778088135,156717000.0,112821000.0,97405000.0,40799000.0,43896000.0,0.0,29888000.0,312499390.0,283035390.0,10.458978399925837,2.387435966567808,0.0,0.0,0.024414715808265645,10.458978399925837,0.022752856294484182,4.642964817401123,30.43429976626412,2.7698689960202443,0.0,0.0,0.0,0.42947478576031956,2.0959092134611144,0.01637984392248448,-33.55517985611511,0.2559355778088135,0.0454545454545455,-0.8149865854716638,-0.8985845908088764,0.0,0.03689881418166496,0.055509868421052634,0.07110552763819096,0.7185767457422675,-0.045780362045492184,0.2915319585831467,Medical Care Facilities,Healthcare,ADUS
2013Q2,2013,Q2,2013-08-01,2013-06-30,2432000.0,65755000.0,3980000.0,0.22,16613000.0,0.25264998859402327,155155000.0,110268000.0,95394000.0,41790000.0,44887000.0,0.0,27321000.0,211493850.0,172716850.0,10.224200278164117,2.2826992103374013,0.0,0.0,0.024282021651999386,10.224200278164117,0.022055356041643995,3.216391909360505,21.740732935855263,1.9179984220263357,0.0,0.0,0.0,0.42380200444716576,2.0079684134960516,0.01567464793271245,10.074493878912019,0.25264998859402327,-0.8211382113821138,-0.8810031866669452,-0.904369442217848,-0.7083869319156594,0.05158880870996329,-0.8166050825729583,0.06360235168359166,0.4315193243336423,-0.04686391338789833,0.28248319062363497,Medical Care Facilities,Healthcare,ADUS
2013Q1,2013,Q1,2013-05-09,2013-03-31,13261000.0,62998000.0,3742000.0,1.23,15798000.0,0.2507698657100225,151350000.0,107783000.0,91197000.0,40470000.0,43567000.0,0.0,24889000.0,145395220.0,127611220.0,10.000278344776396,2.2534469977761304,0.0,0.0,0.026397003923722507,10.000278344776396,0.12303424473247172,2.3079339026635766,2.741030465274112,1.3489624523347838,0.0,0.0,0.0,0.4162405021473406,1.975660983444527,0.08761810373306904,11.318326327261405,0.2507698657100225,2.5142857142857147,-0.0814990106695431,-0.9036835850964439,0.0,2.381421232876712,2.540987983978638,-0.5542053847986658,8.513221855134459,-0.05002593016077304,0.28071086768981013,Medical Care Facilities,Healthcare,ADUS
2012Q4,2012,Q4,2013-03-28,2012-12-31,3745000.0,35104000.0,8394000.0,0.35,4672000.0,0.13309024612579762,149857000.0,94417000.0,87836000.0,39190000.0,55440000.0,0.0,11628000.0,76998256.0,91719256.0,8.765038989974007,2.2412860423577445,0.10982469954690138,0.17431182943749537,0.0506840782166258,8.765038989974007,0.03966446720399928,2.1934325432999087,5.140070493991989,0.8155126301407585,0.0,0.0,0.0,0.23424998498568636,1.8880581781066599,0.02499049093469107,12.90185254691689,0.13309024612579762,1.0588235294117645,-0.6758772616749943,-0.9470621765875085,-0.7416753512427038,-0.7700674245779812,1.0840289371174179,1.628052598622417,3.0462086975200613,-0.4791603697540851,0.1423152083945918,Medical Care Facilities,Healthcare,ADUS
2012Q3,2012,Q3,2012-11-01,2012-09-30,1797000.0,71006000.0,3194000.0,0.17,20319000.0,0.28615891614793115,152702000.0,90610000.0,88051000.0,41592000.0,62092000.0,0.0,7883000.0,57571349.99999999,78260350.0,8.420221169036335,2.1170176957107136,0.14670403793008605,0.24723540448074163,0.018223066474131917,8.420221169036335,0.01983224809623662,0.8107955665718389,8.00936978297162,0.635375234521576,0.0,0.0,0.0,0.46499718405783813,1.757862088863243,0.011768018755484538,17.211165919282507,0.28615891614793115,0.21428571428571425,-0.870170473212765,-0.8927509975084911,0.0,-0.004897399480875655,0.22745901639344263,0.22657450076804916,-0.9185614786516435,-0.8993237175390322,-0.7663533042976074,Medical Care Facilities,Healthcare,ADUS
2012Q2,2012,Q2,2012-08-09,2012-06-30,1464000.0,70281000.0,2604000.0,0.14,20419000.0,0.2905337146597231,150510000.0,88674000.0,85388000.0,39836000.0,61836000.0,0.0,6086000.0,52836510.0,76870510.0,8.240312238639532,2.143488302038357,0.16960334861471,0.28787468705595776,0.015326898253412989,8.240312238639532,0.016509912713986063,0.7517893883126308,9.022628073770493,0.595851207794844,0.0,0.0,0.0,0.46695236196930434,1.7731197911436891,0.009726928443292805,8.067874484654146,0.2905337146597231,1.3333333333333337,-0.9282072886193411,-0.8975591066609344,-0.7649710815021221,0.09538114907998498,1.3275039745627981,0.770224337185588,-0.9282072886193411,-0.8975591066609344,-0.7649710815021221,Medical Care Facilities,Healthcare,ADUS
2012Q1,2012,Q1,2012-05-10,2012-03-31,629000.0,67924000.0,1471000.0,0.06,18641000.0,0.2744390789706142,154385000.0,87137000.0,88997000.0,40498000.0,67248000.0,0.0,4622000.0,53242200.0,83825200.0,8.101245816288584,2.197565311867253,0.2066392460407423,0.3661131321941311,0.007284665741571011,8.101245816288584,0.007218517965961646,0.7838495966079736,21.16144674085851,0.6110171339385105,0.0,0.0,0.0,0.43996502250866343,1.8557706553410045,0.004074230009392104,-33.890642902609805,0.2744390789706142,-0.8666666666666667,-0.9563442569578678,-0.8959399127297483,0.0,-0.1377890841813136,-0.8711593609176567,-0.6284415256377873,-0.9563442569578678,-0.8959399127297483,0.0,Medical Care Facilities,Healthcare,ADUS
2011Q4,2011,Q4,2012-03-16,2011-12-31,4882000.0,68622000.0,3959000.0,0.45,21620000.0,0.31505931042522806,154692000.0,86441000.0,88861000.0,43293000.0,68251000.0,0.0,3993000.0,38398920.0,67905920.0,8.036537746374117,2.052548910909385,0.20380498021875726,0.36472275887599637,0.029116699552985018,8.036537746374117,0.056477828808088756,0.559571565970097,1.9663519049569849,0.44422114505847915,0.0,0.0,0.0,0.44360406485144677,1.718245443836186,0.031559485946267424,9.953063763608087,0.31505931042522806,1.5357142857142858,-0.576843512436047,-0.8963621493154771,-0.7631458578870507,0.0289848174765599,1.539507127859432,1.3078538102643857,-0.576843512436047,-0.8963621493154771,-0.7631458578870507,Medical Care Facilities,Healthcare,ADUS
2011Q3,2011,Q3,2011-11-04,2011-09-30,-9049000.0,69384000.0,-12860000.0,-0.84,21011000.0,0.30282197624812635,156341000.0,81469000.0,88306000.0,46470000.0,74872000.0,0.0,-889000.0,43521300.0,76876300.0,7.581332588870278,1.9002797503765871,0.2216437147005584,0.4253396997631001,-0.07474235684820493,7.581332588870278,-0.1110729234432729,0.6272526807333103,-1.2023787158802077,0.5342068762351323,0.0,0.0,0.0,0.44379913138588084,1.5324940822035722,-0.05787989075162625,-2.497205646086757,0.30282197624812635,-8.0,-1.6546840802026916,-0.8950546157568688,0.0,0.04480358030830433,-7.788447111777945,-5.780669144981412,-1.6546840802026916,-0.8950546157568688,0.0,Medical Care Facilities,Healthcare,ADUS
2011Q2,2011,Q2,2011-08-04,2011-06-30,1333000.0,68252000.0,2690000.0,0.12,20110000.0,0.29464338041376076,170050000.0,90422000.0,90818000.0,45039000.0,79628000.0,0.0,8160000.0,58350780.0,74272780.0,8.414479806439605,2.016430204933502,0.2353837106733314,0.4426688195350689,0.013594415010610199,8.414479806439605,0.014741987569396828,0.8549314305807888,10.943507126781695,0.6453161841144854,0.0,0.0,0.0,0.4013643046162893,1.6738826350496236,0.007838870920317554,3.323505154639175,0.29464338041376076,0.4999999999999999,-0.9345401171999206,-0.9003776912980908,-0.760003500916339,0.05542143381967041,0.5627198124267292,0.34097706879361916,-0.9345401171999206,-0.9003776912980908,-0.760003500916339,Medical Care Facilities,Healthcare,ADUS
2011Q1,2011,Q1,2011-05-05,2011-03-31,853000.0,66842000.0,2006000.0,0.08,19054000.0,0.2850602914335298,159539000.0,88992000.0,79375000.0,40211000.0,70547000.0,0.0,6827000.0,53837460.0,86816460.0,8.28140703517588,1.9739623486110767,0.21458076081710428,0.38468626393383676,0.010739376887208631,8.28140703517588,0.009585131247752607,0.8054435833757219,15.778856975381007,0.6049696601941748,0.0,0.0,0.0,0.41896965632227856,1.6438288030638382,0.005346655049862416,4.718858795687615,0.2850602914335298,-0.4285714285714286,-0.940742445097554,-0.897502251445759,0.0,-0.10084469822094286,-0.4450227716330514,-0.37913958526771896,-0.940742445097554,-0.897502251445759,0.0,Medical Care Facilities,Healthcare,ADUS
2010Q4,2010,Q4,2011-03-28,2010-12-31,1537000.0,70120000.0,3231000.0,0.14,21191000.0,0.30221049629207075,166924000.0,88091000.0,85798000.0,37132000.0,78833000.0,0.0,5974000.0,44058599.99999999,88427600.0,8.197561883491531,2.3106215663039964,0.2706920514725264,0.5129354871666799,0.014612303878903223,8.197561883491531,0.017447866410870577,0.6283314318311465,7.166330513988288,0.5001487098568526,0.0,0.0,0.0,0.42007140974335627,1.9328342130776688,0.00920778318276581,7.951380617217107,0.30221049629207075,0.0,-0.8666536743219332,-0.8940012140946431,-0.7584001284373718,0.05260282137889927,0.0392156862745098,0.1551662495530926,-0.8666536743219332,-0.8940012140946431,-0.7584001284373718,Medical Care Facilities,Healthcare,ADUS
2010Q3,2010,Q3,2010-11-10,2010-09-30,1479000.0,69842000.0,2797000.0,0.14,20132000.0,0.2882506228343976,173699000.0,86496000.0,91595000.0,41948000.0,87203000.0,0.0,4437000.0,42403570.0,92312570.0,8.098118153730924,2.183536759797845,0.2908537182136915,0.5840848131705513,0.015546654975052632,8.098118153730924,0.017099056603773585,0.6071356776724607,7.167608181203517,0.4902373520162782,0.0,0.0,0.0,0.4020863677971664,1.8217078287403452,0.00851472950333623,10.33981224091685,0.2882506228343976,-0.12499999999999993,-0.8923449796544132,-0.8937190085413454,0.0,0.020064856100526957,-0.10580411124546554,-0.14517114914425427,-0.8923449796544132,-0.8937190085413454,0.0,Medical Care Facilities,Healthcare,ADUS
2010Q2,2010,Q2,2010-08-10,2010-06-30,1654000.0,67165000.0,3272000.0,0.16,19736000.0,0.2938435196903149,167998000.0,83708000.0,92866000.0,39471000.0,84290000.0,0.0,2958000.0,62763750.0,111384750.0,7.972190476190476,2.3527653213751867,0.2949797021393112,0.5920103215941128,0.016102409732045596,7.972190476190476,0.019759162804033066,0.934471078686816,9.486661124546554,0.7497939265064272,0.0,0.0,0.0,0.3997964261479303,1.9667604063743,0.00984535530184883,-59.379139072847686,0.2938435196903149,0.23076923076923075,-0.9168737639022466,-0.8996674670853472,-0.7726184091796654,0.04867162592986185,0.21796759941089838,0.21545319465081725,-0.9168737639022466,-0.8996674670853472,-0.7726184091796654,Medical Care Facilities,Healthcare,ADUS
2010Q1,2010,Q1,2010-05-14,2010-03-31,1358000.0,64605000.0,2692000.0,0.13,18820000.0,0.2913087222351211,166086000.0,81988000.0,90320000.0,39279000.0,84098000.0,0.0,1304000.0,63420000.0,110787000.0,7.808380952380952,2.299447541943532,0.29254121358814106,0.5926111138215349,0.01418298496964463,7.808380952380952,0.01656339952188125,0.9816577664267472,11.675257731958764,0.7735278333414646,0.0,0.0,0.0,0.3889852245222355,1.9789709513989664,0.008176486880290934,42.11155378486056,0.2913087222351211,1.7651559741024132,-0.9034500610500611,-0.898611532712828,0.0,-0.03940383830134749,1.7612107623318385,2.4032869785082176,-0.9034500610500611,-0.898611532712828,0.0,Medical Care Facilities,Healthcare,ADUS
2009Q4,2009,Q4,2010-03-29,2009-12-31,-1784000.0,65697000.0,791000.0,-0.1699,19592000.0,0.29821757462288995,161315000.0,80567000.0,84378000.0,38897000.0,80748000.0,0.0,-54000.0,96599999.99999999,145321000.0,7.673047619047619,2.1692675527675656,0.3052350990298484,0.6111559323296138,0.0038922939445743925,7.673047619047619,-0.022143061054774288,1.470386775651856,-13.536995515695068,1.1990020728089663,0.0,0.0,0.0,0.40725908935932803,1.844383885646708,-0.011059107956482659,-8.788209606986898,0.29821757462288995,-1.4247500000000002,-1.15840160327626,-0.8983606078756009,-0.7738586977929277,-0.003205291274484864,-1.8535885167464115,-0.8044982698961938,-1.15840160327626,-0.8983606078756009,-0.7738586977929277,Medical Care Facilities,Healthcare,ADUS
2009Q3,2009,Q3,2009-09-30,2009-09-30,2090000.0,66803000.0,4046000.0,0.4,19655000.0,0.2942233133242519,144832000.0,36732000.0,76494000.0,45656000.0,108100000.0,0.0,10003000.0,8653432.5,66037432.5,36.038263428991904,1.675442439109865,0.4143007070260716,1.6335620167701188,0.028897392716446636,36.038263428991904,0.05689861700969182,0.12953658518330016,1.035099581339713,0.2355829385821627,0.0,0.0,0.0,0.46124475254087494,1.4264499737164886,0.0144305125939019,1.347047400373599,0.2942233133242519,0.08108108108108115,0.5942028985507246,0.065285684670462,0.0,0.022260363031154105,0.08234075608493009,0.061385099685204614,0.5942028985507246,0.065285684670462,0.0,Medical Care Facilities,Healthcare,ADUS
2009Q2,2009,Q2,2009-06-30,2009-06-30,1931000.0,64966000.0,3812000.0,0.37,19227000.0,0.2959548071298833,145920000.0,35727000.0,77445000.0,44412000.0,110193000.0,0.0,7913000.0,8651310.0,72215310.0,35.06084396467125,1.7437854633882734,0.44143366228070174,1.8029501497466902,0.02661335135127826,35.06084396467125,0.054048758641923475,0.13316673336822338,1.1200556706369758,0.24215047443110252,0.0,0.0,0.0,0.44521655701754387,1.4453526074034044,0.01323327850877193,-2.291737748344371,0.2959548071298833,0.8499999999999999,0.0,0.0,0.0,0.060039695666556404,0.4146520146520147,0.21944977607165708,0.0,0.0,0.0,Medical Care Facilities,Healthcare,ADUS
2009Q1,2009,Q1,2009-03-31,2009-03-31,1365000.0,61839000.0,3126000.0,0.2,18138000.0,0.29331004705768204,,,,,,,,8651310.0,,,0.0,0.0,0.0,0.0,,0.0,0.13990054819773928,1.584489010989011,0.0,0.0,0.0,0.0,0.0,0.0,0.0,-6.904477254588986,0.29331004705768204,-0.7959183673469388,0.0,0.0,0.0,-0.04812385200734715,0.24885635864592864,-0.05272727272727273,0.0,0.0,0.0,Medical Care Facilities,Healthcare,ADUS
2008Q4,2008,Q4,2008-12-31,2008-12-31,1093000.0,62729000.0,3300000.0,0.98,19055000.0,0.30376699772035265,135748000.0,34575000.0,64783000.0,35876000.0,101173000.0,0.0,4617000.0,8651310.0,65714310.0,33.930323846908735,1.8057475749804883,0.46539175531131216,1.8272161966738973,0.026641772747059714,33.930323846908735,0.03161243673174259,0.13791563710564492,1.9787991765782251,0.2502186550976139,0.0,0.0,0.0,0.46209888911807173,1.5556360798305273,0.008051684002710906,9.352767567567568,0.30376699772035265,2.769230769230769,0.0,0.0,0.0,0.06661069129582983,-0.16628527841342486,0.1320754716981132,0.0,0.0,0.0,Medical Care Facilities,Healthcare,ADUS
2008Q3,2008,Q3,2008-09-30,2008-09-30,1311000.0,62709000.0,2915000.0,0.26,17865000.0,0.28488733674592165,,,,,,,,8653432.5,,,0.0,0.0,0.0,0.0,,0.0,0.13799346983686553,1.650158752860412,0.0,0.0,0.0,0.0,0.0,0.0,0.0,-4.5520423461336135,0.28488733674592165,0.0,0.0,0.0,0.0,0.0,0.0,0.0,0.0,0.0,0.0,Medical Care Facilities,Healthcare,ADUS
