Quarters,Year,Quarter,FillingDate,Date,NetIncome,Revenue,OperatingIncome,EPSDiluted,GrossProfit,GrossProfitRatio,TotalAssets,CommonStockEquity,CurrentAssets,CurrentLiability,TotalLiability,Inventory,RetainedEarnings,MarketCap,EnterpriseValue,bookValuePerShare,currentRatio,debtToAssets,debtToEquity,roic,shareholdersEquityPerShare,roe,priceToSalesRatio,peRatio,pbRatio,payoutRatio,inventoryTurnover,dividendYield,assetTurnover,quickRatio,returnOnAssets,priceToFreeCashFlowsRatio,grossProfitMargin,epsdilutedGrowth,fiveYNetIncomeGrowthPerShare,fiveYRevenueGrowthPerShare,fiveYShareholdersEquityGrowthPerShare,grossProfitGrowth,netIncomeGrowth,operatingIncomeGrowth,threeYNetIncomeGrowthPerShare,threeYRevenueGrowthPerShare,threeYShareholdersEquityGrowthPerShare,Industry,Sector,Symbol
2023Q1,2023,Q1,2023-04-28,2023-03-31,28000000.0,2644000000.0,95000000.0,0.19,229000000.0,0.0866111952,7893000000.0,1603000000.0,4233000000.0,2876000000.0,6029000000.0,1723000000.0,333000000.0,2165695000.0,4762695000.0,11.139680333564975,1.471835883171071,0.3798302293171164,1.8702432938240798,0.009658397722651485,11.139680333564975,0.017467248908296942,0.8190979576399395,19.336562500000003,1.3510262008733627,0.5357142857142857,1.4016250725478816,0.006926183049783095,0.3349803623463829,0.7903337969401947,0.003547447105029773,-7.467913793103448,0.08661119515885023,1.1484375,-0.7376779141893804,0.25127950433305524,0.46914624689045326,0.2722222222222222,1.1530054644808743,0.417910447761194,-0.2616217402435902,0.3756553277378356,-0.09907913398762228,Auto Parts,Consumer Cyclical,DAN
2022Q4,2022,Q4,2023-02-21,2022-12-31,-183000000.0,2555000000.0,67000000.0,-1.28,180000000.0,0.0704500978,7449000000.0,1551000000.0,3829000000.0,2479000000.0,5651000000.0,1609000000.0,321000000.0,2169642000.0,4465642000.0,10.815899581589958,1.5445744251714402,0.36528393072895693,1.7543520309477756,-0.07865161331708256,10.815899581589958,-0.11798839458413926,0.8491749510763209,-2.963991803278689,1.3988665377176015,-0.08196721311475409,1.476072094468614,0.00691358297820562,0.3429990602765472,0.8140379185155304,-0.024567055980668547,10.74080198019802,0.07045009784735812,-0.13274336283185853,-0.784156742838751,0.4102529061314419,0.5524499498155774,-0.11330049261083744,-0.12962962962962962,-0.2717391304347826,-3.161949298547871,0.291238236823874,-0.16845192752324933,Auto Parts,Consumer Cyclical,DAN
2022Q3,2022,Q3,2022-10-27,2022-09-30,-162000000.0,2535000000.0,92000000.0,-1.13,203000000.0,0.0800788955,7662000000.0,1622000000.0,3954000000.0,2658000000.0,5795000000.0,1603000000.0,491000000.0,1639062000.0,4085062000.0,11.311018131101813,1.487584650112867,0.3676585747846515,1.7367447595561036,0.0241808697909484,11.311018131101813,-0.0998766954377312,0.6465727810650888,-2.5294166666666666,1.0105191122071517,-0.08641975308641975,1.454772301933874,0.008541470670420034,0.33085356303837116,0.8062452972159518,-0.021143304620203602,21.28651948051948,0.08007889546351085,-15.771241830065359,-3.3740221939239583,0.3999369299991544,0.38055355977252775,0.1092896174863388,-15.727272727272727,0.4838709677419355,-2.4655659843944364,0.17634320451047564,-0.09057140654457786,Auto Parts,Consumer Cyclical,DAN
2022Q2,2022,Q2,2022-08-03,2022-06-30,11000000.0,2586000000.0,62000000.0,0.0765,183000000.0,0.0707656613,7919000000.0,1849000000.0,3953000000.0,2605000000.0,5817000000.0,1594000000.0,656000000.0,2017638000.0,4570638000.0,12.894002789400279,1.5174664107485605,0.3629246116933956,1.554353704705246,0.0047015676488025475,12.894002789400279,0.005949161709031909,0.7802157772621809,45.85540909090909,1.0912049756625204,1.3636363636363635,1.5075282308657465,0.007434435711460628,0.32655638338174015,0.8222648752399232,0.001389064275792398,12.081664670658682,0.07076566125290024,-0.4115384615384616,-0.843557860412124,0.4191559032199381,0.6685000928553713,-0.07106598984771574,-0.42105263157894735,-0.08823529411764706,1.1624415456559194,0.12611452024371564,0.08201422008953395,Auto Parts,Consumer Cyclical,DAN
2022Q1,2022,Q1,2022-04-28,2022-03-31,19000000.0,2480000000.0,68000000.0,0.13,197000000.0,0.0794354839,8053000000.0,1932000000.0,3994000000.0,2620000000.0,5866000000.0,1631000000.0,664000000.0,2533594000.0,5209594000.0,13.398058252427184,1.5244274809160305,0.3644604495219173,1.519151138716356,0.006824099847355661,13.398058252427184,0.009834368530020704,1.0216104838709676,33.33676315789474,1.3113840579710145,0.7368421052631579,1.3997547516860822,0.005525747219167712,0.3079597665466286,0.8217557251908397,0.0023593691791878803,-10.690270042194093,0.07943548387096774,-0.38095238095238093,-0.7459639389736478,0.46201019062785115,0.7971792423942214,0.5390625,-0.36666666666666664,-0.0684931506849315,-0.8065258003340033,0.14417036491286112,0.34447739367104024,Auto Parts,Consumer Cyclical,DAN
2021Q4,2021,Q4,2022-02-23,2021-12-31,30000000.0,2273000000.0,73000000.0,0.21,128000000.0,0.0563132424,7632000000.0,1922000000.0,3586000000.0,2174000000.0,5459000000.0,1564000000.0,662000000.0,3292926000.0,5693926000.0,13.31947331947332,1.6494940202391903,0.34971174004192873,1.3886576482830384,0.00983041413425024,13.31947331947332,0.015608740894901144,1.4487135943686757,27.441049999999997,1.7132809573361083,0.4666666666666667,1.3714833759590792,0.0042515379938692826,0.29782494758909855,0.8399264029438822,0.003930817610062893,-1646.463,0.056313242410910694,-0.3636363636363637,-0.9382300619414022,0.5686590316859841,0.6588903244045854,-0.3786407766990291,-0.375,-0.2980769230769231,-0.6989604989604989,0.15604457824427415,0.4339477595983173,Auto Parts,Consumer Cyclical,DAN
2021Q3,2021,Q3,2021-10-26,2021-09-30,48000000.0,2204000000.0,104000000.0,0.33,206000000.0,0.09346642468239565,7577000000.0,1856000000.0,3603000000.0,2173000000.0,5470000000.0,1546000000.0,648000000.0,3220352000.0,5659352000.0,12.817679558011049,1.6580763920846755,0.3509304474066253,1.4326508620689655,0.015289870460819708,12.817679558011049,0.02586206896551724,1.4611397459165154,16.772666666666666,1.735103448275862,0.3125,1.2923673997412677,0.004657875909217378,0.2908802956315164,0.8656235618959963,0.006334961066385113,-18.94324705882353,0.09346642468239565,-0.08333333333333326,-0.16254725210817098,0.5836872864305561,1.3877695425014116,-0.18253968253968253,-0.09433962264150944,-0.1875,-0.4950857807502181,0.11348731069387581,0.4969477256208221,Auto Parts,Consumer Cyclical,DAN
2021Q2,2021,Q2,2021-07-30,2021-06-30,53000000.0,2205000000.0,128000000.0,0.36,252000000.0,0.11428571428571428,7679000000.0,1871000000.0,3650000000.0,2200000000.0,5546000000.0,1435000000.0,617000000.0,3449952000.0,5694952000.0,12.885674931129477,1.6590909090909092,0.34236228675608804,1.405130946018172,0.020544979469951475,12.885674931129477,0.028327097808658473,1.564604081632653,16.27335849056604,1.8439080705505078,0.2830188679245283,1.3609756097560977,0.004347886579291538,0.2871467639015497,0.9390909090909091,0.006901940356817294,-265.38092307692307,0.11428571428571428,-0.25,0.009641873278236984,0.4400131504388825,1.5424494547827476,0.00398406374501992,-0.2535211267605634,-0.022900763358778626,-0.5728750111081489,0.07277575703927837,0.6329357489143119,Auto Parts,Consumer Cyclical,DAN
2021Q1,2021,Q1,2021-04-28,2021-03-31,71000000.0,2263000000.0,131000000.0,0.48,251000000.0,0.11091471498011489,7602000000.0,1795000000.0,3573000000.0,2170000000.0,5550000000.0,1260000000.0,583000000.0,3525416999.9999995,5695417000.0,12.387853692201519,1.6465437788018433,0.34898710865561694,1.4779944289693594,0.020029900445108897,12.387853692201519,0.03955431754874652,1.557851082633672,12.41344014084507,1.9640206128133701,0.19718309859154928,1.596825396825397,0.003971161425726375,0.2976848197842673,1.0018433179723503,0.009339647461194422,-135.5929615384615,0.11091471498011489,0.7777777777777776,0.6267770876466526,0.6102688082164184,1.3788500534895975,0.1895734597156398,0.775,0.43956043956043955,-0.33941671139738777,0.06357921756303017,0.6337604144787511,Auto Parts,Consumer Cyclical,DAN
2020Q4,2020,Q4,2021-02-18,2020-12-31,40000000.0,2108000000.0,91000000.0,0.27,211000000.0,0.10009487666034156,7376000000.0,1758000000.0,3288000000.0,1941000000.0,5362000000.0,1149000000.0,530000000.0,2822592000.0,4914592000.0,12.157676348547717,1.6939721792890263,0.35940889370932755,1.5079635949943118,0.011854103343465046,12.157676348547717,0.022753128555176336,1.3389905123339658,17.641199999999998,1.6055699658703073,0.0,1.6510008703220191,0.0,0.2857917570498915,1.0365790829469346,0.005422993492407809,61.360695652173916,0.10009487666034156,-0.12903225806451607,1.5100698309887663,0.603066012825349,1.5250558570060644,-0.014018691588785047,-0.1111111111111111,-0.10784313725490197,1.386743270560698,0.1538718112624242,0.7450406131084285,Auto Parts,Consumer Cyclical,DAN
2020Q3,2020,Q3,2020-10-28,2020-09-30,45000000.0,1994000000.0,102000000.0,0.31,214000000.0,0.10732196589769308,7522000000.0,1703000000.0,3604000000.0,1837000000.0,5577000000.0,1087000000.0,535000000.0,1780240000.0,3894240000.0,11.785467128027681,1.9618943930321175,0.40813613400691306,1.802701115678215,0.01448008428036671,11.785467128027681,0.026423957721667644,0.8927983951855567,9.890222222222222,1.0453552554315912,0.0,1.6375344986200553,0.0,0.26508907205530446,1.2999455634186172,0.005982451475671364,6.820842911877395,0.10732196589769308,1.2583333333333333,-0.586519728998866,0.4852116195091596,0.9601092697140775,22.4,1.2586206896551724,2.096774193548387,-0.345569429817963,0.09279063570684792,0.4384618969394057,Auto Parts,Consumer Cyclical,DAN
2020Q2,2020,Q2,2020-07-30,2020-06-30,-174000000.0,1078000000.0,-93000000.0,-1.2,-10000000.0,-0.00927643784786642,6908000000.0,1644000000.0,3042000000.0,1379000000.0,5029000000.0,1116000000.0,490000000.0,1761455000.0,4118455000.0,11.377162629757786,2.2059463379260333,0.44166184134337,1.8558394160583942,-0.02348445530796404,11.377162629757786,-0.10583941605839416,1.6340027829313544,-2.530826149425287,1.0714446472019463,0.0,0.974910394265233,0.0,0.15605095541401273,1.2893401015228427,-0.025188187608569775,-13.244022556390977,-0.00927643784786642,-5.615384615384615,-4.308357281097883,-0.24841537975187147,0.8332386305007327,-1.0485436893203883,-5.578947368421052,-1.9207920792079207,-3.4557921926019786,-0.41291409658492556,0.4722190784530183,Auto Parts,Consumer Cyclical,DAN
2020Q1,2020,Q1,2020-04-30,2020-03-31,38000000.0,1926000000.0,101000000.0,0.26,206000000.0,0.10695742471443406,7235000000.0,1783000000.0,3307000000.0,2067000000.0,5200000000.0,1213000000.0,644000000.0,1126202000.0,3349202000.0,12.364771151178918,1.5999032414126755,0.39405666897028335,1.5989904655075715,0.037796257796257796,12.364771151178918,0.02131239484015704,0.584736240913811,7.409223684210526,0.631633202467751,0.39473684210526316,1.417971970321517,0.013319102612142404,0.2662059433310297,0.9443638122883405,0.0052522460262612305,-9.878964912280702,0.10695742471443406,-0.5517241379310345,-0.31107588666534575,0.3680393110729295,1.0549725616540544,-0.07623318385650224,-0.5529411764705883,-0.15833333333333333,-0.4919278779472955,0.13541597868921026,0.6585769095180626,Auto Parts,Consumer Cyclical,DAN
2019Q4,2019,Q4,2020-02-14,2019-12-31,85000000.0,1987000000.0,120000000.0,0.58,223000000.0,0.11222949169602416,7220000000.0,1873000000.0,3162000000.0,1845000000.0,5085000000.0,1193000000.0,622000000.0,2620800000.0,4664800000.0,13.006944444444445,1.7138211382113822,0.35346260387811634,1.3625200213561133,0.02783138226225131,13.006944444444445,0.04538174052322477,1.31897332662305,7.708235294117647,1.399252536038441,0.17647058823529413,1.4786253143336128,0.005723443223443224,0.275207756232687,0.9929539295392954,0.011772853185595568,11.858823529411765,0.11222949169602416,-0.24675324675324684,-0.08967252803261973,0.46621145877229947,1.0245068158436215,-0.20921985815602837,-0.23423423423423423,-0.21568627450980393,-0.8246205612829325,0.3741395031866697,0.6199660280418707,Auto Parts,Consumer Cyclical,DAN
2019Q3,2019,Q3,2019-10-30,2019-09-30,111000000.0,2164000000.0,153000000.0,0.77,282000000.0,0.13031423290203328,7231000000.0,1791000000.0,3273000000.0,1990000000.0,5179000000.0,1233000000.0,552000000.0,2079360000.0,4322360000.0,12.4375,1.6447236180904523,0.3657861983128198,1.4768285873813511,0.03164570808067348,12.4375,0.06197654941373534,0.9608872458410351,4.6832432432432425,1.161005025125628,0.12612612612612611,1.5263584752635848,0.006732840874115113,0.2992670446687872,0.957286432160804,0.015350573917853685,16.905365853658537,0.13031423290203328,2.638297872340426,0.3403935185185185,0.43668125975700806,0.5837825467860049,-0.13496932515337423,2.6323529411764706,3.1549295774647885,0.9473684210526317,0.5635838150289019,1.3169469598965071,Auto Parts,Consumer Cyclical,DAN
2019Q2,2019,Q2,2019-07-31,2019-06-30,-68000000.0,2306000000.0,-71000000.0,-0.47,326000000.0,0.14137033824804857,7346000000.0,1716000000.0,3370000000.0,2064000000.0,5427000000.0,1286000000.0,456000000.0,2818080000.0,5186080000.0,11.916666666666666,1.6327519379844961,0.3616934386060441,1.5483682983682985,-0.009152417185779785,11.916666666666666,-0.039627039627039624,1.2220641803989591,-10.360588235294118,1.6422377622377624,-0.22058823529411764,1.5396578538102643,0.005322772951796968,0.313912333242581,0.940406976744186,-0.009256738361012797,-148.32,0.14137033824804857,-1.691176470588235,-1.8604328165374677,0.4674715724496426,0.41251260716086713,0.08666666666666667,-1.6938775510204083,-1.4303030303030304,-2.3061844863731658,0.5185227109386229,1.3512561686855094,Auto Parts,Consumer Cyclical,DAN
2019Q1,2019,Q1,2019-05-02,2019-03-31,98000000.0,2163000000.0,165000000.0,0.68,300000000.0,0.13869625520110956,7284000000.0,1434000000.0,3443000000.0,2113000000.0,5640000000.0,1282000000.0,538000000.0,2650638000.0000005,4933638000.0,9.965253648366922,1.6294368196876479,0.3660076880834706,1.8591352859135286,0.03180222767757512,9.965253648366922,0.06834030683403068,1.2254452149791957,6.761831632653061,1.8484225941422596,0.14285714285714285,1.453198127925117,0.005281747262357213,0.29695222405271826,0.9564600094652154,0.013454146073585941,-23.251210526315795,0.13869625520110956,-0.014492753623188259,2.0185586395781385,0.3419506206587645,0.18063185912648996,0.171875,-0.02,0.1,1.2610145934676857,0.5498081397105479,0.913636111910049,Auto Parts,Consumer Cyclical,DAN
2018Q4,2018,Q4,2019-02-15,2018-12-31,100000000.0,1973000000.0,150000000.0,0.69,256000000.0,0.12975164723770907,5918000000.0,1345000000.0,2907000000.0,1747000000.0,4376000000.0,1031000000.0,456000000.0,1973624000.0,3246624000.0,9.28867403314917,1.6639954207212364,0.301284217641095,1.3256505576208177,0.046485985698627275,9.28867403314917,0.07434944237918216,1.000316269640142,4.934060000000001,1.4673784386617101,0.15,1.6653734238603297,0.007600231857739873,0.3333896586684691,1.0154550658271322,0.01689760054072322,8.189311203319502,0.12975164723770907,0.06153846153846142,1.4006840305182848,0.224969722123942,0.03601711905254321,-0.1048951048951049,0.05263157894736842,-0.09090909090909091,2.273413286619054,0.4983304871923658,0.9291861453463662,Auto Parts,Consumer Cyclical,DAN
2018Q3,2018,Q3,2018-10-29,2018-09-30,95000000.0,1978000000.0,165000000.0,0.65,286000000.0,0.14459049544994945,5947000000.0,1239000000.0,2962000000.0,1799000000.0,4480000000.0,1100000000.0,371000000.0,2704443000.0,4178443000.0,8.562543192812717,1.6464702612562534,0.3020010089120565,1.4495560936238903,0.04099003687142072,8.562543192812717,0.07667473769168684,1.3672613751263902,7.116955263157895,2.182762711864407,0.14736842105263157,1.538181818181818,0.00517666669255,0.3326046746258618,0.9777654252362423,0.01597444089456869,79.54244117647059,0.14459049544994945,-0.23529411764705876,0.4076791739501605,0.19415016627033144,0.008415829977458926,-0.07142857142857142,-0.23387096774193547,-0.05714285714285714,-0.12830370572555216,0.471257831198251,0.4240861310151676,Auto Parts,Consumer Cyclical,DAN
2018Q2,2018,Q2,2018-07-25,2018-06-30,124000000.0,2054000000.0,175000000.0,0.85,308000000.0,0.14995131450827653,5924000000.0,1145000000.0,2947000000.0,1812000000.0,4524000000.0,1046000000.0,290000000.0,2929569000.0,4399569000.0,7.8911095796002755,1.6263796909492274,0.30536799459824443,1.5799126637554586,0.06126706363673189,7.8911095796002755,0.10829694323144105,1.4262750730282376,5.906389112903226,2.5585755458515287,0.11290322580645161,1.6692160611854685,0.004778859961994409,0.3467251856853477,0.9862030905077263,0.020931802835921675,48.02572131147541,0.14995131450827653,0.1643835616438356,0.35525724387978286,0.14740255762309512,-0.36496807078671806,0.003257328990228013,0.14814814814814814,0.0,1.3479307082199299,0.42613289563914913,0.27151974438688337,Auto Parts,Consumer Cyclical,DAN
2018Q1,2018,Q1,2018-04-30,2018-03-31,108000000.0,2138000000.0,175000000.0,0.73,307000000.0,0.14359214218896166,5945000000.0,1104000000.0,3164000000.0,1861000000.0,4681000000.0,1032000000.0,181000000.0,3750656000.0,5065656000.0,7.582417582417582,1.7001612036539495,0.3017661900756939,1.625,0.041441697451927634,7.582417582417582,0.09782608695652174,1.7542825070159027,8.682074074074075,3.3973333333333335,0.1388888888888889,1.7742248062015504,0.003999300389051942,0.3596299411269975,1.0859752821063944,0.018166526492851134,-40.32963440860215,0.14359214218896166,1.9864864864864864,1.6138147566718997,0.2966836266358939,-0.3924213306996198,0.20866141732283464,2.0384615384615383,0.4462809917355372,0.9391679748822608,0.5040209324257833,0.2601656668256063,Auto Parts,Consumer Cyclical,DAN
2017Q4,2017,Q4,2018-02-14,2017-12-31,-104000000.0,1837000000.0,121000000.0,-0.74,254000000.0,0.13826891671203048,5644000000.0,1013000000.0,2882000000.0,1702000000.0,4483000000.0,969000000.0,86000000.0,4654254000.0,5850254000.0,6.966987620357634,1.6933019976498238,0.3187455705173636,1.7759131293188548,-0.06992354196301565,6.966987620357634,-0.10266535044422508,2.5336167664670657,-11.188110576923076,4.594525172754195,-0.08653846153846154,1.6336429308565532,0.0019337148337843187,0.32547838412473423,1.062867215041128,-0.01842664776754075,91.25988235294118,0.13826891671203048,-2.6086956521739126,-2.2070151306740025,0.16604459270113173,-0.4386339329228927,-0.055762081784386616,-2.5072463768115942,-0.14788732394366197,-2.1030879699153235,0.34247431124218997,0.08439872127973923,Auto Parts,Consumer Cyclical,DAN
2017Q3,2017,Q3,2017-10-26,2017-09-30,69000000.0,1831000000.0,142000000.0,0.46,269000000.0,0.14691425450573456,5710000000.0,1188000000.0,2843000000.0,1653000000.0,4366000000.0,911000000.0,202000000.0,4054200000.0,5287200000.0,8.193103448275862,1.719903206291591,0.3136602451838879,1.5075757575757576,0.032541895834947196,8.193103448275862,0.05808080808080808,2.214199890770071,14.689130434782609,3.412626262626263,0.13043478260869565,1.7145993413830956,0.0022199200828770162,0.3206654991243433,1.1167574107683,0.012084063047285465,40.95151515151515,0.14691425450573456,-0.021276595744680753,0.2584852216748768,0.09046385844978391,-0.36900747754048097,-0.025362318840579712,-0.028169014084507043,0.0,-0.17252873563218393,0.20721884018284076,0.04330405993097835,Auto Parts,Consumer Cyclical,DAN
2017Q2,2017,Q2,2017-07-31,2017-06-30,71000000.0,1840000000.0,142000000.0,0.47,276000000.0,0.15,5597000000.0,1119000000.0,2775000000.0,1587000000.0,4325000000.0,852000000.0,143000000.0,3233383999.9999995,4537384000.0,7.7279005524861875,1.7485822306238186,0.3344648919063784,1.6729222520107239,0.03260961335184003,7.7279005524861875,0.06344950848972297,1.757273913043478,11.385154929577464,2.8895299374441463,0.11267605633802817,1.835680751173709,0.002474188033342158,0.3287475433267822,1.1531190926275992,0.012685367160979096,33.681083333333326,0.15,-0.07843137254901968,-0.1567438648336118,-0.035714589433878764,-0.3825194534237131,0.049429657794676805,-0.05333333333333334,0.0,-0.1065704098676603,0.16445349100190618,-0.08399242316597168,Auto Parts,Consumer Cyclical,DAN
2017Q1,2017,Q1,2017-05-02,2017-03-31,75000000.0,1701000000.0,142000000.0,0.51,263000000.0,0.15461493239271018,5290000000.0,1078000000.0,2504000000.0,1616000000.0,4063000000.0,814000000.0,82000000.0,2792226000.0,4205226000.0,7.455048409405256,1.5495049504950495,0.34706994328922497,1.7031539888682745,0.03480733405235808,7.455048409405256,0.06957328385899815,1.6415202821869488,9.307419999999999,2.590191094619666,0.12,1.7665847665847665,0.003223234795464264,0.3215500945179584,0.9851485148514851,0.014177693761814745,-32.849717647058824,0.15461493239271018,-0.847305389221557,0.09291641967990523,-0.12234997072138722,-0.4065733187332567,0.28921568627450983,-0.845360824742268,0.39215686274509803,1.2989382474981694,0.050211647755206486,-0.11676431187313507,Auto Parts,Consumer Cyclical,DAN
2016Q4,2016,Q4,2017-02-10,2016-12-31,485000000.0,1447000000.0,102000000.0,3.34,204000000.0,0.1409813407049067,4860000000.0,1157000000.0,2284000000.0,1253000000.0,3618000000.0,638000000.0,195000000.0,2735018000.0,3692018000.0,8.029146426092991,1.8228252194732641,0.34238683127572017,1.4382022471910112,-1.9324116743471582,8.029146426092991,0.4191875540190147,1.8901299239806497,1.4098030927835052,2.3638876404494384,0.018556701030927835,1.9482758620689655,0.0032906547598589844,0.2977366255144033,1.2513966480446927,0.09979423868312758,35.06433333333333,0.1409813407049067,7.564102564102563,5.992161155691958,-0.2233132835053441,-0.3181928049230189,-0.019230769230769232,7.508771929824562,-0.06422018348623854,10.699877730412082,-0.0972419262758826,-0.10446495171155325,Auto Parts,Consumer Cyclical,DAN
2016Q3,2016,Q3,2016-10-20,2016-09-30,57000000.0,1384000000.0,109000000.0,0.39,208000000.0,0.15028901734104047,4613000000.0,773000000.0,2641000000.0,1252000000.0,3743000000.0,696000000.0,-281000000.0,2244960000.0,3182960000.0,5.368055555555555,2.1094249201277955,0.36093648384998916,2.153945666235446,0.03663635949320937,5.368055555555555,0.07373868046571798,1.6220809248554913,9.846315789473685,2.904217335058215,0.14035087719298245,1.6896551724137931,0.0035635378804076685,0.3000216778668979,1.4416932907348243,0.01235638413180143,-86.34461538461538,0.15028901734104047,0.08333333333333341,-0.4710227272727273,-0.2762124316939891,-0.5501116495629038,-0.1072961373390558,0.07547169811320754,-0.14173228346456693,-0.1512867647058824,-0.16039544637507488,-0.3678008885298869,Auto Parts,Consumer Cyclical,DAN
2016Q2,2016,Q2,2016-07-21,2016-06-30,53000000.0,1546000000.0,127000000.0,0.36,233000000.0,0.15071151358344115,4567000000.0,743000000.0,2637000000.0,1237000000.0,3729000000.0,666000000.0,-330000000.0,1548096000.0,2471096000.0,5.068212824010914,2.131770412287793,0.36522881541493324,2.2449528936742933,0.03358046453753629,5.068212824010914,0.07133243606998654,1.0013557567917206,7.30233962264151,2.0835746971736206,0.16981132075471697,1.9714714714714714,0.0058135929554756285,0.33851543682942853,1.49232012934519,0.011604992336325816,14.334222222222222,0.15071151358344115,0.2,-0.21846160019260094,-0.19802468647861612,-0.5908691460024139,0.1708542713567839,0.17777777777777778,0.2828282828282828,-0.42666379975087493,-0.14521221767470063,-0.5921388576816369,Auto Parts,Consumer Cyclical,DAN
2016Q1,2016,Q1,2016-04-21,2016-03-31,45000000.0,1449000000.0,99000000.0,0.3,199000000.0,0.137336093857833,4468000000.0,778000000.0,2563000000.0,1152000000.0,3584000000.0,670000000.0,-374000000.0,2105046000.0,3037046000.0,5.207496653279786,2.224826388888889,0.35832587287376905,2.057840616966581,0.027742749054224466,5.207496653279786,0.05784061696658098,1.4527577639751552,11.6947,2.7057146529562983,0.2,1.8656716417910448,0.004275441011740361,0.32430617726051925,1.5364583333333333,0.010071620411817368,-21.480061224489795,0.137336093857833,1.5555555555555556,2.455823293172691,-0.21870816599732262,-0.5584286463593164,0.1569767441860465,1.548780487804878,0.2375,0.06138841078600128,-0.14354314633234613,-0.5827236033105532,Auto Parts,Consumer Cyclical,DAN
2015Q4,2015,Q4,2016-02-18,2015-12-31,-82000000.0,1375000000.0,80000000.0,-0.54,172000000.0,0.12509090909090909,4326000000.0,728000000.0,2474000000.0,1091000000.0,3495000000.0,625000000.0,-410000000.0,2086560000.0,2870560000.0,4.814814814814815,2.2676443629697527,0.3640776699029126,2.1634615384615383,-0.03473729917498915,4.814814814814815,-0.11263736263736264,1.5174981818181819,-6.361463414634147,2.8661538461538463,-0.12195121951219512,1.9248,0.004792577256345372,0.3178455848358761,1.5957836846929423,-0.018955154877484975,28.98,0.12509090909090909,-1.72,-4.616969009826153,-0.15419004177823942,-0.5856687548082207,-0.19248826291079812,-1.6890756302521008,-0.2857142857142857,-1.9151785714285714,-0.16069208914143668,-0.6120455778621812,Auto Parts,Consumer Cyclical,DAN
2015Q3,2015,Q3,2015-10-22,2015-09-30,119000000.0,1468000000.0,112000000.0,0.75,213000000.0,0.14509536784741145,4600000000.0,950000000.0,2681000000.0,1196000000.0,3549000000.0,690000000.0,-318000000.0,2509040000.0,3298040000.0,6.012658227848101,2.241638795986622,0.3491304347826087,1.6905263157894737,0.11879673100330379,6.012658227848101,0.12526315789473685,1.7091553133514987,5.27109243697479,2.6410947368421054,0.07563025210084033,1.818840579710145,0.0035870293020438095,0.3191304347826087,1.5551839464882944,0.025869565217391303,36.89764705882353,0.14509536784741145,1.0833333333333335,1.308613098514034,-0.13585050599512377,-0.5015962315540375,-0.09745762711864407,1.0169491525423728,-0.1450381679389313,0.9918512658227847,-0.19765730523674208,-0.5369346419426397,Auto Parts,Consumer Cyclical,DAN
2015Q2,2015,Q2,2015-07-23,2015-06-30,59000000.0,1609000000.0,131000000.0,0.36,236000000.0,0.14667495338719702,4790000000.0,1006000000.0,2879000000.0,1302000000.0,3681000000.0,695000000.0,-428000000.0,3336017999.9999995,4063017999.9999995,6.206045650832819,2.2112135176651306,0.3384133611691023,1.6113320079522864,0.03135951400798214,6.206045650832819,0.05864811133200795,2.073348663766314,14.135669491525421,3.316121272365805,0.3050847457627119,1.9755395683453238,0.005395654339994569,0.3359081419624217,1.577572964669739,0.012317327766179541,37.90929545454545,0.14667495338719702,-0.05263157894736847,4.661799986291042,-0.08936040160960795,-0.44694691844901674,0.03508771929824561,-0.06349206349206349,0.056451612903225805,-0.3740513320803983,-0.24676695589474856,-0.5041198531830503,Auto Parts,Consumer Cyclical,DAN
2015Q1,2015,Q1,2015-04-23,2015-03-31,63000000.0,1608000000.0,124000000.0,0.38,228000000.0,0.1417910447761194,4738000000.0,991000000.0,2860000000.0,1268000000.0,3641000000.0,686000000.0,-477000000.0,3485052000.0,4225052000.0,6.017000607164541,2.2555205047318614,0.3429717180244829,1.639757820383451,0.033271583156904254,6.017000607164541,0.06357214934409687,2.167320895522388,13.829571428571429,3.516702320887992,0.0,2.011661807580175,0.0,0.33938370620514985,1.6159305993690851,0.013296749683410722,-42.50063414634146,0.1417910447761194,-0.40625,2.7274810505905163,-0.09360158088253068,-0.48065346177371404,0.02242152466367713,-0.42201834862385323,0.6986301369863014,-0.19398907103825141,-0.2715868185407229,-0.5210428550692013,Auto Parts,Consumer Cyclical,DAN
2014Q4,2014,Q4,2015-02-20,2014-12-31,109000000.0,1582000000.0,73000000.0,0.64,223000000.0,0.14096080910240202,4930000000.0,1080000000.0,2954000000.0,1261000000.0,3750000000.0,654000000.0,-532000000.0,3654493999.9999995,4211493999.9999995,6.424747174301011,2.3425852498017448,0.3403651115618661,1.5537037037037038,-0.05968377198595174,6.424747174301011,0.10092592592592593,2.3100467762326167,8.381866972477065,3.3837907407407406,0.09174311926605505,2.0779816513761467,0.0027363569347767435,0.32089249492900607,1.7145122918318794,0.022109533468559837,30.970288135593215,0.14096080910240202,0.23076923076923075,1.3846580425291644,-0.1175156879237752,-0.4642855244775809,-0.07083333333333333,0.2111111111111111,-0.45112781954887216,0.3470771086961985,-0.2720859652608958,-0.45443281047242423,Auto Parts,Consumer Cyclical,DAN
2014Q3,2014,Q3,2014-10-23,2014-09-30,90000000.0,1637000000.0,133000000.0,0.52,240000000.0,0.14660965180207697,5014000000.0,1229000000.0,3141000000.0,1303000000.0,3681000000.0,726000000.0,-632000000.0,3000105000.0000005,3506105000.0000005,7.853035143769968,2.4105909439754414,0.3209014758675708,1.309194467046379,0.035632123658262425,7.853035143769968,0.07323026851098453,1.8326847892486258,8.333625,2.4410943856794143,0.1111111111111111,1.9242424242424243,0.0033332166707498567,0.32648583964898287,1.765157329240215,0.017949740725967292,49.18204918032788,0.14660965180207697,0.06122448979591842,2.528501765596099,-0.2050666262798183,-0.6334766407020487,-0.03225806451612903,0.046511627906976744,0.015267175572519083,-0.2314841707812954,-0.21228002409259936,-0.3418493921697917,Auto Parts,Consumer Cyclical,DAN
2014Q2,2014,Q2,2014-07-24,2014-06-30,86000000.0,1710000000.0,131000000.0,0.49,248000000.0,0.14502923976608187,5212000000.0,1322000000.0,3258000000.0,1360000000.0,3786000000.0,727000000.0,-713000000.0,3826614000.0000005,4259614000.0000005,8.43650287172942,2.3955882352941176,0.307943207981581,1.214069591527988,0.03234447178256339,8.43650287172942,0.06505295007564296,2.237785964912281,11.123877906976745,2.8945642965204237,0.20930232558139536,2.0110041265474554,0.004703897492665839,0.3280890253261704,1.7647058823529411,0.01650038372985418,28.77153383458647,0.14502923976608187,1.5789473684210527,0.0,-0.08297716023231243,-0.5582982789670461,0.05982905982905983,1.5294117647058822,0.11965811965811966,0.18641840909944063,-0.17012516626714125,-0.31896434808115065,Auto Parts,Consumer Cyclical,DAN
2014Q1,2014,Q1,2014-04-25,2014-03-31,34000000.0,1688000000.0,117000000.0,0.19,234000000.0,0.1386255924170616,5158000000.0,1272000000.0,3219000000.0,1355000000.0,3781000000.0,723000000.0,-788000000.0,3506789000.0,3990789000.0,8.440610484406104,2.3756457564575646,0.31019775106630476,1.2578616352201257,0.02122974616501236,8.440610484406104,0.026729559748427674,2.07748163507109,25.785213235294115,2.756909591194969,0.058823529411764705,2.0110650069156293,0.0005703223090981522,0.32725862737495154,1.7505535055350554,0.006591702210158977,-97.41080555555556,0.1386255924170616,-0.1739130434782609,1.1437030587618713,-0.07886005657807428,-0.5300328238081234,0.10377358490566038,-0.19047619047619047,0.2857142857142857,2.090466710904667,-0.09769225097692252,-0.28427571915854666,Auto Parts,Consumer Cyclical,DAN
2013Q4,2013,Q4,2014-02-21,2013-12-31,42000000.0,1624000000.0,91000000.0,0.23,212000000.0,0.13054187192118227,5129000000.0,1309000000.0,3165000000.0,1268000000.0,3716000000.0,670000000.0,-812000000.0,2864520000.0,3232520000.0,8.965753424657533,2.4960567823343847,0.3166309222070579,1.2406417112299466,0.020047732696897372,8.965753424657533,0.03208556149732621,1.7638669950738917,17.05071428571429,2.188326967150497,0.30952380952380953,2.1074626865671644,0.004538282155474564,0.3166309222070579,1.8785488958990537,0.008188730746734256,14.467272727272727,0.13054187192118227,1.1982758620689655,-0.9364964165835072,-0.510418676442215,-0.5548285290636776,-0.09787234042553192,-0.38235294117647056,-0.24166666666666667,3.9794520547945207,0.034558506945969895,-0.22846632250721527,Auto Parts,Consumer Cyclical,DAN
2013Q3,2013,Q3,2013-10-29,2013-09-30,68000000.0,1669000000.0,120000000.0,-1.16,235000000.0,0.14080287597363692,5244000000.0,1238000000.0,3201000000.0,1346000000.0,3909000000.0,774000000.0,-835000000.0,3330072000.0,3841072000.0,8.491083676268861,2.3781575037147102,0.3112128146453089,1.3182552504038771,0.02800987787963871,8.491083676268861,0.05492730210016155,1.9952498502097065,12.242911764705882,2.689880452342488,0.22058823529411764,1.8527131782945736,0.004504407111918301,0.31826849733028223,1.7184249628528974,0.012967200610221205,61.668,0.14080287597363692,-3.6363636363636362,1.172100486436963,-0.4065739798512488,-0.6565095600214862,-0.09266409266409266,-0.2608695652173913,-0.11764705882352941,0.42959384505278214,0.06467908835249785,-0.2961535576990539,Auto Parts,Consumer Cyclical,DAN
2013Q2,2013,Q2,2013-07-25,2013-06-30,92000000.0,1800000000.0,136000000.0,0.44,259000000.0,0.1438888888888889,5174000000.0,1813000000.0,3160000000.0,1415000000.0,3263000000.0,773000000.0,-658000000.0,2938426000.0,2806426000.0,12.426319396847155,2.23321554770318,0.17356010823347506,0.49531163816878104,0.036555062778973975,12.426319396847155,0.0507446221731936,1.632458888888889,7.984853260869564,1.620753447324876,0.2391304347826087,1.9935316946959896,0.007487001544364227,0.34789331271743335,1.6007067137809188,0.01778121376111326,18.3651625,0.1438888888888889,1.3157894736842106,1.450406344854597,-0.4711865721344114,-0.5828694395150333,0.2102803738317757,1.1904761904761905,0.4782608695652174,8.808849287944561,0.1318547956058882,0.10737410283806605,Auto Parts,Consumer Cyclical,DAN
2013Q1,2013,Q1,2013-04-25,2013-03-31,42000000.0,1676000000.0,92000000.0,0.19,214000000.0,0.1276849642004773,5234000000.0,1847000000.0,3157000000.0,1406000000.0,3286000000.0,776000000.0,-736000000.0,2613680000.0,2555680000.0,12.47972972972973,2.245376955903272,0.17634696217042414,0.4997292907417434,0.020582701988101897,12.47972972972973,0.02273957769355712,1.5594749403341288,15.557619047619049,1.4150947482403897,0.19047619047619047,1.884020618556701,0.003060818462856968,0.32021398547955676,1.6038406827880511,0.008024455483377914,-59.40181818181818,0.1276849642004773,-0.5365853658536585,-0.9585717103965279,-0.5101935845880483,-0.5913644489282996,0.08629441624365482,-0.5227272727272727,0.16455696202531644,2.2816041848299915,0.05132984443329265,0.07716532809011234,Auto Parts,Consumer Cyclical,DAN
2012Q4,2012,Q4,2013-02-21,2012-12-31,88000000.0,1609000000.0,79000000.0,0.41,197000000.0,0.12243629583592293,5144000000.0,1843000000.0,2953000000.0,1310000000.0,3196000000.0,742000000.0,-762000000.0,2318085000.0,2163085000.0,12.41077441077441,2.2541984732824427,0.17573872472783825,0.4905046120455779,0.05575655817478065,12.41077441077441,0.04774823657080846,1.4406991920447483,6.58546875,1.2577780792186652,0.18181818181818182,1.9029649595687332,0.006902249054715422,0.31279160186625193,1.6083969465648855,0.017107309486780714,13.880748502994011,0.12243629583592293,0.5769230769230768,1.230580775327857,-0.49768118521016064,2.5870555512499243,-0.1722689075630252,0.5714285714285714,-0.33613445378151263,1.3515379786566228,0.016009616143574646,0.03484718136296458,Auto Parts,Consumer Cyclical,DAN
2012Q3,2012,Q3,2012-10-26,2012-09-30,56000000.0,1715000000.0,119000000.0,0.26,238000000.0,0.13877551020408163,5312000000.0,1923000000.0,3169000000.0,1529000000.0,3285000000.0,870000000.0,-834000000.0,1831997000.0,1827997000.0,12.984469952734639,2.0725964682799214,0.17620481927710843,0.48673946957878317,0.02716444837171628,12.984469952734639,0.029121164846593862,1.0682198250728863,8.178558035714286,0.9526765470618824,0.26785714285714285,1.6977011494252874,0.008187786333711245,0.3228539156626506,1.4172661870503598,0.010542168674698794,20.818147727272727,0.13877551020408163,-0.35000000000000003,1.8220062824765877,-0.1845060912402164,4.633713606175739,-0.13454545454545455,-0.3488372093023256,-0.20666666666666667,2.0050108390490067,-0.11995382698022457,-0.39397806597680296,Auto Parts,Consumer Cyclical,DAN
2012Q2,2012,Q2,2012-07-26,2012-06-30,86000000.0,1949000000.0,150000000.0,0.4,275000000.0,0.14109799897383274,5375000000.0,1851000000.0,3236000000.0,1619000000.0,3425000000.0,871000000.0,-875000000.0,1894599000.0,1967599000.0,12.515212981744423,1.9987646695491044,0.17748837209302326,0.5153970826580226,0.040810582606248244,12.515212981744423,0.046461372231226365,0.9720877373011801,5.507555232558139,1.0235542949756888,0.1744186046511628,1.9219288174512055,0.007917242646069168,0.3626046511627907,1.3773934527486102,0.016,17.706532710280374,0.14109799897383274,0.21212121212121213,1.6557977092833505,-0.13644673307475477,4.2648381691507184,0.026119402985074626,0.22857142857142856,0.16279069767441862,0.0,0.10738007170413794,-0.3447532470290879,Auto Parts,Consumer Cyclical,DAN
2012Q1,2012,Q1,2012-04-25,2012-03-31,70000000.0,1977000000.0,129000000.0,0.33,268000000.0,0.13555892766818411,5422000000.0,1853000000.0,3170000000.0,1619000000.0,3464000000.0,855000000.0,-946000000.0,2286250000.0,2448250000.0,12.56271186440678,1.9579987646695491,0.17244559203246035,0.5045871559633027,0.062420481308031725,12.56271186440678,0.037776578521316787,1.1564238745574102,8.165178571428571,1.2338100377765786,0.21428571428571427,1.998830409356725,0.006560962274466922,0.3646255994098119,1.3440395305744286,0.012910365178900774,-12.225935828877006,0.13555892766818411,-0.31443661971830983,1.77376565954311,-0.06270001185255424,3.1886257603496135,0.2523364485981308,-0.014084507042253521,0.3723404255319149,1.3022778797365864,0.10225245316681537,-0.3005171567702239,Auto Parts,Consumer Cyclical,DAN
2011Q4,2011,Q4,2012-02-23,2011-12-31,71000000.0,1907000000.0,94000000.0,0.48135593220338985,214000000.0,0.11221814368117462,5305000000.0,1737000000.0,3049000000.0,1493000000.0,3467000000.0,784000000.0,-1001000000.0,1792125000.0,1763125000.0,11.776271186440677,2.042196918955124,0.1700282752120641,0.5192861255037421,0.038907511586556684,11.776271186440677,0.04087507196315487,0.9397614053487152,6.310299295774648,1.031735751295337,0.16901408450704225,2.1594387755102042,0.0066959614982213846,0.3594721960414703,1.4460817146684528,0.013383600377002827,15.583695652173914,0.11221814368117462,-0.05616483881688267,1.315298645548072,-0.029368351402249727,3.1180343860504816,-0.0815450643776824,-0.35454545454545455,2.76,-0.8937404123171325,-0.43095010742420625,-0.4152794842879505,Auto Parts,Consumer Cyclical,DAN
2011Q3,2011,Q3,2011-10-27,2011-09-30,110000000.0,1952000000.0,25000000.0,0.51,233000000.0,0.11936475409836066,5348000000.0,1754000000.0,3080000000.0,1564000000.0,3492000000.0,827000000.0,-1064000000.0,1543500000.0,1596500000.0,11.931972789115646,1.969309462915601,0.16903515332834704,0.5153933865450399,0.007385112727475406,11.931972789115646,0.06271379703534778,0.7907274590163934,3.5079545454545453,0.8799885974914482,0.09090909090909091,2.0785973397823456,0.006478781988986071,0.3649962602842184,1.2838874680306904,0.02056843679880329,30.87,0.11936475409836066,0.59375,1.315294657188718,-0.008543188305685548,13.551186328189813,0.0,0.6176470588235294,-0.7619047619047619,1.2761252102316942,-0.3116168188374364,-0.5173150166215353,Auto Parts,Consumer Cyclical,DAN
2011Q2,2011,Q2,2011-07-28,2011-06-30,68000000.0,1933000000.0,105000000.0,0.32,233000000.0,0.12053802379720642,5497000000.0,1821000000.0,2991000000.0,1558000000.0,3572000000.0,817000000.0,-1166000000.0,2690100000.0,2890100000.0,12.387755102040817,1.9197689345314506,0.1670001819174095,0.5041186161449753,0.02569271282421757,12.387755102040817,0.037342119714442616,1.3916709777547853,9.890073529411765,1.4772652388797365,0.23529411764705882,2.08078335373317,0.005947734284970818,0.3516463525559396,1.332477535301669,0.012370383845734037,61.138636363636365,0.12053802379720642,2.230769230769231,3.478134110787172,-0.14241348713398408,2.8391803002192617,0.08372093023255814,3.2666666666666666,0.06060606060606061,1.3304178814382897,-0.43636262906362716,-0.5841639777764076,Auto Parts,Consumer Cyclical,DAN
2011Q1,2011,Q1,2011-04-27,2011-03-31,-30000000.0,1800000000.0,99000000.0,-0.26,215000000.0,0.11944444444444445,5298000000.0,1710000000.0,2957000000.0,1517000000.0,3486000000.0,764000000.0,-1229000000.0,2521550000.0,2567550000.0,11.793103448275861,1.949241924851681,0.16666666666666666,0.5163742690058479,-0.5536058619359815,11.793103448275861,-0.017543859649122806,1.4008611111111111,-21.01291666666667,1.474590643274854,-0.06666666666666667,2.074607329842932,0.0007931629354960242,0.33975084937712347,1.3711272247857613,-0.0056625141562853904,-72.04428571428572,0.11944444444444445,-1.692857142857143,0.7536945812807883,-0.1524492646712602,2.8793103448275863,0.25,-1.1428571428571428,1.1521739130434783,-1.0302038761641077,-0.4630712325498151,-0.6138473003184066,Auto Parts,Consumer Cyclical,DAN
2010Q4,2010,Q4,2011-02-24,2010-12-31,-14000000.0,1559000000.0,46000000.0,-0.09655172413793103,172000000.0,0.11032713277742143,5099000000.0,1685000000.0,2933000000.0,1407000000.0,3315000000.0,708000000.0,-1191000000.0,2495450000.0,2308450000.0,11.620689655172415,2.084577114427861,0.1857226907236713,0.5620178041543027,-0.05592705167173252,11.620689655172415,-0.00830860534124629,1.600673508659397,-44.56160714285715,1.4809792284866468,-2.5,1.9590395480225988,0.01402552645815384,0.30574622474995095,1.5167022032693676,-0.002745636399293979,207.95416666666668,0.11032713277742143,-1.438871473354232,0.9617869165681011,0.5522219640901398,2.1983549509648848,-0.033707865168539325,-1.3043478260869565,-0.28125,0.9624312357439956,-0.5015426917973558,2.4860216950348355,Auto Parts,Consumer Cyclical,DAN
2010Q3,2010,Q3,2010-10-28,2010-09-30,46000000.0,1516000000.0,64000000.0,0.22,178000000.0,0.11741424802110818,5170000000.0,1701000000.0,2995000000.0,1341000000.0,3371000000.0,689000000.0,-1169000000.0,1737120000.0,1553120000.0,12.063829787234043,2.233407904548844,0.18433268858800775,0.5602586713697825,0.02641116733053433,12.063829787234043,0.02704291593180482,1.1458575197889183,9.44086956521739,1.0212345679012345,0.43478260869565216,1.941944847605225,0.011513309385649812,0.2932301740812379,1.6480238627889634,0.008897485493230174,29.44271186440678,0.11741424802110818,2.568888888888889,1.0384718319282753,-0.3299684431047742,0.7119909821051149,0.05325443786982249,4.111111111111111,0.03225806451612903,1.7092198581560283,-0.2428328838277894,4.376071768815497,Auto Parts,Consumer Cyclical,DAN
2010Q2,2010,Q2,2010-07-29,2010-06-30,9000000.0,1526000000.0,62000000.0,0.06164383561643835,169000000.0,0.1107470511140236,4954000000.0,1571000000.0,2821000000.0,1294000000.0,3285000000.0,615000000.0,-1207000000.0,1400000000.0,1280000000.0,11.221428571428572,2.1800618238021636,0.18954380298748486,0.5977084659452578,0.006443790057162654,11.221428571428572,0.005728835136855506,0.9174311926605505,38.88888888888889,0.8911521323997453,1.8888888888888888,2.2065040650406504,0.012142857142857143,0.3080339119903109,1.6267387944358578,0.0018167137666532096,22.580645161290324,0.1107470511140236,1.220156555772994,-0.8109243697478992,-0.38464433571697404,-0.28616866593965834,0.20714285714285716,1.2903225806451613,0.7222222222222222,1.0725026852846402,-0.2857142857142857,3.927329192546584,Auto Parts,Consumer Cyclical,DAN
2010Q1,2010,Q1,2010-04-29,2010-03-31,-31000000.0,1508000000.0,36000000.0,-0.28,140000000.0,0.09283819628647215,4990000000.0,1622000000.0,2710000000.0,1236000000.0,3267000000.0,616000000.0,-1208000000.0,1663200000.0,1578200000.0,11.585714285714285,2.192556634304207,0.18857715430861724,0.5801479654747226,0.012842093528788807,11.585714285714285,-0.01911220715166461,1.1029177718832892,-13.412903225806453,1.0254007398273737,-0.03225806451612903,2.220779220779221,0.0006012506012506012,0.3022044088176353,1.6375404530744337,-0.006212424849699399,48.917647058823526,0.09283819628647215,0.8338983050847457,-2.8329365079365076,-0.3631179138321995,-0.2743709842070498,0.32075471698113206,0.8686440677966102,-0.6086956521739131,0.6389751552795031,-0.24675324675324672,3.0184171229467394,Auto Parts,Consumer Cyclical,DAN
2009Q4,2009,Q4,2010-02-24,2009-12-31,-236000000.0,1493000000.0,92000000.0,-1.6857142857142857,106000000.0,0.0709979906229069,5064000000.0,1679000000.0,2582000000.0,1156000000.0,3285000000.0,608000000.0,-1169000000.0,1517600000.0,1573600000.0,11.992857142857142,2.2335640138408306,0.1980647709320695,0.5973793924955331,0.036208467975805785,11.992857142857142,-0.1405598570577725,1.0164768921634293,-1.6076271186440678,0.9038713519952353,-0.0211864406779661,2.28125,0.003294675803900896,0.294826224328594,1.5709342560553634,-0.04660347551342812,15.974736842105264,0.0709979906229069,-2.746031746031746,-0.8885069817400644,-0.30913975155279505,-0.26614549721325903,0.2926829268292683,-5.2105263157894735,5.842105263157895,-0.10417966313162824,-0.19937794937794937,3.156988694758479,Auto Parts,Consumer Cyclical,DAN
2009Q3,2009,Q3,2009-11-03,2009-09-30,-38000000.0,1329000000.0,-19000000.0,-0.45,82000000.0,0.06170052671181339,5262000000.0,2164000000.0,2526000000.0,1166000000.0,2999000000.0,679000000.0,-925000000.0,687810000.0,869810000.0,21.425742574257427,2.1663807890222984,0.18928164196123148,0.4602587800369686,-0.0049082924308964096,21.425742574257427,-0.01756007393715342,0.5175395033860045,-4.525065789473684,0.3178419593345656,-0.13157894736842105,1.8365243004418261,0.007269449411901543,0.2525655644241733,1.5197255574614066,-0.007221588749524895,4.74351724137931,0.06170052671181339,-4.625,-2.401485148514851,-0.07256198656762548,0.42583101543740803,0.3225806451612903,0.0,-0.26666666666666666,0.8414729113360775,-0.01753988241034152,25.12895435885052,Auto Parts,Consumer Cyclical,DAN
2009Q2,2009,Q2,2009-08-06,2009-06-30,0.0,1190000000.0,-15000000.0,-0.08,62000000.0,0.052100840336134456,5060000000.0,1910000000.0,2329000000.0,1126000000.0,3050000000.0,707000000.0,-879000000.0,128000000.0,685000000.0,19.1,2.068383658969805,0.21936758893280633,0.581151832460733,-0.0004319032536711779,19.1,0.0,0.10756302521008404,0.0,0.06701570680628272,0.0,1.5954738330975955,0.0,0.23517786561264822,1.3676731793960923,0.0,1.7534246575342465,0.052100840336134456,0.9512195121951219,-1.0,-0.24741086587436334,0.3286181139122316,4.647058823529412,1.0,0.8913043478260869,1.0,-0.22391304347826088,4.919421487603306,Auto Parts,Consumer Cyclical,DAN
2009Q1,2009,Q1,2009-05-07,2009-03-31,-157000000.0,1216000000.0,-138000000.0,-1.64,-17000000.0,-0.013980263157894737,5147000000.0,1796000000.0,2429000000.0,1182000000.0,3252000000.0,771000000.0,-871000000.0,46000000.0,725000000.0,17.96,2.0549915397631136,0.23858558383524384,0.6837416481069042,-0.04316073819085867,17.96,-0.08741648106904232,0.03782894736842105,-0.0732484076433121,0.025612472160356347,0.0,1.5992217898832686,0.0,0.23625412861861278,1.3037225042301184,-0.030503205750922868,-0.22549019607843138,-0.013980263157894737,-1.3620309050772625,-4.688253968253968,-0.22594408602150537,0.26575238095238096,-1.7727272727272727,-1.346578366445916,-0.4375,-0.8690476190476192,-0.1697769685935366,4.907894736842106,Auto Parts,Consumer Cyclical,DAN
2008Q4,2008,Q4,2009-03-16,2008-12-31,453000000.0,2272000000.0,-96000000.0,4.53,22000000.0,0.009683098591549295,5593000000.0,2014000000.0,2733000000.0,1446000000.0,3472000000.0,901000000.0,-720000000.0,74000000.0,548000000.0,20.14,1.8900414937759336,0.22367244770248526,0.6211519364448858,-0.019049673230809052,20.14,0.22492552135054616,0.032570422535211266,0.04083885209713024,0.036742800397219465,0.0,2.497225305216426,0.0,0.4062220632934025,1.2268326417704012,0.08099409976756661,-0.39361702127659576,0.009683098591549295,2.6236559139784945,8.859411764705882,7.14179176755448,0.45400975609756106,-0.3333333333333333,2.6715867158671585,-0.3333333333333333,2.79287598944591,2.2800769971126083,4.543119266055046,Auto Parts,Consumer Cyclical,DAN
2008Q3,2008,Q3,2008-11-07,2008-09-30,-271000000.0,1929000000.0,-72000000.0,-2.79,33000000.0,0.017107309486780714,6555000000.0,2472000000.0,3526000000.0,1802000000.0,3973000000.0,1000000000.0,-456000000.0,484000000.0,864000000.0,24.72,1.9567147613762486,0.21159420289855072,0.561084142394822,-0.02058778851051282,24.72,-0.10962783171521036,0.25090720580611714,-0.44649446494464945,0.19579288025889968,-0.025830258302583026,1.896,0.014462809917355374,0.294279176201373,1.349056603773585,-0.04134248665141114,-3.1633986928104574,0.017107309486780714,-0.8979591836734695,-7.575081967213115,0.16432300163132127,0.9775999999999999,-0.7401574803149606,-0.9357142857142857,-4.0,0.6804245283018868,0.2021188201080182,2.508041627246925,Auto Parts,Consumer Cyclical,DAN
2008Q2,2008,Q2,2008-08-08,2008-06-30,-140000000.0,2333000000.0,24000000.0,-1.47,127000000.0,0.05443634804972139,7482000000.0,2979000000.0,4105000000.0,2191000000.0,4388000000.0,1041000000.0,-177000000.0,534999999.99999994,724000000.0,29.79,1.8735737106344135,0.18444266238973536,0.46324269889224573,0.006034411562284929,29.79,-0.04699563611950319,0.22931847406772393,-0.9553571428571429,0.17959046659953004,0.0,2.1191162343900096,0.0,0.31181502272119754,1.3313555454130535,-0.01871157444533547,3.3024691358024687,0.05443634804972139,-1.332579185520362,-4.984615384615384,0.3377915536613714,1.4699831932773109,-0.045112781954887216,-1.2043795620437956,3.8,-5.117647058823529,0.3170869401580728,0.8950381679389312,Auto Parts,Consumer Cyclical,DAN
2008Q1,2008,Q1,2008-05-12,2008-03-31,685000000.0,2312000000.0,5000000.0,4.42,133000000.0,0.057525951557093426,7703000000.0,3054000000.0,4231000000.0,2306000000.0,4534000000.0,1017000000.0,-29000000.0,1000000000.0,1165000000.0,30.54,1.8347788378143972,0.1879787095936648,0.47413228552717746,0.0008439231686501906,30.54,0.2242960052390308,0.43252595155709345,0.36496350364963503,0.3274394237066143,0.0,2.1425762045231074,0.0,0.3001428015059068,1.3404163052905465,0.08892639231468259,-0.9174311926605505,0.057525951557093426,2.719844357976654,23.726829268292683,0.38420711974110044,1.8498865069356871,0.047244094488188976,3.6653696498054473,-0.8,55.70277777777777,0.36701587301587313,0.9127616645649431,Auto Parts,Consumer Cyclical,DAN
2007Q4,2007,Q4,2008-03-14,2007-12-31,-257000000.0,2157000000.0,25000000.0,-2.57,127000000.0,0.05887807139545665,6425000000.0,-782000000.0,3792000000.0,2952000000.0,7112000000.0,812000000.0,-468000000.0,1178000000.0,209000000.0,-7.82,1.2845528455284554,0.047003891050583654,-0.38618925831202044,-0.06531531531531533,-7.82,0.32864450127877237,0.5461288827074641,-1.1459143968871595,-1.506393861892583,0.0,2.5,0.0,0.33571984435797664,0.9359756097560976,-0.04,14.19277108433735,0.05887807139545665,-4.58695652173913,-41.26222222222221,1.1955708390646491,-1.7809446693657223,0.12389380530973451,-2.7246376811594204,-0.2647058823529412,-1.8791729323308266,0.3973608695652174,-1.4785133470225873,Auto Parts,Consumer Cyclical,DAN
2007Q3,2007,Q3,2007-11-07,2007-09-30,-69000000.0,2130000000.0,34000000.0,-0.46,113000000.0,0.053051643192488264,6846000000.0,-536000000.0,3799000000.0,3086000000.0,7287000000.0,843000000.0,0.0,1767000000.0,945000000.0,-3.5733333333333333,1.2310434219053792,0.031113058720420684,-0.39738805970149255,-0.10054988216810683,-3.5733333333333333,0.1287313432835821,0.8295774647887324,-6.402173913043478,-3.296641791044776,0.0,2.3926453143534996,0.0,0.31113058720420683,0.8862605314322748,-0.010078878177037686,-12.356643356643357,0.053051643192488264,0.4831460674157303,-18.02,-0.19478927203065147,-1.2972756230091813,-0.23648648648648649,0.48120300751879697,-0.43333333333333335,-2.7135000000000002,0.0008514664143803221,-1.2377966354027097,Auto Parts,Consumer Cyclical,DAN
2007Q2,2007,Q2,2007-08-10,2007-06-30,-133000000.0,2289000000.0,60000000.0,-0.89,148000000.0,0.06465705548274356,6907000000.0,-575000000.0,3922000000.0,3244000000.0,7390000000.0,772000000.0,0.0,1767000000.0,1051000000.0,-3.8333333333333335,1.2090012330456228,0.041262487331692486,-0.4956521739130435,-0.21264367816091953,-3.8333333333333335,0.23130434782608697,0.7719528178243774,-3.321428571428571,-3.0730434782608693,0.0,2.773316062176166,0.0,0.33140292456927756,0.8350801479654747,-0.019255827421456494,-9.3,0.06465705548274356,-0.459016393442623,-3.5235897435897434,-0.21197487787857636,-1.306005034160374,0.45098039215686275,-0.44565217391304346,0.8181818181818182,-2.2232716049382715,-0.034915110356536556,-1.266651104886399,Auto Parts,Consumer Cyclical,DAN
2007Q1,2007,Q1,2007-05-10,2007-03-31,-92000000.0,2145000000.0,33000000.0,-0.61,102000000.0,0.04755244755244755,6971000000.0,-861000000.0,3931000000.0,3208000000.0,7755000000.0,729000000.0,0.0,1767000000.0,899000000.0,-5.74,1.2253740648379052,0.05479845072442978,-0.4436701509872242,-0.10716771050800279,-5.74,0.10685249709639953,0.8237762237762237,-4.801630434782608,-2.052264808362369,0.0,2.802469135802469,0.0,0.3077033424185913,0.8890274314214464,-0.013197532635202984,-31.553571428571427,0.04755244755244755,0.6004366812227074,0.6009315866084425,-0.17222222222222217,-1.4955156431054462,2.2903225806451615,0.5982532751091703,1.5593220338983051,-2.440846560846561,-0.08972043010752685,-1.4045333333333332,Auto Parts,Consumer Cyclical,DAN
