Quarters,Year,Quarter,FillingDate,Date,NetIncome,Revenue,OperatingIncome,EPSDiluted,GrossProfit,GrossProfitRatio,TotalAssets,CommonStockEquity,CurrentAssets,CurrentLiability,TotalLiability,Inventory,RetainedEarnings,MarketCap,EnterpriseValue,bookValuePerShare,currentRatio,debtToAssets,debtToEquity,roic,shareholdersEquityPerShare,roe,priceToSalesRatio,peRatio,pbRatio,payoutRatio,inventoryTurnover,dividendYield,assetTurnover,quickRatio,returnOnAssets,priceToFreeCashFlowsRatio,grossProfitMargin,epsdilutedGrowth,fiveYNetIncomeGrowthPerShare,fiveYRevenueGrowthPerShare,fiveYShareholdersEquityGrowthPerShare,grossProfitGrowth,netIncomeGrowth,operatingIncomeGrowth,threeYNetIncomeGrowthPerShare,threeYRevenueGrowthPerShare,threeYShareholdersEquityGrowthPerShare,Industry,Sector,Symbol
2022Q4,2022,Q4,2022-12-31,2022-12-31,-10076000.0,18036000.0,-4777000.0,-0.26,6236000.0,0.3457529386,92104000.0,-2176000.0,46668000.0,17339000.0,94280000.0,22503000.0,-26695000.0,37726495.29,89405495.28999999,-0.05710151402722572,2.691504700386412,0.6325132458959437,-26.772518382352942,-0.06811131149915692,-0.05710151402722572,4.630514705882353,2.0917329391217563,-0.9360484143013101,-17.337543791360293,0.0,0.5243745278407324,0.0,0.19582211413185094,1.393678989561105,-0.10939807174498394,33.18073464379947,0.3457529385673098,-0.13043478260869565,0.8605908165879783,-0.5926751149264836,-1.018506552875151,2.094789081885856,-0.12656529516994633,0.004376823676531888,0.7662674240549228,-0.53595064464158,-1.2532397383932539,Diagnostics & Research,Healthcare,TRIB
2022Q3,2022,Q3,2022-09-12,2022-09-30,-8944000.0,19502000.0,-4798000.0,-0.23,2015000.0,0.1033227361,97895000.0,6633000.0,49834000.0,14728000.0,91262000.0,23553000.0,-17929000.0,40813208.541,98723208.54100001,0.17405990006552766,3.383623030961434,0.5915521732468461,8.730589476858134,-0.07436298106746268,0.17405990006552766,-1.348409467812453,2.0927704102656137,-1.1407985392721378,6.1530542048846675,0.0,0.742453190676347,0.0,0.19921344297461566,1.2918929929386203,-0.09136319526022779,-62.98334651388889,0.10332273612962772,0.7195121951219512,-12.276036469958376,-0.5726772389249172,-0.9650211016686367,-0.6912823655584495,0.554182035689363,-2.166996699669967,-51.57436763640842,-0.5650689750220321,-0.9065512088929585,Diagnostics & Research,Healthcare,TRIB
2022Q2,2022,Q2,2022-06-30,2022-06-30,-20062000.0,18464000.0,-1515000.0,-0.82,6527000.0,0.3534987002,107141000.0,15819000.0,57237000.0,13881000.0,91322000.0,29109000.0,-9103000.0,30104782.925,79041782.925,0.6436942278666173,4.123406094661767,0.5543162748154301,3.754346039572666,-0.019639060402639116,0.6436942278666173,-1.2682217586446678,1.6304583473245233,-0.3751468313852059,1.903077496997282,0.0,0.41007935689992786,0.0,0.17233365378333224,2.0263669764426195,-0.1872485789753689,-390.9712068181818,0.3534987001733102,-9.485933503836316,-27.11297877243869,-0.3549772556750192,-0.8684040979661043,-0.10220082530949105,-9.443519000520562,0.8512518409425626,-2.0716549191715927,-0.30195496207560285,-0.6556535223770895,Diagnostics & Research,Healthcare,TRIB
2022Q1,2022,Q1,2022-03-31,2022-03-31,-1921000.0,18776000.0,-10185000.0,-0.0782,7270000.0,0.387196421,106097000.0,-6285000.0,58271000.0,15937000.0,112382000.0,29627000.0,481000.0,26049852.98,92493852.98,-0.25574424566291737,3.65633431637071,0.7206235803085855,-12.164836913285601,-0.13463272423540423,-0.25574424566291737,0.305648369132856,1.3874016286749042,-3.390142241020302,-4.144765788385044,0.0,0.3883619671245823,0.0,0.17697013110644033,1.7973269749639205,-0.018106072744752445,-3.7934837600116498,0.3871964209629314,-2.229559748427673,-8.998673315139932,-0.2825117932542041,-1.0517278988897298,0.004282359441911866,-2.1489234449760763,-7.154523618895116,-15.587860555933986,-0.27498047437004547,-1.1210263146804325,Diagnostics & Research,Healthcare,TRIB
2021Q4,2021,Q4,2021-12-31,2021-12-31,1672000.0,19525000.0,-1249000.0,0.0636,7239000.0,0.3707554417,118895000.0,-319000.0,72688000.0,100491000.0,119214000.0,29123000.0,12559000.0,29889435.29,103136435.28999999,-0.01526191430430334,0.7233284572747808,0.8339879725808487,-310.83699059561127,-0.0374682489420022,-0.01526191430430334,-5.241379310344827,1.5308289521126761,4.4691141282894735,-93.69728931034481,0.0,0.4218658792020053,0.0,0.16422053072038353,0.4141664427660188,0.014062828546196223,22.55806436981132,0.3707554417413572,0.2230769230769232,33.354394654412644,-0.1021311563584537,-1.0031950317250298,-0.18662921348314607,0.2657077971233914,-1.4545123726346434,1.0689257152279659,-0.20380866941238843,-1.0072411131792798,Diagnostics & Research,Healthcare,TRIB
2021Q3,2021,Q3,2021-09-30,2021-09-30,1321000.0,22004000.0,2748000.0,0.052,8900000.0,0.4044719142,122779000.0,810000.0,78247000.0,102877000.0,121969000.0,32116000.0,13685000.0,45147678.480000004,128306678.48,0.0387528231551276,0.7605878865052441,0.6773063797554957,102.66543209876544,0.02723677977932716,0.0387528231551276,1.6308641975308642,2.0517941501545174,8.544223785011354,55.73787466666667,0.0,0.4080209241499564,0.0,0.1792163154936919,0.1813427685488496,0.010759168913250638,-39.499281259842526,0.4044719141974186,-0.6941176470588236,3.786841465821826,-0.08143037471369712,-0.9958010638305388,-0.19289017865239866,-0.701805869074492,-0.5628380528157811,3.821167883211679,-0.07203103913630246,-0.9881027569290425,Diagnostics & Research,Healthcare,TRIB
2021Q2,2021,Q2,2021-06-30,2021-06-30,4430000.0,25843000.0,6286000.0,0.17,11027000.0,0.4266919475,124724000.0,-496000.0,81463000.0,105621000.0,125220000.0,34705000.0,12093000.0,61451006.82,144641006.82,-0.02373012380857196,0.7712765453839672,0.6669927199255957,-167.72177419354838,0.06622365490104982,-0.02373012380857196,-8.931451612903226,2.3778588716480287,3.467889775395034,-123.89315891129033,0.0,0.42691254862411754,0.0,0.20720150091401815,0.17174614896658807,0.035518424681697185,-36.99639182420229,0.4266919475293116,1.8911564625850343,1.3185120431730848,0.08252203894234214,-1.0025926552834101,0.010446256757995051,1.7652933832709115,1.042235217673814,6.457912457912458,0.03363730901527875,-1.0074369508501515,Diagnostics & Research,Healthcare,TRIB
2021Q1,2021,Q1,2021-03-31,2021-03-31,1602000.0,25594000.0,3078000.0,0.0588,10913000.0,0.4263889974,135979000.0,-127000.0,87611000.0,31646000.0,136106000.0,37582000.0,12561000.0,78590403.28,130358403.28,-0.006076059926791611,2.768469948808696,0.6180733789776363,-661.7716535433071,0.03461806348680132,-0.006076059926791611,-12.614173228346457,3.070657313432836,12.264419987515605,-618.822073070866,0.0,0.3906391357564792,0.0,0.18822023988998302,1.5808948998293624,0.011781230925363475,-35.78797963570128,0.4263889974212706,1.1199999999999999,2.3250826139485397,0.2126144909552471,-1.0006659660634116,-0.30299546528709204,1.1221781574130567,1.274895061177101,1.2256580779566146,0.0757414101002561,-1.001931337126997,Diagnostics & Research,Healthcare,TRIB
2020Q4,2020,Q4,2020-12-31,2020-12-31,-13112000.0,32765000.0,-11197000.0,-0.49,15657000.0,0.4778574699,130397000.0,-2219000.0,83300000.0,27058000.0,132616000.0,30219000.0,10573000.0,79635488.43,156649488.43,-0.1061635982484298,3.078571956537808,0.8001794519812573,-47.02163136547995,-0.08505867823501885,-0.1061635982484298,5.908968003605228,2.4305047590416606,-1.518370355971629,-35.88800740423614,0.0,0.5661338892749594,0.0,0.2512711182005721,1.9189149234976717,-0.10055446060875634,7.801282173785268,0.4778574698611323,-2.75,-6.1631963470868705,0.46213618358092645,-1.0115447522820276,-0.06670243204577969,-2.790034129692833,-2.2324711062190423,0.6692485474601201,0.3490886370171855,-1.0344075332829894,Diagnostics & Research,Healthcare,TRIB
2020Q3,2020,Q3,2020-09-30,2020-09-30,7325000.0,32014000.0,9085000.0,0.28,16776000.0,0.5240207409,136075000.0,7071000.0,72369000.0,23096000.0,129004000.0,29607000.0,15665000.0,42221440.06,105374440.06,0.3382977932467991,3.1333997228957395,0.6104207238655154,11.746994767359638,0.09583979105177558,0.3382977932467991,1.035921368971857,1.3188430080589744,1.441004780204778,5.971070578418894,0.0,0.5146755834768805,0.0,0.23526731581848245,1.8514894354000693,0.05383060812052177,9.72844241013825,0.5240207409258449,10.688581314878894,-0.336930703226351,0.3795112315623646,-0.9627991747237682,1.4415660020375491,10.766666666666667,17.13373253493014,15.836891195587421,0.2789289240605715,-0.9320160237294777,Diagnostics & Research,Healthcare,TRIB
2020Q2,2020,Q2,2020-06-30,2020-06-30,-750000.0,16024000.0,501000.0,-0.0289,6871000.0,0.4287943085,128728000.0,-712000.0,65689000.0,22750000.0,129440000.0,31473000.0,8194000.0,45565712.54000001,112897712.54,-0.034064209983272656,2.8874285714285715,0.6440090733950655,-116.43539325842697,0.006367303696408316,-0.034064209983272656,1.053370786516854,2.8435916462805797,-15.188570846666668,-63.9967872752809,0.0,0.2908207034601087,0.0,0.12447952271456093,1.504,-0.005826238269840283,77.89010690598292,0.4287943085371942,-3.0209790209790213,-1.3089418024720074,-0.2669276280422675,-1.0038530968618575,-0.25927123760241483,-3.0661157024793386,-0.7040756054341406,-2.147786710266117,-0.34183025832847064,-1.006964037031492,Diagnostics & Research,Healthcare,TRIB
2020Q1,2020,Q1,2020-03-31,2020-03-31,363000.0,21177000.0,1693000.0,0.0143,9276000.0,0.4380223828,129127000.0,768000.0,67469000.0,22063000.0,128359000.0,32671000.0,9431000.0,22991873.3,91932873.3,0.03674341751004691,3.058015682364139,0.6364664245277905,107.01171875,0.015057968470538561,0.03674341751004691,0.47265625,1.0857002077725835,15.834623484848485,29.93733502604167,0.0,0.36426800526460773,0.0,0.16400133202196288,1.5772107147713366,0.0028111858867626446,-8.34247942670537,0.438022382773764,1.0153763440860215,-0.9004030201503213,-0.07733861911382948,-0.995803218812317,0.00032351989647363315,1.015352082892789,1.060533466819222,0.7771126512195362,-0.04853270240100622,-0.9925681229663796,Diagnostics & Research,Healthcare,TRIB
2019Q4,2019,Q4,2019-12-31,2019-12-31,-23645000.0,21318000.0,-27968000.0,-0.93,9273000.0,0.4349845201,131071000.0,4713000.0,71390000.0,19449000.0,126358000.0,32021000.0,16145000.0,21599819.880200002,107369819.8802,0.2254840191729832,3.670625739112551,0.779501186379901,21.67833651601952,-0.17053663673204555,0.2254840191729832,-5.0169743263314235,1.013219808621822,-0.22837618820257985,4.583029891831106,0.0,0.37615939539677085,0.0,0.16264467349757003,2.0547071828885803,-0.18039841002204912,-3.2277076927973702,0.43498452012383904,-245.73684210526318,-7.28464005978437,-0.12398932405523207,-0.9737663941565092,-0.07923741435805778,-244.76288659793815,-21.981245311327832,-486.8311373227194,-0.019678975224046914,-0.9527956598117068,Diagnostics & Research,Healthcare,TRIB
2019Q3,2019,Q3,2019-09-30,2019-09-30,97000.0,24594000.0,1333000.0,0.0038,10071000.0,0.4094901195,173252000.0,38932000.0,81104000.0,25902000.0,134320000.0,29960000.0,50462000.0,25291060.63,82066060.63,1.8626233470067008,3.1311867809435565,0.4725197977512525,2.1027689304428234,0.005072981513343035,1.8626233470067008,0.0024915236823178878,1.0283427108237781,65.18314595360825,0.6496214073255934,0.0,0.4847463284379172,0.0,0.141955071225729,1.9745193421357423,0.0005598780966453489,90.00377448398577,0.40949011954135156,1.0172727272727273,-0.9756230983956143,-0.007623960426856222,-0.7809428466957061,0.06718236727773656,1.0174617461746174,0.10622406639004149,1.2046355959006185,0.02669066371074955,-0.7981815025315212,Diagnostics & Research,Healthcare,TRIB
2019Q2,2019,Q2,2019-06-30,2019-06-30,-5555000.0,22497000.0,1205000.0,-0.22,9437000.0,0.4194781526,171704000.0,39072000.0,81997000.0,24407000.0,132632000.0,31487000.0,50151000.0,35323878.07,92126878.07,1.8693213658236365,3.35956897611341,0.4763604808274705,2.093391687141687,-0.5483390559715385,1.8693213658236365,-0.14217342342342343,1.5701594910432501,-1.5897334864986499,0.9040714084254708,0.0,0.4147743513195922,0.0,0.1310219913339235,2.0694882615643055,-0.03235218748544006,0.0,0.41947815264257454,-50.99999999999999,-2.3983305072455128,-0.060332254641313726,-0.7835902112041808,0.01060184193617477,-50.598214285714285,-0.08712121212121213,-3.907298961586114,-0.05763656270224557,-0.7957656709004066,Diagnostics & Research,Healthcare,TRIB
2019Q1,2019,Q1,2019-03-31,2019-03-31,112000.0,22026000.0,1320000.0,0.0044,9338000.0,0.4239535095,172646000.0,44168000.0,85152000.0,19814000.0,128478000.0,30942000.0,55341000.0,60794693.3458,113303693.3458,2.1131292507600934,4.2975673766024025,0.4746243758905506,1.8552345589567107,0.005402349715174412,2.1131292507600934,0.002535772504980982,2.7601331765095796,135.70244050401786,1.3764420699556241,0.0,0.41005752698597375,0.0,0.12757897663426895,2.7359442818209345,0.0006487262954253212,-706.9150389046512,0.42395350948878596,1.0046315789473683,-0.9727219858196674,-0.054002030290138434,-0.7488446598112619,-0.08746213231701358,1.0046170335559403,1.0528126750420101,1.0926399829976507,0.043566725708379744,-0.7683906370963063,Diagnostics & Research,Healthcare,TRIB
2018Q4,2018,Q4,2018-12-31,2018-12-31,-24258000.0,24523000.0,-24994000.0,-0.95,10233000.0,0.4172817355,151659000.0,44054000.0,86661000.0,17604000.0,107605000.0,30359000.0,55319000.0,47864899.87,99931899.87,2.107675149723446,4.92280163599182,0.5429549186002809,1.869160575657148,-0.18929405991546663,2.107675149723446,-0.5506423934262497,1.9518370456306324,-0.4932898411864127,1.0865051952149634,0.0,0.4707006159623176,0.0,0.16169828364950317,3.152408543512838,-0.1599509425751192,-14.887993738724727,0.4172817355135995,-91.47619047619047,-6.753969302337299,0.026064294557427328,-0.7436211284158948,0.025247971145175834,-89.53284671532846,-21.22168284789644,-10.552228263242322,0.09433742194277617,-0.7708010288271987,Diagnostics & Research,Healthcare,TRIB
2018Q3,2018,Q3,2018-09-30,2018-09-30,274000.0,23712000.0,1236000.0,0.0105,9981000.0,0.4209261134,183327000.0,68083000.0,93479000.0,20867000.0,115244000.0,32888000.0,48325000.0,86951084.48,133323084.48,3.2572943936673484,4.479752719605118,0.4475663704746164,1.2051613471791784,0.006444985336908553,3.2572943936673484,0.004024499507953527,3.6669654385964914,79.3349310948905,1.2771335646196555,0.0,0.4175079056190708,0.0,0.12934265001881884,2.9036756601332248,0.0014945970860811555,-57.967389653333335,0.4209261133603239,-0.625,-0.9377700535439997,0.035282416754250305,-0.5905846731074296,-0.07651739452257587,-0.5387205387205387,-0.28389339513325607,-0.9751971348374089,0.021770797863646912,-0.6418125035664414,Diagnostics & Research,Healthcare,TRIB
2018Q2,2018,Q2,2018-06-30,2018-06-30,594000.0,25002000.0,1726000.0,0.028,10808000.0,0.4322854172,194449000.0,66694000.0,108669000.0,20796000.0,127755000.0,34818000.0,47430000.0,104508515.0,150261515.0,3.190840478405037,5.2254760530871325,0.48948053217038917,1.4270998890454913,0.00845757078710435,3.190840478405037,0.008906348397157166,4.18000619950404,43.985065235690236,1.5669852610429724,0.0,0.4076627031994945,0.0,0.12857870187041331,3.5512117714945184,0.0030547855735951327,-48.182810050714615,0.43228541716662666,0.0181818181818182,-0.8461520996667099,0.2159977075354979,-0.6045557045806241,0.0364403528960491,-0.175,-0.044296788482835,-0.7553180924421701,0.14380151296101035,-0.6390752217630242,Diagnostics & Research,Healthcare,TRIB
2018Q1,2018,Q1,2018-03-31,2018-03-31,720000.0,23799000.0,1806000.0,0.0275,10428000.0,0.438169671,194680000.0,65777000.0,111426000.0,22155000.0,128903000.0,34179000.0,46837000.0,108721002.0,149993002.0,3.1460379660592164,5.029383886255924,0.4888380932812821,1.446812715690895,0.009482783968949396,3.1460379660592164,0.010946075375891269,4.568301273162738,37.75034791666667,1.6528726150478132,0.0,0.3912051259545335,0.0,0.12224676392027943,3.486662153012864,0.0036983768235052394,-33.1668706528371,0.4381696709945796,1.018092105263158,-0.8283184380218491,0.21128089282808235,-0.6102413985264153,0.023255813953488372,1.0179658648567722,1.0426587301587302,-0.8025106818745268,0.03659279332458886,-0.6406639924529781,Diagnostics & Research,Healthcare,TRIB
2017Q4,2017,Q4,2017-12-31,2017-12-31,-40076000.0,24552000.0,-42336000.0,-1.52,10191000.0,0.4150782014,192974000.0,65196000.0,112591000.0,21229000.0,127778000.0,32805000.0,75802000.0,109453239.41999999,145687239.42,3.0854754211896855,5.303641245466108,0.4862883082695078,1.4393674458555739,-0.2549005378259974,3.0854754211896855,-0.6147002883612491,4.458017245845552,-0.6827854540123764,1.6788336618810968,0.0,0.4377686328303612,0.0,0.12722957496864862,3.617127514249376,-0.20767564542373584,-335.746133190184,0.41507820136852397,-73.38095238095238,-10.114822685069369,0.1983865651105743,-0.6087692034888741,-0.07337697763229678,-91.05842696629213,-28.706806282722514,-11.536788711541615,-0.0019952024637690364,-0.6410249101637112,Diagnostics & Research,Healthcare,TRIB
2017Q3,2017,Q3,2017-09-30,2017-09-30,445000.0,25604000.0,1528000.0,0.021,10998000.0,0.429542259,244624000.0,106387000.0,121270000.0,23500000.0,138237000.0,32711000.0,89878000.0,119938557.42,152725557.42000002,4.976140140739071,5.1604255319148935,0.38964288050232193,0.8959365335990299,0.006833837842796559,4.976140140739071,0.004182841888576612,4.68436796672395,67.38121203370787,1.127379824790623,0.0,0.44651646235211395,0.0,0.10466675387533521,3.7684680851063828,0.001819118320361044,348.6585971511628,0.4295422590220278,-0.16666666666666663,-0.8995966375282625,0.23567436040947717,-0.35139884119252296,0.01654496718735558,-0.3484626647144949,-0.16593886462882096,-0.8906666906531115,0.010044789023739408,-0.4147721301650755,Diagnostics & Research,Healthcare,TRIB
2017Q2,2017,Q2,2017-06-30,2017-06-30,683000.0,25448000.0,1832000.0,0.0252,10819000.0,0.4251414649,244798000.0,106866000.0,123673000.0,23229000.0,137932000.0,33620000.0,90977000.0,131085168.0,162353168.0,4.89144584229392,5.32407766154376,0.3890758911429015,0.8912563397151573,0.007207141658214311,4.89144584229392,0.006391181479609979,5.151099025463691,47.98139385065886,1.2266311829768122,0.0,0.4351279000594884,0.0,0.1039550976723666,3.876748891471867,0.0027900554743094308,526.4464578313253,0.42514146494812954,2.1898734177215187,-0.8449148599422578,0.19459951712405235,-0.34624600071314154,0.09382266707107471,2.162037037037037,0.40061162079510704,-0.8355151735602908,0.016910508530472084,-0.43372135953166774,Diagnostics & Research,Healthcare,TRIB
2017Q1,2017,Q1,2017-03-31,2017-03-31,216000.0,23536000.0,1308000.0,0.0079,9891000.0,0.42024983,245139000.0,109276000.0,126483000.0,21149000.0,135863000.0,32659000.0,93171000.0,131731615.2,157342615.2,4.944029259879598,5.980566457042886,0.3894198801496294,0.8735861488341448,0.00438079050158879,4.944029259879598,0.00197664629012775,5.597026478585996,152.46714722222222,1.205494483692668,0.0,0.41780213723629017,0.0,0.09601083466931007,4.436332687124687,0.0008811327450956397,-29.13127271118974,0.4202498300475867,3.1578947368421058,-0.9495494240280541,0.12821700943199882,-0.34148046065330423,0.043464500474733624,3.0754716981132075,1.205733558178752,-0.9502507664174403,-0.04407209373276189,-0.41237889247830495,Diagnostics & Research,Healthcare,TRIB
2016Q4,2016,Q4,2016-12-31,2016-12-31,53000.0,23681000.0,593000.0,0.0019,9479000.0,0.4002787044,249592000.0,108727000.0,133488000.0,25280000.0,140865000.0,32589000.0,110434000.0,157510555.72,173638555.72,4.776764557529046,5.280379746835443,0.3735576460784,0.8575330874575773,-0.00042077800700770975,4.776764557529046,0.0004874594167042225,6.651347313035767,742.9743194339623,1.4486793135099838,0.0,0.43579121789560893,0.0,0.0948788422705856,3.847507911392405,0.00021234654956889644,425.70420464864867,0.40027870444660274,1.1043956043956042,-0.9877831537021179,0.10301706037915291,-0.330268045441238,-0.18753749892860205,1.1025145067698259,-0.7818248712288447,1.0155568999365456,-0.09013047758870318,-0.41895148915954356,Diagnostics & Research,Healthcare,TRIB
2016Q3,2016,Q3,2016-09-30,2016-09-30,-517000.0,26127000.0,2718000.0,-0.0182,11667000.0,0.4465495464,360468000.0,210400000.0,151353000.0,20823000.0,150068000.0,39989000.0,197379000.0,301379089.76,317979089.76,9.2292003476917,7.2685492004034,0.28116504100225265,0.48170627376425856,0.012215346034057354,9.2292003476917,-0.0024572243346007603,11.535158638955869,-145.734569516441,1.4324101224334602,0.0,0.36159943984595766,0.0,0.07248077499250974,5.348124669836238,-0.0014342465905434047,-1783.3082234319527,0.4465495464462051,-1.2141176470588235,-1.1227421049465083,0.23112515151779503,0.3194464314784592,-0.012610020311442113,-1.245722433460076,0.1536502546689304,-1.107656292224422,0.045876025104206755,0.16003517663411726,Diagnostics & Research,Healthcare,TRIB
2016Q2,2016,Q2,2016-06-30,2016-06-30,2104000.0,26288000.0,2356000.0,0.085,11816000.0,0.4494826537,357770000.0,210663000.0,152717000.0,20116000.0,147107000.0,39253000.0,197588000.0,261003356.46,275315356.46000004,9.152826432583112,7.591817458739312,0.2773625513598122,0.47104617327200315,0.0071569655205073615,9.152826432583112,0.009987515605493134,9.928612159920878,31.01275623336502,1.2389615474003504,0.0,0.3686851960359718,0.0,0.07347737373172708,5.640485185921654,0.005880873186684183,-53.15750640733198,0.4494826536822885,2.8085106382978724,-0.4945953502647021,0.2535223393391184,0.3286689588710961,0.1663211923798243,2.5619896065330363,0.290958904109589,-0.5051204603841422,0.16108545874388955,0.1343196327814753,Diagnostics & Research,Healthcare,TRIB
2016Q1,2016,Q1,2016-03-31,2016-03-31,-1347000.0,23516000.0,1825000.0,-0.047,10131000.0,0.4308130634,360035000.0,212471000.0,159462000.0,20296000.0,147564000.0,35709000.0,199453000.0,271536529.22,274780529.22,9.123678007951522,7.856819077650768,0.27795353229547126,0.47099604181276505,0.006751392751540068,9.123678007951522,-0.00633968871045931,11.546884215853037,-50.39653474758723,1.2779933695421963,0.0,0.37483547565039627,0.0,0.06531587206799339,6.09740835632637,-0.0037413029288819143,-71.5134393521201,0.4308130634461643,-1.4272727272727272,-1.3297203538592781,0.15779713440464363,0.34996515011895785,-0.059069378657007524,-1.4766454352441614,-0.4171191312679655,-1.2883627414854302,0.074558341004081,0.13032074597905602,Diagnostics & Research,Healthcare,TRIB
2015Q4,2015,Q4,2015-12-31,2015-12-31,2826000.0,24937000.0,3131000.0,0.11,10767000.0,0.4317680555,363683000.0,213892000.0,163230000.0,20145000.0,149791000.0,35125000.0,209426000.0,273533707.44,264407707.44,9.19583163457743,8.102755026061057,0.2552415152756659,0.43399005105380284,0.009421107624568504,9.19583163457743,0.01321227535391693,10.968990152785018,24.19795713375796,1.2788402906139547,0.0,0.40341637010676157,0.0,0.06856795615962252,6.08632414991313,0.007770503432934726,-2941.2226606451613,0.43176805549985964,0.134020618556701,-0.2900001690042797,0.19137458752824837,0.3920649889371605,-0.1016270337922403,-0.7695506809100546,0.05385392123864019,-0.41610958792394354,0.10573126901571438,0.1660091376099029,Diagnostics & Research,Healthcare,TRIB
2015Q3,2015,Q3,2015-09-30,2015-09-30,12263000.0,25761000.0,2971000.0,0.097,11985000.0,0.4652381507,355377000.0,210997000.0,168443000.0,19720000.0,144380000.0,36882000.0,198882000.0,265433488.32,260213488.32,9.09382495508621,8.541734279918865,0.27877155809182924,0.46952800276781187,0.009324074997940371,9.09382495508621,0.05811930975321924,10.303695055316176,5.41126739623257,1.2579965038365473,0.41580363695669903,0.37351553603383764,0.01921008548044538,0.07248921567799829,6.6714503042596345,0.03450701649234475,-372.27698221598877,0.46523815069290786,-0.020202020202020218,2.835628201737869,0.2544647965433375,0.4087860634634383,0.051961730887386995,3.5519673348181144,-0.012956810631229236,1.5494778567387786,0.14557942269010363,0.1853093435960269,Diagnostics & Research,Healthcare,TRIB
2015Q2,2015,Q2,2015-06-30,2015-06-30,2694000.0,24257000.0,3010000.0,0.099,11393000.0,0.4696788556,359764000.0,205061000.0,177006000.0,20328000.0,154703000.0,38193000.0,191368000.0,418901988.96,417768988.96,8.840735440751581,8.70749704840614,0.3033210660321766,0.532153846904092,0.00886313306344498,8.840735440751581,0.01313755419119189,17.269323863626994,38.87360699331848,2.0428164739272705,0.0,0.33681564684628074,0.0,0.0674247562290835,6.828659976387249,0.007488242292169311,-67.38008508283738,0.46967885558807765,-0.4176470588235294,-0.9516254092969364,-0.024330425475632866,0.40644128568110593,-0.058429752066115705,-0.3278443113772455,-0.30565167243367936,-0.4238246126172436,0.07253974595540315,0.1815864546745035,Diagnostics & Research,Healthcare,TRIB
2015Q1,2015,Q1,2015-03-31,2015-03-31,4008000.0,25240000.0,4335000.0,0.17,12100000.0,0.4793977813,246775000.0,201239000.0,70670000.0,20658000.0,45536000.0,37064000.0,188094000.0,442465754.5,436720754.5,8.755142540641527,3.42095072127021,0.0,0.0,0.02002285083241416,8.755142540641527,0.01991661656040827,17.530338926307447,27.59891183258483,2.198707777816427,0.0,0.3545219080509389,0.0,0.10227940431567217,1.6267789718268952,0.016241515550602777,-131.803918528448,0.47939778129952454,-0.055555555555555455,0.1648641593814731,-0.20178687488134306,1.2529053729845951,-0.0446865624506553,-0.028363636363636365,0.00884337910169886,-0.09980847856656558,0.16344046830970185,0.16614043520412405,Diagnostics & Research,Healthcare,TRIB
2014Q4,2014,Q4,2014-12-31,2014-12-31,4125000.0,26681000.0,4297000.0,0.18,12666000.0,0.4747198381,242838000.0,196972000.0,68945000.0,22057000.0,45866000.0,33516000.0,190755000.0,401266461.67,392164461.67,8.595235459365222,3.125765063245228,0.0,0.0,0.020874053348630767,8.595235459365222,0.020942062831265356,15.039408630486115,24.319179495151516,2.037175139969133,0.00024242424242424242,0.41815849146676215,2.492109596795548e-06,0.10987160164389428,1.3862719318130299,0.016986633064017986,2622.6566122222225,0.4747198380870282,0.0,0.16519131301425335,-0.20262913571425,1.2846241796499405,-0.026516024902005993,-0.05411602843384545,-0.07452078397587766,-0.05558245580725832,0.23435803314847575,0.20510520767035836,Diagnostics & Research,Healthcare,TRIB
2014Q3,2014,Q3,2014-09-30,2014-09-30,4361000.0,27161000.0,4643000.0,0.18,13011000.0,0.4790324362,236996000.0,194779000.0,68057000.0,15781000.0,42217000.0,33779000.0,178960000.0,418516973.90999997,409567973.90999997,8.502910399914299,4.31259109055193,0.0,0.0,0.022418447946374633,8.502910399914299,0.022389477305048287,15.408746876403665,23.99203014847512,2.1486760580452717,1.153405182297638,0.4188993161431659,0.012018628427437872,0.11460530979425813,2.1721056967239085,0.01840115444986413,-356.4880527342419,0.47903243621368874,0.0,0.3042348466505122,-0.21678111686782234,1.337640468586736,0.04013110560396514,0.010660486674391657,0.010886131069018071,0.030377206892696317,0.2736953014972901,0.2156128767054016,Diagnostics & Research,Healthcare,TRIB
2014Q2,2014,Q2,2014-06-30,2014-06-30,4315000.0,26005000.0,4593000.0,0.18,12509000.0,0.4810228802,238449000.0,196108000.0,75513000.0,17217000.0,42341000.0,33109000.0,179137000.0,522856100.83000004,507703100.83000004,8.637878056372607,4.385955741418366,0.0,0.0,0.022012767274956314,8.637878056372607,0.02200318192016644,20.105983496635265,30.29293747566628,2.6661640566932507,0.0,0.4076233048415839,0.0,0.10905896019693939,2.462914561189522,0.018096112795608285,-281.8631271320755,0.48102288021534323,0.0,0.31915908988301017,-0.26041465665260155,1.498080705803741,0.028616067757585725,-0.022207115341037843,0.019760213143872114,0.05079765173015812,0.25711840835637345,0.25391653917521867,Diagnostics & Research,Healthcare,TRIB
2014Q1,2014,Q1,2014-03-31,2014-03-31,4413000.0,25025000.0,4504000.0,0.18,12161000.0,0.485954046,228918000.0,189014000.0,72495000.0,16752000.0,39904000.0,30864000.0,174023000.0,544331844.46,527323844.46000004,8.413634562466877,4.327542979942693,0.0,0.0,0.023228857076817388,8.413634562466877,0.023347476906472535,21.751522256143858,30.836836871742577,2.8798493469266826,0.0,0.416796267496112,0.0,0.1093186206414524,2.4851361031518624,0.019277645270358818,-127.80743002113174,0.48595404595404595,2.2857142857142856,0.6360134512811239,-0.2531778577648293,1.602433308880431,0.0027209762532981532,2.3244297719087634,2.1698701298701297,0.11977682002694792,0.2772105261026793,0.2449051177899701,Diagnostics & Research,Healthcare,TRIB
2013Q4,2013,Q4,2013-12-31,2013-12-31,-3332000.0,25455000.0,-3850000.0,-0.14,12128000.0,0.4764486348,226486000.0,183011000.0,76742000.0,20976000.0,43475000.0,29670000.0,176037000.0,559655819.52,537338819.52,8.220939333653407,3.6585621662852783,0.0,0.0,-0.01884787313170744,8.220939333653407,-0.01820655589008311,21.986086015321153,-41.99098285714285,3.0580447050723727,0.0,0.4491742500842602,0.0,0.11239105286860998,2.096014492753623,-0.014711726111106205,-124.67271541991535,0.47644863484580635,-1.7,0.9617744786942901,-0.2988336206124469,1.601361294818981,-0.0004120992334954257,-1.718568039680828,-1.7788792231438397,-1.8746591826834098,0.2706472699609486,0.24448579283728683,Diagnostics & Research,Healthcare,TRIB
2013Q3,2013,Q3,2013-09-30,2013-09-30,4637000.0,24121000.0,4943000.0,0.2,12133000.0,0.5030056797,222880000.0,175130000.0,77520000.0,22984000.0,47750000.0,27387000.0,163039000.0,478990085.12,452184085.12,7.955965934128436,3.3727810650887573,0.0,0.0,0.02543298744107675,7.955965934128436,0.02647747387654885,19.85780378591269,25.82435222773345,2.735054445954434,0.0,0.4377259283601709,0.0,0.10822415649676956,2.1812130177514795,0.02080491744436468,-388.47533261962695,0.5030056796981883,0.1764705882352941,2.3255558104704237,-0.3577636010016251,0.12247051156763489,0.14235947650880332,0.15867066466766616,0.2872395833333333,0.5287586526978778,0.23809259706591182,0.23251260990252479,Diagnostics & Research,Healthcare,TRIB
2013Q2,2013,Q2,2013-06-30,2013-06-30,4002000.0,21312000.0,3840000.0,0.17,10621000.0,0.4983577327,203443000.0,174817000.0,106828000.0,14628000.0,28626000.0,22923000.0,163338000.0,363109740.84000003,296945740.84000003,8.069001159875356,7.3029805851791085,0.0,0.0,0.020539074799660998,8.069001159875356,0.02289251045378882,17.037806908783786,22.683017293853077,2.0770848420920167,1.092703648175912,0.4663874710988963,0.012043191102182275,0.10475661487492811,5.735917418649166,0.019671357579272818,-141.95064145426116,0.4983577327327327,-0.055555555555555455,1.5259683601066072,-0.4407506306143866,0.13034790336245,0.027374733991100794,-0.07766766536068219,-0.05465288035450517,-0.9230643570376132,-0.08225786235010774,0.2836688125680015,Diagnostics & Research,Healthcare,TRIB
2013Q1,2013,Q1,2013-03-31,2013-03-31,4339000.0,20328000.0,4062000.0,0.18,10338000.0,0.5085596222,203383000.0,174606000.0,111826000.0,14266000.0,28777000.0,23110000.0,163886000.0,360384338.58,287289338.58,8.07176019763206,7.838637319500911,0.0,0.0,0.02236686272759573,8.07176019763206,0.02485023424166409,17.728470020661156,20.764250897672277,2.0639859946393595,0.0,0.43228039809606233,0.0,0.09994935663256024,6.218701808495724,0.021334133137971216,-194.59197547516197,0.5085596221959858,-0.10000000000000009,2.6405897362391735,-0.47765960165694665,0.10710734020772363,-0.018606417315359787,-0.029089281718505257,-0.07450444292549556,0.3399705005848366,-0.3169033062981416,1.0770549233520506,Diagnostics & Research,Healthcare,TRIB
2012Q4,2012,Q4,2012-12-31,2012-12-31,4469000.0,20824000.0,4389000.0,0.2,10534000.0,0.5058586247,197407000.0,169380000.0,110497000.0,12966000.0,28027000.0,20757000.0,166340000.0,309697950.66,234750950.66000003,7.886586252168776,8.522057689341354,0.016807914612956987,0.0195890896209706,0.023202561437053005,7.886586252168776,0.026384460975321763,14.87216436131387,17.32479025844708,1.8284210099185265,0.00022376370552696352,0.49573637808931925,3.2289525903187e-06,0.10548764734786507,6.827394724664507,0.022638508259585525,178.08967835537666,0.5058586246638495,0.0,0.0,0.0,0.09725764180653645,-0.009776273735664599,0.002017937219730942,0.009197516670498965,0.34696802098695984,-0.3359572185295958,1.096264346890882,Diagnostics & Research,Healthcare,TRIB
2012Q3,2012,Q3,2012-09-30,2012-09-30,4460000.0,20851000.0,4349000.0,0.2,10638000.0,0.5101913577,189907000.0,165057000.0,111753000.0,13906000.0,24850000.0,21427000.0,155102000.0,292588985.59999996,218133985.59999996,7.672111085783811,8.036315259600173,0.0,0.0,0.023884998387598153,7.672111085783811,0.027020968513907315,14.032371857464868,16.400727892376683,1.7726542079402874,0.0,0.47664162038549496,0.0,0.10979584744111591,6.495469581475622,0.023485179587903554,152.46950786868157,0.5101913577286461,0.0,1.130717656575495,-0.46960053076634717,0.0,-0.009312721177127958,0.03672710367271037,0.012337057728119181,0.42023442680987205,-0.35979399029490305,1.1092351336316475,Diagnostics & Research,Healthcare,TRIB
2012Q2,2012,Q2,2012-06-30,2012-06-30,4302000.0,20809000.0,4296000.0,0.2,10738000.0,0.5160267192,183953000.0,159678000.0,109613000.0,13550000.0,24275000.0,20794000.0,150984000.0,256096380.0,182521380.0,7.482089360263507,8.089520295202952,0.00016308513587709903,0.00018787810468567993,0.02378131705652582,7.482089360263507,0.026941720211926503,12.307000816954202,14.882402370990237,1.6038300830421222,0.7491864249186425,0.4843224006925074,0.012585105654363408,0.1131212864155518,6.554907749077491,0.023386408484776,122.18338740458016,0.516026719208035,0.05263157894736847,0.46554094832681026,-0.5050117312501139,-0.19128109981658376,0.038190080247510395,0.04671532846715328,0.03969022265246854,0.399113118542394,-0.37042322818301765,1.1638257622987065,Diagnostics & Research,Healthcare,TRIB
2012Q1,2012,Q1,2012-03-31,2012-03-31,4110000.0,20026000.0,4132000.0,0.19,10343000.0,0.5164785778,181965000.0,159298000.0,110748000.0,12103000.0,22667000.0,19301000.0,151082000.0,226392677.60999998,160963677.60999998,7.507794324196473,9.150458563992398,0.00038468936333910367,0.00043942799030747404,0.022784192557394525,7.507794324196473,0.025800700573767404,11.30493746179966,13.770844136861314,1.421189704892717,0.0,0.5016838505776903,0.0,0.11005413128898414,7.555729984301413,0.0225867611903388,163.81525152677278,0.5164785778487966,0.05555555555555561,0.262636036392299,-0.5121343718038475,-0.17422444130114192,0.0030062063615205587,0.016320474777448073,0.008542836221625579,0.6132702900607704,-0.36722446053149166,1.3222465725660957,Diagnostics & Research,Healthcare,TRIB
2011Q4,2011,Q4,2011-12-31,2011-12-31,4044000.0,20013000.0,4097000.0,0.18,10312000.0,0.5152650777,171499000.0,151332000.0,115013000.0,13329000.0,20167000.0,19838000.0,154128000.0,215996012.94,145019012.94,7.132352764437097,8.628779353289818,0.0006297412812902699,0.0007136626754420743,0.023272672537218538,7.132352764437097,0.02672270240266434,10.792785336531255,13.35286924703264,1.4272990044405678,0.0009891196834817012,0.489010989010989,1.8518860350959957e-05,0.11669455798576085,6.198364468452247,0.023580312421646772,50.739021127554615,0.5152650776994954,0.0,1.2631478950021469,-0.46299107145986534,-0.19088165115771613,0.005558264261335934,0.02770012706480305,-0.0007317073170731707,1.0486762782698111,-0.42161373412944836,1.2568985938686468,Diagnostics & Research,Healthcare,TRIB
2011Q3,2011,Q3,2011-09-30,2011-09-30,3935000.0,19826000.0,4100000.0,0.18,10255000.0,0.5172500757,169511000.0,148971000.0,113934000.0,12425000.0,20540000.0,19478000.0,145185000.0,195085457.24,124109457.24000001,6.994751834942056,9.1697384305835,0.0008966969695182024,0.0010203328164542092,0.023286528827293755,6.994751834942056,0.026414537057548114,9.839879816402703,12.394247601016518,1.3095532502299105,0.0,0.49137488448506006,0.0,0.11695996130044659,7.602092555331992,0.023213832730619253,38.16972358442575,0.5172500756582266,0.0,0.3398279191703273,-0.48315789264649656,-0.20652772908143652,0.025089964014394242,0.018902123252200934,0.05452674897119342,1.9168231088806433,-0.4544018117625544,-0.013142749043687096,Diagnostics & Research,Healthcare,TRIB
2011Q2,2011,Q2,2011-06-30,2011-06-30,3862000.0,19455000.0,3888000.0,0.18,10004000.0,0.5142122848,168029000.0,147088000.0,114278000.0,13149000.0,20941000.0,18971000.0,143936000.0,212238999.28,141026999.28,6.888718496411486,8.69100311810784,0.0012497842634307172,0.001427716740998586,0.022572919998132043,6.888718496411486,0.026256390732078756,10.909226382934978,13.7389305592957,1.4429389160230608,0.0,0.4981814348215698,0.0,0.11578358497640288,7.248231804699977,0.02298412773985443,41.63998416323327,0.5142122847597018,0.058823529411764594,2.5455197458249326,-0.3979921802496329,-0.2149867583677883,0.04677199958145862,0.02931769722814499,0.051094890510948905,1.4733647776855356,-0.4819906353263167,-0.03499226794098824,Diagnostics & Research,Healthcare,TRIB
2011Q1,2011,Q1,2011-03-31,2011-03-31,3752000.0,18654000.0,3699000.0,0.17,9557000.0,0.5123297952,165634000.0,144550000.0,102623000.0,13794000.0,21084000.0,18636000.0,141713000.0,200619683.88000003,141049683.88000003,6.758454473545151,7.439683920545164,0.001497277129091853,0.0017156693185748876,0.02210014767043838,6.758454473545151,0.025956416464891042,10.754780952074624,13.367516250000001,1.3878912755447943,0.0,0.4881412320240395,0.0,0.11262180470193318,6.0886617369870955,0.022652353985292875,33.48684424636956,0.5123297952181838,0.06250000000000006,1.1755388269282205,-0.457744150837758,-0.23341008068186375,-0.022001637331150226,0.025136612021857924,0.15774647887323945,2.1839418606644396,-0.5152127991994527,-0.07302318541170373,Diagnostics & Research,Healthcare,TRIB
2010Q4,2010,Q4,2010-12-31,2010-12-31,3660000.0,19247000.0,3195000.0,0.16,9772000.0,0.5077154881,160874000.0,141287000.0,101324000.0,12256000.0,19587000.0,17576000.0,-20860000.0,188428509.06,130699509.06,6.605892474602378,8.267297650130548,0.0016969802454094508,0.0019322372192770744,0.020306283710962797,6.605892474602378,0.025904718763934402,9.790019694497843,12.870799799180329,1.3336577962586793,0.0,0.5390873918980428,0.0,0.11964021532379378,6.83322454308094,0.022750724169225606,57.22092592165199,0.5077154881280199,0.14285714285714277,0.8083895723334494,-0.5015741087027051,-0.24035173197410944,0.030041108885843788,0.2538540596094553,-0.02203856749311295,0.0,0.0,-0.08092477949930715,Diagnostics & Research,Healthcare,TRIB
2010Q3,2010,Q3,2010-09-30,2010-09-30,2919000.0,18749000.0,3267000.0,0.14,9487000.0,0.50600032,157982000.0,136743000.0,100099000.0,13600000.0,21239000.0,18758000.0,-25020000.0,134093359.05,80761359.05,6.4550787312088,7.360220588235294,0.002975022470914408,0.0034371046415538637,0.022240162083767574,6.4550787312088,0.02134661372062921,7.152027257453731,11.484528866906475,0.980623205941072,0.0,0.4937626612645271,0.0,0.11867807724930689,5.980955882352941,0.018476788494891823,35.663127406914896,0.5060003200170676,-0.9416666666666667,0.2749667397585589,-0.5109863784417048,-0.27321927994937556,-0.14968181410773507,-0.9424055877826447,-0.06896551724137931,1.0868858380937476,-0.5156382869937041,0.0,Diagnostics & Research,Healthcare,TRIB
2010Q2,2010,Q2,2010-06-30,2010-06-30,50682000.0,22626000.0,3509000.0,2.4,11157000.0,0.4931052771,153256000.0,132689000.0,96955000.0,13091000.0,20567000.0,18064000.0,-32811000.0,128342859.84,79447859.84,6.285890161756894,7.406233290046597,0.0074842094273633655,0.008644273451454153,0.026197979310205094,6.285890161756894,0.38196082569014767,5.672361877486078,0.633079100272286,0.9672456634687125,0.0,0.6349092116917626,0.0,0.14763532912251395,6.026353983652891,0.33070157122722765,29.03684611764706,0.49310527711482366,15.0,27.441998485531254,-0.31906437516720554,-0.2857675619234504,-0.17532707517185306,15.053848590433956,-0.04542981501632209,16.455623114430086,-0.4558664061296413,-0.3205750514972788,Diagnostics & Research,Healthcare,TRIB
2010Q1,2010,Q1,2010-03-31,2010-03-31,3157000.0,29013000.0,3676000.0,0.15,13529000.0,0.4663082067,132265000.0,81958000.0,66930000.0,25697000.0,50307000.0,40033000.0,-83717000.0,114939044.85000001,138593044.85000002,3.88615635864143,2.60458419270732,0.22587986239745964,0.3645281729666415,0.030122221633022174,3.88615635864143,0.03851972961760902,3.9616394323234414,9.101919927937915,1.4024139785011835,0.0,0.386780905752754,0.0,0.2193550825993271,1.0466980581390823,0.023868748346123313,44.498275203252035,0.46630820666597733,0.0,-0.46873738492159456,-0.7693042334557659,-0.8871862319565477,-0.011904761904761904,-0.03100061387354205,0.054806312769010046,-0.024251673070453564,-0.28890844176940506,-0.5725651503390509,Diagnostics & Research,Healthcare,TRIB
2009Q4,2009,Q4,2009-12-31,2009-12-31,3258000.0,30794000.0,3485000.0,0.15,13692000.0,0.4446320712,132445000.0,79344000.0,68436000.0,25601000.0,53101000.0,39198000.0,-87070000.0,85202521.32000001,111039521.32000001,3.76220979184516,2.673176829030116,0.24096794895994564,0.40223583383746725,0.031634017255704694,3.76220979184516,0.04106170598911071,2.766854624926934,6.5379466942909765,1.0738369797338172,0.0,0.43629777029440275,0.0,0.2325040582883461,1.1420647630951917,0.02459889010532674,310.9581070072993,0.44463207118269793,-0.7413793103448275,-0.6848689071857924,-0.7642604164181627,-0.8846877742470797,-0.04057178894261089,0.06575073601570167,-0.06593406593406594,0.8343396086722755,-0.16869136495257678,-0.5732021290429996,Diagnostics & Research,Healthcare,TRIB
2009Q3,2009,Q3,2009-09-30,2009-09-30,3057000.0,31705000.0,3731000.0,0.58,14271000.0,0.4501182779,130343000.0,76178000.0,71772000.0,31185000.0,54165000.0,41254000.0,-90522000.0,82725000.10000001,110934000.10000001,3.637390143684025,2.3014911014911017,0.24478491365090568,0.41883483420410095,0.030658324240936757,3.637390143684025,0.04012969623775893,2.609209906954739,6.765210999345765,1.0859434495523643,0.0,0.4226014447083919,0.0,0.24324282853701387,0.9695045695045695,0.023453503448593326,39.00282890146158,0.4501182778741523,0.0,-0.6597679379028415,-0.7525607495369165,-0.8906343346715571,-0.031818181818181815,0.017304492512479203,-0.02863837542306691,0.058496598689259466,-0.15949503015108052,-0.5873808984747675,Diagnostics & Research,Healthcare,TRIB
2009Q2,2009,Q2,2009-06-30,2009-06-30,3005000.0,32302000.0,3841000.0,0.58,14740000.0,0.4563184942,131213000.0,72119000.0,74516000.0,33307000.0,59094000.0,41667000.0,-93698000.0,92187356.56,122007356.56,3.4578058412221817,2.2372474254661183,0.2637772171964668,0.47991514025430193,0.030960195075270536,3.4578058412221817,0.04166724441547997,2.853921012940375,7.66949721797005,1.278267260500007,0.0,0.421484628122975,0.0,0.2461798754696562,0.9759209775722821,0.022901694191886476,41.86528454132607,0.4563184942108848,0.2083333333333333,-0.586709020519079,-0.7319498867134423,-0.8956763349218616,0.029833018933836372,0.20007987220447285,0.2626561472715319,2.231108917848155,0.023269483353173758,-0.6059610544738275,Diagnostics & Research,Healthcare,TRIB
2009Q1,2009,Q1,2009-03-31,2009-03-31,2504000.0,31106000.0,3042000.0,0.48,14313000.0,0.4601363081,124738000.0,67422000.0,69847000.0,32629000.0,57316000.0,40984000.0,-96881000.0,36286647.3,67842647.3,3.232987578877258,2.140641760397193,0.27373374593147237,0.5064370680193409,0.027231839171682995,3.232987578877258,0.03713921271988372,1.1665481675560985,3.622868140974441,0.5382018821749578,0.0,0.4097452664454421,0.0,0.24937068094726547,0.884581200772319,0.020074075261748626,-80.81658641425389,0.46013630810776057,1.1224489795918369,-0.4420969047965781,-0.7008054497225484,-0.8996483808071167,-0.0345362563237774,1.0306648542072328,1.0355037873040698,0.4890574081497755,-0.07263746048296223,-0.6332925379686666,Diagnostics & Research,Healthcare,TRIB
2008Q4,2008,Q4,2008-12-31,2008-12-31,-81657000.0,34009000.0,-85681000.0,-3.92,14825000.0,0.4359140228,129509000.0,65905000.0,75201000.0,35707000.0,63604000.0,42317000.0,-99493000.0,33367032.0,64363032.0,3.160245118594905,2.106057635757695,0.2793628242052676,0.5489720051589408,-0.795768564131615,3.160245118594905,-1.2390106972156893,0.9811235849334,-0.10215606745288218,0.5062898414384341,0.0,0.4533402651416688,0.0,0.2625995104587326,0.9209398717338337,-0.6305121651777097,3.1099852735576476,0.4359140227586815,-63.22222222222222,-24.799206306993483,-0.65400370779851,-0.8706541074467385,-0.05398506795992598,-62.81453444360333,-43.542701092353525,-42.37875668615432,-0.0967571796469356,-0.6365858602591928,Diagnostics & Research,Healthcare,TRIB
2008Q3,2008,Q3,2008-09-30,2008-09-30,1321000.0,35582000.0,2014000.0,0.063,15671000.0,0.4404193131,215657000.0,147814000.0,76643000.0,34550000.0,67843000.0,42648000.0,-18301000.0,58809393.9,91732393.9,7.087906410135609,2.2183212735166427,0.16890247012617257,0.24642456059642523,0.009304413423554557,7.087906410135609,0.008936907194176466,1.6527849446349276,11.129711184708553,0.39786078382291257,0.0,0.46686831738885765,0.0,0.1649934850248311,0.9839363241678727,0.006125467756669155,0.0,0.4404193131358552,-0.13698630136986295,-0.9042355901072282,-0.7241502688824303,-0.7344183638161966,-0.03473975977825685,-0.12458581842279655,-0.12926934716817987,-0.41389754182709576,-0.057287712655400884,-0.20196887769870236,Diagnostics & Research,Healthcare,TRIB
2008Q2,2008,Q2,2008-06-30,2008-06-30,1509000.0,36296000.0,2313000.0,0.073,16235000.0,0.4472944677,216777000.0,147303000.0,78305000.0,32729000.0,69474000.0,42365000.0,-19876000.0,79651003.5,111147003.5,7.138511192768588,2.3925265055455407,0.17410518643583037,0.25622017202636743,0.010543314883553546,7.138511192768588,0.010244190546017393,2.1944843371170375,13.195991302186878,0.5407289973727623,0.0,0.4735276761477635,0.0,0.16743473708004078,1.0890647438051881,0.0069610705932824975,-122.91821527777778,0.44729446770994047,0.32727272727272716,-0.8882844506587648,-0.7183801704433733,-0.7251577395908381,0.029943538666497495,0.438512869399428,0.2987085906793936,-0.13371700327741776,0.1174323122126168,-0.188888745707448,Diagnostics & Research,Healthcare,TRIB
2008Q1,2008,Q1,2008-03-31,2008-03-31,1049000.0,34253000.0,1781000.0,0.055,15763000.0,0.4601932677,212983000.0,138812000.0,75900000.0,42593000.0,74171000.0,43082000.0,-21651000.0,87389886.69,122232886.69,7.290856003282912,1.7819829549456483,0.1780329885483818,0.2731608218309656,0.009481002537629924,7.290856003282912,0.007556983546091116,2.5513060663299565,20.82695107006673,0.6295557062069562,0.0,0.42918156074462654,0.0,0.160825042374274,0.7585049186486043,0.004925275726231671,-60.60325013176144,0.4601932677429714,0.0,-0.9162073185241286,-0.7197837979521922,-0.714064501735819,0.0,0.0,1.0102954523119967,-0.8044612868122824,-0.6983049446734835,-0.7883489849389094,Diagnostics & Research,Healthcare,TRIB
2007Q4,2007,Q4,2007-12-31,2007-12-31,0.0,0.0,-172989000.0,0.0,0.0,0.0,215979000.0,136845000.0,79809000.0,43511000.0,79134000.0,44420000.0,-22908000.0,129658794.62910001,163091794.62910002,7.187542790027161,1.8342258279515524,0.19507915121377542,0.307888486974314,,7.187542790027161,0.0,0.0,0.0,0.9474865331513757,0.0,0.0,,0.0,0.769920250051711,0.0,0.0,0.0,1.0,-1.0,-1.0,-0.704540892434268,-1.0,1.0,-5.980250467827839,-1.0,-1.0,-0.7797008666000256,Diagnostics & Research,Healthcare,TRIB
2007Q3,2007,Q3,2007-09-30,2007-09-30,-30147000.0,34735000.0,34735000.0,-1.59,34735000.0,1.0,,,,,,,,201116743.52,,,0.0,0.0,0.0,0.0,,0.0,5.7900314817907015,-1.6678006395329552,0.0,,0.0,,0.0,0.0,0.0,0.0,1.0,-13.230769230769232,-4.513374511765882,-0.6646381410686673,0.0,0.9277944277944278,-12.532899770466718,8.392915089237425,-4.696587747622486,-0.7013343633011696,0.0,Diagnostics & Research,Healthcare,TRIB
2007Q2,2007,Q2,2007-06-30,2007-06-30,2614000.0,37436000.0,3698000.0,0.13,18018000.0,0.4813014211,248368000.0,175825000.0,93699000.0,33495000.0,72543000.0,52219000.0,17118000.0,220451631.6,250740631.6,9.251780017218072,2.7974025974025976,0.1584664691103524,0.22384757571448885,0.014762590728035933,9.251780017218072,0.014867055310678232,5.888760326958008,21.083744414690127,1.2538127774776053,0.0,0.37185698692046953,0.0,0.15072795207112027,1.238393790117928,0.010524705276042002,0.0,0.48130142109199703,-0.13333333333333328,-0.691046907304713,-0.5751848915958063,-0.6042471663790614,0.036351087081559874,-0.10202679491583648,0.11654589371980677,-0.6054420507136548,-0.6590664149792211,-0.7208693477272503,Diagnostics & Research,Healthcare,TRIB
2007Q1,2007,Q1,2007-03-31,2007-03-31,2911000.0,36709000.0,3312000.0,0.15,17386000.0,0.4736168242,248344000.0,172515000.0,96298000.0,34835000.0,75829000.0,49153000.0,14109000.0,172290911.6,198058911.6,9.091809808498338,2.7644036170518156,0.15822004960860742,0.2277657015332,0.016759474943934552,9.091809808498338,0.016873895023621133,4.693424271976899,14.796539986259017,0.9987010497637886,,0.39311944337069965,,0.14781512740392358,1.3533802210420554,0.01172164417098863,0.0,0.4736168242120461,0.7857142857142856,-0.6851896088308914,-0.5718464076990554,-0.6028371512584685,0.11405869537357427,0.8216520650813517,1.9545049063336306,-0.2871671152390724,-0.6119361930500002,-0.7177911101058437,Diagnostics & Research,Healthcare,TRIB
2023Q1,2023,Q1,2023-04-24,2023-04-24,,,,,,,0.0,0.0,0.0,0.0,0.0,0.0,0.0,0.0,0.0,0.0,0.0,0.0,0.0,0.0,0.0,0.0,0.0,0.0,0.0,0.0,0.0,,0.0,0.0,0.0,0.0,0.0,0.0,-1.0,-1.0,-1.0,0.0,0.0,0.0,-1.0,-1.0,-1.0,Diagnostics & Research,Healthcare,TRIB
