Quarters,Year,Quarter,FillingDate,Date,NetIncome,Revenue,OperatingIncome,EPSDiluted,GrossProfit,GrossProfitRatio,TotalAssets,CommonStockEquity,CurrentAssets,CurrentLiability,TotalLiability,Inventory,RetainedEarnings,MarketCap,EnterpriseValue,bookValuePerShare,currentRatio,debtToAssets,debtToEquity,roic,shareholdersEquityPerShare,roe,priceToSalesRatio,peRatio,pbRatio,payoutRatio,inventoryTurnover,dividendYield,assetTurnover,quickRatio,returnOnAssets,priceToFreeCashFlowsRatio,grossProfitMargin,epsdilutedGrowth,fiveYNetIncomeGrowthPerShare,fiveYRevenueGrowthPerShare,fiveYShareholdersEquityGrowthPerShare,grossProfitGrowth,netIncomeGrowth,operatingIncomeGrowth,threeYNetIncomeGrowthPerShare,threeYRevenueGrowthPerShare,threeYShareholdersEquityGrowthPerShare,Industry,Sector,Symbol
2023Q1,2023,Q1,2023-03-31,2023-03-31,128734000.0,303213000.0,226149000.0,1.43,165747000.0,0.5466355334,2358984000.0,968050000.0,503300000.0,481867000.0,1390934000.0,8464000.0,338659000.0,1779863619.75,2565788619.75,10.763582831526662,1.0444790782518827,0.3063802043591648,0.7465998657094158,0.08058070247539531,10.763582831526662,0.13298280047518207,5.870010915593989,3.45647540616698,1.8386071171427096,0.0,16.24125708884688,0.0,0.12853542033349952,0.7972365818784022,0.05457179870656181,71.2658106006006,0.5466355334368909,0.8815789473684209,7.705323406257978,0.0,26.755208147027105,-0.04828429683731827,0.7049957618139436,0.6325500812127774,6.848842094057136,3.0080540436700693,0.6071981799248714,Oil & Gas E&P,Energy,VIST
2022Q4,2022,Q4,2022-12-31,2022-12-31,75504000.0,308105000.0,138525000.0,0.76,174156000.0,0.56524886,2037979000.0,844060000.0,347690000.0,408344000.0,1193919000.0,12899000.0,209925000.0,1372819712.04,1927435712.04,9.628343389940241,0.8514634719746097,0.28387240496590005,0.6854086202402673,0.06629238814900237,9.628343389940241,0.0894533563964647,4.455687872770646,4.545519813652257,1.6264480155913088,0.0,10.384448406853245,0.0,0.15118163631715537,0.7859231432321768,0.037048468114735236,21.659115410125743,0.5652488599665698,0.013333333333333345,18.79688626901845,0.0,0.0,-0.07446537137026486,-0.015092419874512463,-0.1693301271864862,2.6954481016705225,2.1742200426162714,0.38918035900823705,Oil & Gas E&P,Energy,VIST
2022Q3,2022,Q3,2022-09-30,2022-09-30,76661000.0,333573000.0,166763000.0,0.75,188168000.0,0.5640984132,1884215000.0,740220000.0,279895000.0,527112000.0,1143995000.0,6847000.0,161394000.0,814907187.48,1301149187.48,8.556646090658187,0.5309972074246081,0.291983664284596,0.7432384966631542,0.07412623698856027,8.556646090658187,0.10356515630488233,2.4429650705542714,2.6575024702260603,1.1008986348382912,0.0,21.236307872060756,0.0,0.17703552938491626,0.5011800148734994,0.040685908985970284,19.28044261297497,0.5640984132408798,-0.2924528301886793,15.003234069599134,0.0,31.552459227340552,0.14598926898786213,-0.24721120232530736,0.15927591744235356,2.4577267801211082,2.068090656662988,0.11196986325562874,Oil & Gas E&P,Energy,VIST
2022Q2,2022,Q2,2022-06-30,2022-06-30,101836000.0,294293000.0,143851000.0,1.06,164197000.0,0.5579371579,1835240000.0,658993000.0,329239000.0,480209000.0,1176247000.0,18914000.0,45203000.0,653953995.55,1185931995.55,7.446943214872754,0.685616054676193,0.3435359952921689,0.956718811884193,0.0735734783699386,7.446943214872754,0.15453274920977916,2.2221187576666788,1.6054096673818687,0.9923534780339093,0.0,6.8782912128582,0.0,0.16035668359451624,0.631629144809864,0.055489200322573616,10.063462683317175,0.55793715786648,5.235294117647059,438.969278160232,0.0,0.0,0.5828200160020051,5.555684305394618,0.797957704229577,22.59964654349723,1.097658205979091,0.07112782016508204,Oil & Gas E&P,Energy,VIST
2022Q1,2022,Q1,2022-03-31,2022-03-31,15534000.0,207920000.0,80008000.0,0.17,103737000.0,0.4989274721,1688942000.0,580482000.0,275098000.0,397710000.0,1108460000.0,18262000.0,-31538000.0,807315687.63,1385527687.63,6.535957941669906,0.6917050111890574,0.35795308542270843,1.041482767768854,0.02390792025548919,6.535957941669906,0.026760519706037395,3.8828188131492882,12.992720606894554,1.3907678233433596,0.0,5.704906362939437,0.0,0.12310665493545664,0.6329561740967037,0.009197473921543783,23.282355807642393,0.49892747210465566,-0.575,1.819353267208554,0.0,15.853762910610044,0.13266074879622655,-0.5630994234284911,-0.012831902082716415,1.9362965955025544,0.8288761352111833,-0.08252917903439379,Oil & Gas E&P,Energy,VIST
2021Q4,2021,Q4,2021-12-31,2021-12-31,35555000.0,196004000.0,81048000.0,0.4,91587000.0,0.4672710761,1683758000.0,565259000.0,375070000.0,385738000.0,1118499000.0,13961000.0,0.0,471562187.98,1109609187.98,6.389041672119354,0.9723439225588353,0.3789422232886199,1.1287692898299717,0.03265694482146188,6.389041672119354,0.06290036956510202,2.405880430909573,3.3157234424131627,0.8342409196138407,0.0,7.479192034954516,0.0,0.11640865254983199,0.11950080106186065,0.021116454977496767,8.0347961829954,0.46727107610048774,7.0,9.303950119493276,0.0,0.0,0.1869751166407465,6.513736263736264,0.26453746899037334,-0.14748694674633872,0.48686965378090186,-0.06934673041592405,Oil & Gas E&P,Energy,VIST
2021Q3,2021,Q3,2021-09-30,2021-09-30,4732000.0,175005000.0,64093000.0,0.05,77160000.0,0.44090168852318506,1586861000.0,528632000.0,354341000.0,354926000.0,1058229000.0,17451000.0,-155322000.0,440777038.90000004,802812038.9000001,6.032571403074508,0.9983517691011647,0.3928882239843313,1.1793818762390471,0.006462177484222211,6.032571403074508,0.008951406649616368,2.518653975029285,23.287037135460693,0.8338069562569047,0.0,5.606842014784253,0.0,0.11028376146366947,0.9361669756512625,0.002981987710328756,13.467065044301865,0.44090168852318506,-0.15254237288135583,1.853306142075047,0.0,21.950000801014557,0.13783492840605782,-0.14041780199818346,0.251840856266724,1.168749999286771,0.19314538830477676,-0.08526040267341031,Oil & Gas E&P,Energy,VIST
2021Q2,2021,Q2,2021-06-30,2021-06-30,5505000.0,165277000.0,51199000.0,0.059,67813000.0,0.4102990736763131,1458176000.0,521757000.0,329726000.0,319945000.0,936419000.0,13138000.0,-160054000.0,361616236.2,752252236.2,5.915673816196862,1.0305708793698918,0.43008937192766855,1.2019886652215495,0.0074271769355244745,5.915673816196862,0.010550888632064352,2.1879404647954646,16.422172397820162,0.693074048263847,0.0,7.418480742883239,0.0,0.11334502830933989,0.9310694025535639,0.0037752644399578652,11.87885934564089,0.4102990736763131,0.1132075471698113,24.75408645056344,0.0,0.0,1.2570477616907971,0.13318237958007412,2.871965514633593,1.118904502839666,0.19634569907518745,-0.13455443269223763,Oil & Gas E&P,Energy,VIST
2021Q1,2021,Q1,2021-03-31,2021-03-31,4858000.0,115901000.0,13223000.0,0.053,30045000.0,0.25922985996669573,1386959000.0,515470000.0,248379000.0,337422000.0,871489000.0,10491000.0,-165559000.0,224949527.04,634071527.04,5.8662190463968,0.7361079004925583,0.4126718958527253,1.110363357712379,0.006714645586560965,5.8662190463968,0.009424408791976254,1.940876498390868,11.576241613832853,0.4363969329737909,0.0,8.18377657039367,0.0,0.08356483500954245,0.6935647349609687,0.0035026269702276708,-5.187232556380574,0.25922985996669573,1.3371072382648517,1.258988087669516,0.0,14.126759668899636,4.380551575931232,1.3517231392991602,1.7419897873295551,1.258988087669516,0.0,14.126759668899636,Oil & Gas E&P,Energy,VIST
2020Q4,2020,Q4,2020-12-31,2020-12-31,-13812000.0,79536000.0,-17821000.0,-0.15722,5584000.0,0.07020720177026755,1372612000.0,508518000.0,267836000.0,333738000.0,864094000.0,13870000.0,-170417000.0,224899297.28,569554297.28,5.788395498538394,0.8025337240589924,0.39775916282241447,1.0736473438501686,-0.007306238999763144,5.788395498538394,-0.027161280426651564,2.827641536914102,-4.0707228728641764,0.44226418195619427,0.0,5.331795241528479,0.0,0.05794499829522108,0.7609741773486987,-0.010062566843361416,-7.79330852034098,0.07020720177026755,0.5147530864197531,-2.2486599200738686,0.0,0.0,6.2138188608776845,0.5136962185761567,0.15432069472785082,-2.2486599200738686,0.0,0.0,Oil & Gas E&P,Energy,VIST
2020Q3,2020,Q3,2020-09-30,2020-09-30,-28402000.0,69863000.0,-21073000.0,-0.324,-1071000.0,-0.015330003005882942,1339014000.0,520900000.0,278874000.0,287144000.0,818114000.0,12292000.0,-156605000.0,197146329.75,504120329.75,5.944949629476934,0.9711991196054941,0.39531998918607275,1.016200806296794,-0.01637260818460464,5.944949629476934,-0.05452486081781532,2.8218989987547056,-1.735320837881135,0.37847250863889426,0.0,5.770745200130166,0.0,0.052174958588931855,0.9126292034658569,-0.021211129980717155,-47.34542020893372,-0.015330003005882942,0.27839643652561247,-4.122168471760142,0.0,21.616657084067292,0.8553484602917342,0.2755146289824758,0.028356694946514202,-4.122168471760142,0.0,21.616657084067292,Oil & Gas E&P,Energy,VIST
2020Q2,2020,Q2,2020-06-30,2020-06-30,-39203000.0,51219000.0,-21688000.0,-0.449,-7404000.0,-0.14455573127159843,1321619000.0,546140000.0,272430000.0,198517000.0,775479000.0,10190000.0,-128203000.0,266554984.85,562558984.85,6.249093412893268,1.3723257957756767,0.389159054160087,0.9417365510674919,-0.02565593733365208,6.249093412893268,-0.07178196066942542,5.204220794041274,-1.699837925987807,0.4880707965906178,0.0,5.752993130520117,0.0,0.038754739452141654,1.2868368955807312,-0.0296628604764308,168.49240508849556,-0.14455573127159843,-0.8326530612244899,-169.7172504843249,0.0,0.0,-2.3906836964688205,-0.8377554847177948,-1.3008699342244854,-169.7172504843249,0.0,0.0,Oil & Gas E&P,Energy,VIST
2020Q1,2020,Q1,2020-03-31,2020-03-31,-21332000.0,73320000.0,-9426000.0,-0.245,5324000.0,0.07261320240043645,1347160000.0,583763000.0,299852000.0,190467000.0,763397000.0,14754000.0,-89000000.0,174332812.0,468541812.0,6.697109893460561,1.5742989599248163,0.36842765521541615,0.8502268900221494,-0.010956052065361526,6.697109893460561,-0.036542226896874246,2.377697926895799,-2.0430903337708606,0.2986362821898613,0.0,4.608648502101125,0.0,0.054425606460999434,1.469425149763476,-0.015834793194572285,-5.499110844741657,0.07261320240043645,0.5177165354330708,-0.14643604638789837,0.0,16.2693128288165,-0.7103530819868342,0.5179100092657462,-0.8140877598152425,-0.14643604638789837,0.0,16.2693128288165,Oil & Gas E&P,Energy,VIST
2019Q4,2019,Q4,2019-12-31,2019-12-31,-44249000.0,96445000.0,-5196000.0,-0.508,18381000.0,0.19058530768831977,1385133000.0,603716000.0,372571000.0,193036000.0,781417000.0,19106000.0,-67668000.0,683768998.35,887848998.35,6.93095272151278,1.9300596779875256,0.3312375057124478,0.7599732324470446,-0.008053330698682795,6.93095272151278,-0.07329439670308556,7.089729880761055,-3.863188989299193,1.1326004252827488,0.0,4.085836909871245,0.0,0.06962869269593606,1.8214426324623387,-0.03194566875527476,-149.29454112445416,0.19058530768831977,-3.0483870967741935,-9.496862895114985,0.0,0.0,0.31030795551753637,-3.0579015905497164,-9.182677165354331,-9.496862895114985,0.0,0.0,Oil & Gas E&P,Energy,VIST
2019Q3,2019,Q3,2019-09-30,2019-09-30,21502000.0,105443000.0,635000.0,0.248,14028000.0,0.13303870337528334,1358325000.0,645599000.0,367635000.0,175823000.0,712726000.0,16735000.0,-23419000.0,433753347.61,206954347.61,7.695034167208465,2.0909380456481803,0.00310750372701673,0.006538114216409876,0.0013327367632130441,7.695034167208465,0.033305503880892005,4.113628667716207,5.043174444354013,0.671861864113792,0.0,5.46250373468778,0.0,0.07762722470690005,1.947390273172452,0.015829790366812067,142.40096769862114,0.13303870337528334,3.96,5.049838220331759,0.0,28.27458765117371,-0.48845859315173396,4.808211777417612,-0.9115722044283526,5.049838220331759,0.0,28.27458765117371,Oil & Gas E&P,Energy,VIST
2019Q2,2019,Q2,2019-06-30,2019-06-30,3702000.0,120361000.0,7181000.0,0.05,27423000.0,0.22783958258904463,1187617000.0,527813000.0,200793000.0,182497000.0,659804000.0,16765000.0,-44921000.0,690851543.1999999,1001898543.1999999,6.952431889711382,1.100253702800594,0.31680583891944963,0.7128357960110873,0.012133357067811316,6.952431889711382,0.007013847707426683,5.7398288748016375,46.653939978390056,1.3088945198394126,0.0,5.543572919773338,0.0,0.10134664626727304,0.9984712077458807,0.0031171665612735417,-19.33208929930602,0.22783958258904463,1.267379679144385,19.558298208110763,0.0,0.0,-0.021096594559862927,1.2706536043281182,-0.4014336917562724,19.558298208110763,0.0,0.0,Oil & Gas E&P,Energy,VIST
2019Q1,2019,Q1,2019-03-31,2019-03-31,-13678000.0,93727000.0,11997000.0,-0.187,28014000.0,0.298889327515017,1161722000.0,521614000.0,200417000.0,155642000.0,640108000.0,22566000.0,-48623000.0,666305876.6,938700876.6,7.123886441196067,1.2876794181519127,0.296958308442123,0.6613760366861319,0.023484967111792366,7.123886441196067,-0.026222455685621936,7.109006760058468,-12.178422952917092,1.277392624814518,0.0,2.912035806079943,0.0,0.08067937079611129,1.1229873684481053,-0.011773901157075444,-9.125852609809213,0.298889327515017,-1.397872340425532,0.12489987559041715,0.0,17.369808091413788,-0.305139398749876,-1.415290259897984,-0.3810236301723248,0.12489987559041715,0.0,17.369808091413788,Oil & Gas E&P,Energy,VIST
2018Q4,2018,Q4,2018-12-31,2018-12-31,32936000.0,104103000.0,19382000.0,0.47,40316000.0,0.3872702996071199,1086142000.0,479657000.0,185145000.0,134118000.0,606485000.0,18187000.0,-34945000.0,635805625.0,874525625.0,6.8651149476697375,1.3804634724645461,0.28059590734913115,0.6353852857354317,0.0469943788350664,6.8651149476697375,0.06866573405579404,6.107466883759353,4.8260689291352925,1.325542262491739,0.0,3.5072854236542583,0.0,0.09584658359588341,1.240594103699727,0.030323843475346685,0.9854289011123561,0.3872702996071199,2.46875,10.740554807695682,0.0,0.0,-0.08559764118847811,2.473119241434833,-0.2241613962052678,10.740554807695682,0.0,0.0,Oil & Gas E&P,Energy,VIST
2018Q3,2018,Q3,2018-09-30,2018-09-30,-22358000.0,116947000.0,24982000.0,-0.32,44090000.0,0.377008388415265,1016092000.0,460774000.0,206598000.0,80604000.0,555318000.0,1550000.0,-67881000.0,635805625.0,811396625.0,6.594851060023258,2.5631234181926454,0.2941692287706231,0.6486976261681432,-0.08467620329528476,6.594851060023258,-0.04852270310390777,5.436698889240425,-7.109375,1.3798643695173773,0.0,47.00451612903226,0.0,0.11509489298213153,2.521425735695499,-0.02200391303149715,79.1492126229304,0.377008388415265,0.39038561919675685,-4.05662901144641,0.0,24.089108275281884,0.2835999537449851,0.39506618273043553,0.9493432924472194,-4.05662901144641,0.0,24.089108275281884,Oil & Gas E&P,Energy,VIST
2018Q2,2018,Q2,2018-06-30,2018-06-30,-36959415.0,110286358.0,12815598.0,-0.524922,34348708.0,0.3114501976754006,940550228.0,481276430.0,166888623.0,325957599.0,459273798.0,2537987.0,-45523021.0,640724784.6999999,818514417.6999999,6.835408302568821,0.511994883727193,0.26856041653099255,0.5248429909605172,0.1302299634422354,6.835408302568821,-0.07679456689786367,5.809646780610889,-4.333975420741914,1.3313030615274468,0.0,29.920425124320968,0.0,0.11725727634399127,0.42732353357407077,-0.03929552500198852,-0.9711505400021698,0.3114501976754006,-1.4586510538641686,-198.77449031172583,0.0,0.0,0.0,-9.654647039050937,5.301351766358387,-198.77449031172583,0.0,0.0,Oil & Gas E&P,Energy,VIST
2018Q1,2018,Q1,2018-03-31,2018-03-31,-3468854.0,0.0,-2979435.0,-0.2135,0.0,0.0,654588551.0,6301817.0,700343.0,619369.0,648286734.0,0.0,-8563607.0,147875018.2,147174675.2,0.38780407534719075,1.130736281602728,0.0,0.0,-0.47192213339817035,0.38780407534719075,-0.5504529884000122,0.0,-10.657339441210267,23.46545737523003,0.0,0.0,0.0,0.0,1.130736281602728,-0.005299289140790365,-54.44570257315053,0.0,-3.8800000000000003,0.0,0.0,0.0,0.0,-0.5733526612731675,-2.347484191934853,0.0,0.0,0.0,Oil & Gas E&P,Energy,VIST
2017Q4,2017,Q4,2017-12-31,2017-12-31,-2204753.0,0.0,-890052.0,-0.04375,0.0,0.0,,,,,,,,414569309.7,,,0.0,0.0,0.0,0.0,,0.0,0.0,-47.00858890995953,0.0,0.0,0.0,0.0,0.0,0.0,0.0,-125.82529557930812,0.0,0.27083333333333337,0.0,0.0,0.0,0.0,0.23525737079431147,0.5777741935483871,0.0,0.0,0.0,Oil & Gas E&P,Energy,VIST
2017Q3,2017,Q3,2017-09-30,2017-09-30,-2883000.0,0.0,-2108000.0,-0.06,0.0,0.0,656771000.0,11975000.0,5785000.0,2056000.0,644796000.0,0.0,-2890000.0,414569309.7,408784309.7,0.26285713257176985,2.813715953307393,0.0,0.0,-0.17597236498831648,0.26285713257176985,-0.24075156576200418,0.0,-35.94947187825182,34.61956657202505,0.0,0.0,0.0,0.0,2.813715953307393,-0.004389657886843359,1171.0997449152542,0.0,-22.076923076923077,0.0,0.0,0.0,0.0,-417.3110853163088,-348.817457683372,0.0,0.0,0.0,Oil & Gas E&P,Energy,VIST
2017Q2,2017,Q2,2017-06-30,2017-06-30,-6892.0,0.0,-6026.0,-0.0026,0.0,0.0,,,,,,,,23868863.2,,,0.0,0.0,0.0,0.0,,0.0,0.0,-865.8177307022634,0.0,0.0,0.0,0.0,0.0,0.0,0.0,-234008.46274509802,0.0,0.0,0.0,0.0,0.0,0.0,0.0,0.0,0.0,0.0,0.0,Oil & Gas E&P,Energy,VIST
