Quarters,Year,Quarter,FillingDate,Date,NetIncome,Revenue,OperatingIncome,EPSDiluted,GrossProfit,GrossProfitRatio,TotalAssets,CommonStockEquity,CurrentAssets,CurrentLiability,TotalLiability,Inventory,RetainedEarnings,MarketCap,EnterpriseValue,bookValuePerShare,currentRatio,debtToAssets,debtToEquity,roic,shareholdersEquityPerShare,roe,priceToSalesRatio,peRatio,pbRatio,payoutRatio,inventoryTurnover,dividendYield,assetTurnover,quickRatio,returnOnAssets,priceToFreeCashFlowsRatio,grossProfitMargin,epsdilutedGrowth,fiveYNetIncomeGrowthPerShare,fiveYRevenueGrowthPerShare,fiveYShareholdersEquityGrowthPerShare,grossProfitGrowth,netIncomeGrowth,operatingIncomeGrowth,threeYNetIncomeGrowthPerShare,threeYRevenueGrowthPerShare,threeYShareholdersEquityGrowthPerShare,Industry,Sector,Symbol
2023Q2,2023,Q2,2023-06-08,2023-05-05,167465000.0,1339326000.0,218796000.0,1.59,479721000.0,0.3581809059,3741375000.0,1559997000.0,1826834000.0,1024001000.0,2181378000.0,1127474000.0,1485046000.0,11083481500.0,12047218500.0,14.906803631151456,1.7840158359220353,0.29802973505729846,0.7147712463549609,0.06322546844419247,14.906803631151456,0.10734956541583093,8.275417262115422,16.5459670677455,7.104809496428519,0.21242647717433494,0.7624166943095805,0.0032096413026899535,0.3579769469780495,0.5989095713773717,0.044760281981891685,123.50659126365055,0.35818090591835,0.5742574257425743,0.2971553104578919,0.556093036760214,1.5450955322616085,0.21164920540305715,0.5671439266329777,0.6037587867504233,0.7482568439881608,0.4810298927661928,0.6277542455328713,Tools & Accessories,Industrials,TTC
2023Q1,2023,Q1,2023-03-09,2023-02-03,106860000.0,1148840000.0,136427000.0,1.01,395924000.0,0.3446293653,3654946000.0,1444171000.0,1757694000.0,987973000.0,2210775000.0,1131438000.0,1368493000.0,11880718690.0,12874338690.0,13.81968593601975,1.7790911290085862,0.3194731194387003,0.8085309842117034,0.04129517145979378,13.81968593601975,0.07399400763482995,10.341491147592354,27.79505589088527,8.22667031120276,0.332360097323601,0.6654505151851007,0.002989381444566465,0.3143247533616092,0.558010188537541,0.029237094063770026,-121.01202601397462,0.3446293652727969,-0.0982142857142858,3.850711884210937,1.150105079143318,1.5514192518173249,-0.0073236470308014395,-0.09099415602643823,-0.09297795388665799,0.5672192017825806,0.5387483994612944,0.6277091412806861,Tools & Accessories,Industrials,TTC
2022Q4,2022,Q4,2022-12-22,2022-10-31,117557000.0,1171984000.0,150412000.0,1.12,398845000.0,0.3403160794,3555998000.0,1351701000.0,1675351000.0,1063613000.0,2204297000.0,1051109000.0,1280856000.0,11016169840.0,11898038840.0,12.936423321338335,1.5751509242553448,0.3009335213349389,0.7916832198836873,0.04934997101756777,12.936423321338335,0.08696967746565254,9.39959064287567,23.427294503942772,8.149856987603028,0.2663218693910188,0.7355459804834703,0.002842004113473254,0.32957948795246794,0.4898050324695166,0.03305879249650871,147.07247827189832,0.3403160794004014,-0.05882352941176457,2.587461251952572,1.4775130935627219,1.2625722463566618,-0.002653123484018744,-0.060671194566520176,-0.07749865070408714,2.1508376898003205,0.6367865123331744,0.6128201764756007,Tools & Accessories,Industrials,TTC
2022Q3,2022,Q3,2022-09-01,2022-07-29,125150000.0,1160550000.0,163048000.0,1.19,399906000.0,0.3445831718,3439949000.0,1286602000.0,1604356000.0,1011262000.0,2153347000.0,939274000.0,1213551000.0,9014073730.0,9914721730.0,12.273574556173505,1.5864889613176407,0.32913627498547215,0.8800017410201445,0.05205388094954951,12.273574556173505,0.09727172816457615,7.767070552755159,18.00653961246504,7.006108905473487,0.2512744706352377,0.8098212023328656,0.003488655733460481,0.3373741878149938,0.5757370493502179,0.036381353328203414,125.37656795927451,0.34458317177200465,-0.040322580645161324,0.8929091981556051,0.9121592485091751,1.017121420507808,-0.013476610199595923,-0.045567206863679696,-0.04413842428932388,1.107846499537451,0.41247703523233237,0.5564110030117086,Tools & Accessories,Industrials,TTC
2022Q2,2022,Q2,2022-06-02,2022-04-29,131125000.0,1249478000.0,170577000.0,1.24,405369000.0,0.3244306823,3479306000.0,1223516000.0,1663676000.0,1110728000.0,2255790000.0,891676000.0,1146771000.0,8407880639.999999,9314412640.0,11.66052912473315,1.497824850008283,0.3362064158771893,0.956068412672985,0.05481669389474717,11.66052912473315,0.10717064590900323,6.729114590252889,16.030277673975213,6.87190084968239,0.24011439466158246,0.9466543901596544,0.0037447011141204783,0.3591170193136217,0.6325274954804416,0.03768711346458173,77.24920425207412,0.32443068225290883,0.8787878787878787,0.12237109428718199,0.476312183751532,1.075953332560292,0.349089444747667,0.8864192202560782,0.8616659026913758,0.15352743733520938,0.3204587259067051,0.5447275738626681,Tools & Accessories,Industrials,TTC
2022Q1,2022,Q1,2022-03-03,2022-01-28,69510000.0,932650000.0,91626000.0,0.66,300476000.0,0.3221744492,3253045000.0,1119549000.0,1437263000.0,986064000.0,2133496000.0,832072000.0,1040634000.0,10135020130.0,11115017130.0,10.658615535477974,1.4575757760145387,0.36057171050508063,1.0477040308195533,0.03078316613681704,10.658615535477974,0.062087501306329604,10.866906267088403,36.45166209897857,9.052770472752867,0.45272622644223853,0.7597587708755973,0.0031049765660406243,0.28670061434748056,0.5671325593470606,0.021367672442281,-99.4155742255704,0.3221744491502707,0.17857142857142852,0.5978160220821899,0.8698208451519828,1.256787885786506,0.03832251732979481,0.1564184467957676,0.8408775842324152,0.1810214523027345,0.564776810880445,0.6310023942626748,Tools & Accessories,Industrials,TTC
2021Q4,2021,Q4,2021-12-17,2021-10-31,60108000.0,960655000.0,49773000.0,0.56,289386000.0,0.3012382177,2936140000.0,1151132000.0,1489185000.0,937019000.0,1785008000.0,738170000.0,1071922000.0,10374957760.0,10730622760.0,10.82013008985976,1.5892794062873858,0.2592781679347715,0.6613290222146548,0.02177732170977737,10.82013008985976,0.05221642696059183,10.799878999224488,43.15131829373794,9.012830639752869,0.46188527317495176,0.9093691155153962,0.0026759627019435693,0.32718296811459946,0.7640090542454315,0.020471775868998073,465.5996840640847,0.30123821767439923,-0.37078651685393255,1.0473778956587927,1.1120064435087815,1.154957358756765,-0.1260309799859264,-0.37595514950166115,-0.5918205004141415,0.5347622503712047,0.7754967303062279,0.715294947331068,Tools & Accessories,Industrials,TTC
2021Q3,2021,Q3,2021-09-02,2021-07-30,96320000.0,976836000.0,121939000.0,0.89,331117000.0,0.338968875,2968049000.0,1237178000.0,1545789000.0,958440000.0,1730871000.0,665648000.0,1157428000.0,12184966200.0,12416603200.0,11.548380472323345,1.612817703768624,0.2584077958281686,0.6199326208516479,0.04808759058204899,11.548380472323345,0.07785460135889904,12.473911895139,31.62626193936877,9.849000063046708,0.2914763289036545,0.9700607528303248,0.0023040687630302985,0.3291172079706231,0.8728391970285047,0.0324522944196676,89.10200288110681,0.3389688750209861,-0.3206106870229008,0.7711624837255318,0.6684337262672594,1.197679686803684,-0.17827389298503796,-0.32250599630023,-0.32524513601452004,0.20340908762924734,0.470312723397495,0.8781454089982622,Tools & Accessories,Industrials,TTC
2021Q2,2021,Q2,2021-06-03,2021-04-30,142171000.0,1149107000.0,180716000.0,1.31,402953000.0,0.350666213,2996109000.0,1229417000.0,1559491000.0,988904000.0,1766692000.0,628811000.0,1151786000.0,12348493800.0,12619249800.0,11.409584883947547,1.5769892729729074,0.2564629657999759,0.6250043719909518,0.0698673086001332,11.409584883947547,0.11564099081109176,10.7461653266406,21.714157247258584,10.044186634803324,0.19828938391092416,1.1866109212466067,0.0022829504923102444,0.38353310910918126,0.8988445794536173,0.047451878419643614,59.39631457431457,0.35066621298103656,0.2843137254901961,0.3709408433397267,0.4000055870324617,1.2268856769482699,0.2790696936223162,0.27758557166093045,0.27746085604213055,0.06951973979570629,0.29664052869137325,0.9480020151611431,Tools & Accessories,Industrials,TTC
2021Q1,2021,Q1,2021-03-04,2021-01-29,111281000.0,872986000.0,141465000.0,1.02,315036000.0,0.3608717666,2875138000.0,1179722000.0,1456743000.0,819541000.0,1695416000.0,675307000.0,1104285000.0,10190498500.0,10537289500.0,10.911026433103347,1.7775108261819725,0.27135567057998605,0.6613295335680779,0.056849207720534964,10.911026433103347,0.09432815527726024,11.673152261319196,22.893617284172503,8.638050744158368,0.25530863309999013,0.8262168169439973,0.0027879892234908823,0.3036327299767872,0.9032604836121683,0.038704576962914475,120.56765182617337,0.3608717665575393,0.5454545454545454,1.8843556606720209,0.8264367907773515,1.6102255269432781,0.048739160105860616,0.5413734832954734,0.9966267712979168,3.8822240468471243,0.5791151190645033,1.0144164655687882,Tools & Accessories,Industrials,TTC
2020Q4,2020,Q4,2020-12-18,2020-10-31,72196000.0,840957000.0,70852000.0,0.66,300395000.0,0.3572061354,2853228000.0,1114828000.0,1427648000.0,855797000.0,1738400000.0,652433000.0,1041507000.0,8862284500.0,9255603500.0,10.327740979202371,1.6682086990255867,0.30604319037945793,0.7832697061788904,0.02789949396775222,10.327740979202371,0.0647597656320078,10.538332518785145,30.688280860435476,7.949463504684131,0.3741897058008754,0.8285325849550835,0.0030483110759985197,0.29473880110527445,0.865891093331713,0.025303270541295685,43.86031911787268,0.35720613539098905,-0.19512195121951212,2.1263187396564174,0.783971025037746,1.4603426953797476,0.01976073923699987,-0.1885172196744897,-0.38895404995170413,1.1326311405883618,0.7208061574549981,0.8063153567771625,Tools & Accessories,Industrials,TTC
2020Q3,2020,Q3,2020-09-03,2020-07-31,88968000.0,840972000.0,115952000.0,0.82,294574000.0,0.3502780116,2813863000.0,1054032000.0,1384246000.0,797112000.0,1759831000.0,656208000.0,981344000.0,7685108499.999999,8266806499.999999,9.785832327546188,1.736576541314144,0.3467969122874852,0.9258153452646599,0.0439487121443472,9.785832327546188,0.08440730452206385,9.138364297503363,21.595147974552646,7.291152925148382,0.3027942631058358,0.8326597664155267,0.0035053506401373515,0.29886742886913825,0.8641357801664007,0.03161774400530516,35.6566271209246,0.35027801163415667,-0.09890109890109898,0.7135182576735535,0.4167835964825586,1.3271100688843924,-0.039590241166938905,-0.09627613107693558,-0.07824635319368814,0.3096338344839146,0.3485245894741739,0.6082692059309274,Tools & Accessories,Industrials,TTC
2020Q2,2020,Q2,2020-06-04,2020-05-01,98446000.0,929398000.0,125795000.0,0.91,306717000.0,0.3300168496,2811475000.0,984950000.0,1374553000.0,855733000.0,1826525000.0,714167000.0,911541000.0,6724151040.0,7501163040.0,9.157895715560844,1.6062872414643352,0.34751011479739286,0.9919447687699883,0.049816463110007835,9.157895715560844,0.09995025128179096,7.2349532062690045,17.075734514353048,6.826895822122951,0.27312435243686894,0.8718983094990388,0.00399872040946897,0.33057309775118043,0.7016768080698068,0.035015783529997596,85.29073593952155,0.3300168496166336,0.4,0.09071205797655724,0.1685249775005171,1.209901798922217,0.06466426925106218,0.40454551939621347,0.38040579837373395,-0.1779051054603299,0.0713323718532127,0.6304032112602116,Tools & Accessories,Industrials,TTC
2020Q1,2020,Q1,2020-03-05,2020-01-31,70091000.0,767483000.0,91129000.0,0.65,288088000.0,0.375367272,2491609000.0,912050000.0,1220508000.0,824307000.0,1579559000.0,738960000.0,837194000.0,8595988460.0,9278382460.0,8.490267447380914,1.4806473801629734,0.3175891562440174,0.8676147141055863,0.041663981100692964,8.490267447380914,0.07684995340167754,11.200233047507242,30.660100654862962,9.424909226467848,0.3831590361101996,0.64874282775793,0.003124248028597284,0.30802706203100083,0.521778900336889,0.028130818278469857,-244.76049145785876,0.3753672719786627,0.8571428571428573,1.362956337798076,0.6886950670381201,1.2995363355575515,0.17554791138749812,0.8316782522343595,1.1043042534521774,0.57538523885018,0.504510071963916,0.7976755666398587,Tools & Accessories,Industrials,TTC
2019Q4,2019,Q4,2019-12-20,2019-10-31,38266000.0,734379000.0,43306000.0,0.35,245067000.0,0.3337064377,2330547000.0,859578000.0,1122891000.0,756970000.0,1470969000.0,651663000.0,784885000.0,8265713579.999999,8814698580.0,8.020995464979565,1.4834022484378508,0.3007075163041123,0.8152989024847076,0.024303350017698285,8.020995464979565,0.044517193320443287,11.255378462619436,54.00168282548476,9.616013415885467,0.6304291015522918,0.7508666289170937,0.002918562295501171,0.31511014367013407,0.5556310025496387,0.016419321300964965,195.9721556261558,0.3337064376840841,-0.3750000000000001,2.6651159389442243,0.8516286762254457,1.196002305994327,-0.07862967655584421,-0.36862078637781115,-0.41434058206210106,0.29394084848342067,0.6028159832942099,0.5974764682368421,Tools & Accessories,Industrials,TTC
2019Q3,2019,Q3,2019-09-05,2019-08-02,60607000.0,838713000.0,73944000.0,0.56,265981000.0,0.317129936,2309733000.0,843822000.0,1130403000.0,756403000.0,1465911000.0,620612000.0,763941000.0,7677608750.0,8254972750.0,7.885818419700014,1.4944454212899738,0.3120191814378545,0.8540675640123154,0.040212020791020146,7.885818419700014,0.07182438950394751,9.154035707089314,31.66964521424918,9.098611733280242,0.3972973418912007,0.9228503477212816,0.0031362629672943418,0.36312119192997633,0.6022662522491318,0.026239829452148797,107.0154405307835,0.3171299359852536,-0.4766355140186916,0.2676002421698288,0.5458214565707697,1.138573013829819,-0.172167271504958,-0.4755818984165441,-0.46310401161735343,0.11576247557497375,0.4341933743472799,0.5006868708847134,Tools & Accessories,Industrials,TTC
2019Q2,2019,Q2,2019-06-05,2019-05-03,115570000.0,962036000.0,137725000.0,1.07,321298000.0,0.3339771069,2466000000.0,805277000.0,1270274000.0,841774000.0,1660723000.0,611331000.0,723959000.0,7974255250.0,8605256250.0,7.548599068232735,1.5090439951816046,0.32890470397404703,1.0072049741890057,0.07178440022652081,7.548599068232735,0.14351583368207463,8.288936432732248,17.24983830146232,9.902499698861385,0.2077269187505408,1.0481032370352559,0.0030105632748588023,0.3901200324412003,0.723050367438291,0.046865369018653694,67.14370726819575,0.333977106885813,0.9454545454545454,0.4055375994005525,0.3676131276344836,1.2121281657978051,0.49013296725211836,0.9410480349344978,0.9659833842464385,0.12564966053720378,0.18388919498618508,0.4733110202565555,Tools & Accessories,Industrials,TTC
2019Q1,2019,Q1,2019-03-06,2019-02-01,59540000.0,602956000.0,70054000.0,0.55,215617000.0,0.3575998912,1622814000.0,694397000.0,933932000.0,564978000.0,928417000.0,416650000.0,613165000.0,6324476160.0,6387062160.0,6.535009128724425,1.6530413573625875,0.19259816590194564,0.4501041911183372,0.059157882202693336,6.535009128724425,0.08574345799305008,10.489117215849912,26.55557675512261,9.107867919936291,0.40179711118575745,0.9296507860314412,0.0037826057676213927,0.37154966619711194,0.8416133017568825,0.036689355650123795,535.7455451080051,0.3575998912026748,0.527777777777778,1.4701581573508222,0.45099139039069647,1.1826746750226498,0.20414044219073735,0.5252196633962651,0.6293143548237046,0.570323227586866,0.28361688752116365,0.5633586584348694,Tools & Accessories,Industrials,TTC
2018Q4,2018,Q4,2018-12-21,2018-10-31,39037000.0,539303000.0,42996000.0,0.36,179063000.0,0.3320267085,1570984000.0,668916000.0,894637000.0,532635000.0,902068000.0,358259000.0,587252000.0,5973345860.0,5996770860.0,6.308028894211727,1.6796436584152374,0.19895110325757615,0.4672470085930072,0.039249320681799676,6.308028894211727,0.05835859809004419,11.07604789886205,38.25438596715936,8.92988934335552,0.543663703665753,1.0055295191467626,0.0035529501384003234,0.34328993802610336,0.9055018915392342,0.024848757212040353,88.82298676579926,0.33202670854788496,-0.5068493150684932,7.538480834447339,0.5270840480211038,1.0188477758203391,-0.23363706008482665,-0.5059170474249769,-0.5371498697440094,0.7207634499381617,0.1645857269461812,0.5027403227261068,Tools & Accessories,Industrials,TTC
2018Q3,2018,Q3,2018-09-05,2018-08-03,79009000.0,655821000.0,92894000.0,0.73,233653000.0,0.3562755691,1534757000.0,650244000.0,873024000.0,511675000.0,884513000.0,364497000.0,568385000.0,6312277190.0,6373887190.0,6.14882128774196,1.7062080422142962,0.20360291564071706,0.48055960531738856,0.08173286480580524,6.14882128774196,0.12150669594798261,9.62500009911241,19.973285290283386,9.707551611395107,0.2674252300370844,1.1582207809666472,0.003347286464775797,0.42731259736883426,0.9192162994088044,0.051479810810441,60.48444060098503,0.3562755690958356,-0.39669421487603307,1.1484839232332351,0.40233702340162497,0.8725842797228202,-0.2789733873157726,-0.398205485608086,-0.45444080975844675,0.5498976386928552,0.12532727662707493,0.4622142962941006,Tools & Accessories,Industrials,TTC
2018Q2,2018,Q2,2018-06-06,2018-05-04,131289000.0,875280000.0,170273000.0,1.21,324056000.0,0.3702312403,1635747000.0,623327000.0,978229000.0,652407000.0,1012420000.0,394801000.0,538470000.0,6256608170.0,6362810170.0,5.857070370126758,1.499415242325726,0.19092316843619458,0.5010243419585546,0.1412398909246744,5.857070370126758,0.21062620422346537,7.1481219381226575,11.913808792054171,10.037441294858077,0.16188713448956119,1.3962072031225858,0.003397048276398616,0.535094974956396,0.821067217243224,0.08026241221900453,59.15966801565839,0.3702312402888219,4.761904761904762,0.8294096356190717,0.3573267286470242,0.8254368250105681,0.586650933465205,4.808219784109007,1.5443501389677534,0.47002043996167076,0.11215742326394615,0.4133760363053504,Tools & Accessories,Industrials,TTC
2018Q1,2018,Q1,2018-03-07,2018-02-02,22604000.0,548246000.0,66922000.0,0.21,204239000.0,0.3725316737,1516806000.0,580781000.0,900848000.0,572489000.0,936025000.0,439343000.0,490373000.0,6950324499.999999,7046059499.999999,5.416470039636279,1.573563858868904,0.20797979438372474,0.5431737608496146,0.025424769261732993,5.416470039636279,0.03892000599193155,12.677382963122392,76.87051517430542,11.96720364474733,0.9478410900725536,0.7830032571362239,0.003082589884831996,0.36144767359833757,0.730959022793451,0.014902367211100167,-2584.724618817404,0.3725316737377017,-0.32258064516129037,-0.21466982842775487,0.34489300920488347,1.0250104232342074,0.10844033908975459,-0.3321909714015599,0.4100716392751791,-0.23655112198579897,0.20853480920031153,0.4670173517849216,Tools & Accessories,Industrials,TTC
2017Q4,2017,Q4,2017-12-22,2017-10-31,33848000.0,488627000.0,47460000.0,0.31,184258000.0,0.3770933657,1493787000.0,617092000.0,859886000.0,521796000.0,876695000.0,328992000.0,534329000.0,6783337650.0,6804968650.0,5.7175735900453075,1.6479352083956182,0.22217826236270632,0.5378241818075749,0.036072924526806674,5.7175735900453075,0.054850816409870815,13.882445403139819,50.10146574391398,10.992425197539427,0.5563696525644056,0.9251562348020621,0.002776214449534294,0.3271062072437369,0.9454441965825725,0.022659187688740094,101.20608205893323,0.37709336569612406,-0.4918032786885246,146.02604423544042,0.5701323552949047,1.1536300007292253,-0.18752122053927728,-0.5051751359569616,-0.4593547799143352,2.219041162222433,0.22329155432914075,0.5653673965097731,Tools & Accessories,Industrials,TTC
2017Q3,2017,Q3,2017-09-08,2017-08-04,68404000.0,627943000.0,87784000.0,0.61,226785000.0,0.3611553915,1569544000.0,659922000.0,948149000.0,543894000.0,909622000.0,349022000.0,578558000.0,7848960720.000001,7845783720.000001,6.084697942022571,1.743260635344387,0.2114301988348208,0.5028609441721901,0.06850412454574877,6.084697942022571,0.10365467434030082,12.499479602447995,28.686044383369396,11.893770354678281,0.2776153441319221,1.1493774031436415,0.0024194285941081892,0.4000798958168742,1.0233188819880343,0.04358208498774166,89.91924205799128,0.36115539149253995,-0.43518518518518523,0.8367958503041366,0.3563873872076516,1.1274562911689683,-0.2830383732620118,-0.43221415231375804,-0.4489252711932503,0.4115345500322605,0.14187001405763394,0.6501230593400248,Tools & Accessories,Industrials,TTC
2017Q2,2017,Q2,2017-06-07,2017-05-05,120475000.0,872767000.0,159296000.0,1.08,316314000.0,0.362426627,1598758000.0,607771000.0,976563000.0,622415000.0,990987000.0,341576000.0,535648000.0,7213894010.0,7284597010.0,5.616951470846464,1.5689901432324092,0.21009683767024154,0.5526653953545003,0.128453349611224,5.616951470846464,0.1982243312036935,8.265543965342411,14.969690827972608,11.86942781080374,0.1572276405893339,1.629075227767759,0.002625766330048977,0.5459031323064529,0.9538892860872569,0.07535536960565639,49.96255876608535,0.36242662703791506,1.6341463414634152,0.9375497723265916,0.39692642508224035,1.165872353586228,0.634866652884019,1.677817292731718,1.6299488195476308,0.4445544734422316,0.22323496881297092,0.6460559690962484,Tools & Accessories,Industrials,TTC
2017Q1,2017,Q1,2017-03-08,2017-02-03,44990000.0,515839000.0,60570000.0,0.41,193480000.0,0.3750782705,1402913000.0,513036000.0,781316000.0,519124000.0,889877000.0,402103000.0,443559000.0,6414424350.0,6593805350.0,4.7229141926040485,1.505066226951557,0.24112257852054975,0.6593572380885552,0.05375046031121231,4.7229141926040485,0.0876936511277961,12.43493483431846,35.64361163591909,12.50287377493977,0.42218270726828183,0.8016826534494893,0.002961138671781202,0.367691367889527,0.6602333931777379,0.03206898788449462,1700.536678154825,0.37507827054565474,0.5185185185185184,1.494039752698991,0.3441863148040483,0.9624542789781868,0.12398845105933065,0.4882566986437314,0.3919658041090224,0.8258108155720143,0.21427552075770534,0.5774400612832876,Tools & Accessories,Industrials,TTC
2016Q4,2016,Q4,2016-12-22,2016-10-31,30230000.0,468356000.0,43514000.0,0.27,172137000.0,0.367534525,1387518000.0,550035000.0,779009000.0,463839000.0,837483000.0,307034000.0,480044000.0,5245062480.0,5325414480.0,5.021041389005532,1.679481458005903,0.25506479915936225,0.6434263274155281,0.03486876594216262,5.021041389005532,0.0549601389002518,11.198879655646559,43.37630234866027,9.535870408246748,0.54257360238174,0.9647758880124025,0.0031271314808055443,0.3375494948534001,0.9417491845230781,0.021787104743866387,92.15930420114913,0.3675345250194297,-0.45999999999999996,5.713075149142682,0.4226569388499841,1.3053722292898056,-0.2053393777958332,-0.45845723908136576,-0.46903713103852207,5.400644496560369,0.28377105216582393,0.6069549474951167,Tools & Accessories,Industrials,TTC
2016Q3,2016,Q3,2016-08-31,2016-07-29,55822000.0,600980000.0,81953000.0,0.5,216617000.0,0.3604396153,1467462000.0,577850000.0,885466000.0,513411000.0,889612000.0,327114000.0,559776000.0,5055686850.0,5135728850.0,5.254806030955023,1.7246728254751067,0.24347138120101236,0.6183005970407546,0.060555620071124874,5.254806030955023,0.0966029246344207,8.412404489334088,22.64199979398803,8.749133598684779,0.2952778474436602,1.1750123810047872,0.003260288955594629,0.4095370101576736,0.9342067076864344,0.038039826584947346,36.17043835048006,0.3604396152950181,-0.47368421052631576,0.8040084568863449,0.3602295586125476,1.0078002356035207,-0.28553335070435076,-0.4717877385717395,-0.4715777935392353,0.4597785926482373,0.23581412646923258,0.6003176391182161,Tools & Accessories,Industrials,TTC
2016Q2,2016,Q2,2016-06-02,2016-04-29,105681000.0,836441000.0,155090000.0,0.95,303187000.0,0.3624726669,1542741000.0,562608000.0,950107000.0,600601000.0,980133000.0,369070000.0,539333000.0,4746450800.0,4933006800.0,5.123561124872505,1.5819271030184765,0.23412549481734135,0.6420011802178426,0.1150267088446963,5.123561124872505,0.18784126780991384,5.674579318804315,11.228250111183657,8.436514944686175,0.15621540295795838,1.444858698891809,0.0034781778418518524,0.5421784991777622,0.8399519814319324,0.06850210113039065,38.28647436517923,0.36247266693048286,1.7142857142857144,1.0093014299421457,0.5170424522867229,1.023238860976526,0.6598979491278593,1.6917551768931,1.8806255688255726,0.4271875602601867,0.257112731078695,0.5968285442219178,Tools & Accessories,Industrials,TTC
2016Q1,2016,Q1,2016-03-02,2016-01-29,39261000.0,486398000.0,53839000.0,0.35,182654000.0,0.375523748,1393834000.0,459929000.0,805089000.0,550414000.0,933905000.0,422036000.0,441139000.0,4099643280.0,4398940280.0,4.180108699603737,1.4626971697667575,0.299488317834118,0.9076118270428697,0.044867050306789884,4.180108699603737,0.08536317562058492,8.428577584611778,26.10506151142355,8.91364380154328,0.42016250222867474,0.7197111146916377,0.004023764721305215,0.34896408037112026,0.560372737612052,0.028167629717742573,-434.28424576271186,0.37552374804172717,0.6666666666666666,1.6311320016354045,0.47003213129162696,1.001824942813724,0.0835241496316158,0.6668506410800713,0.46174522154648134,0.3292944072893143,0.16277820020023806,0.562782333329028,Tools & Accessories,Industrials,TTC
2015Q4,2015,Q4,2015-12-23,2015-10-31,23554000.0,480807000.0,36832000.0,0.21,168574000.0,0.3506063764,1303658000.0,462165000.0,710679000.0,443734000.0,841493000.0,334514000.0,437357000.0,4143613500.0,4395512500.0,4.197683923705722,1.6015878882393506,0.29008681724808194,0.8182662036285742,0.029241472424236584,4.197683923705722,0.05096448238183333,8.618039046852479,43.97993440604568,8.965658368764402,0.5839772437802496,0.933392922269322,0.003319566363996063,0.3688137533003288,0.6834905596596159,0.01806762202970411,82.83085457271365,0.3506063763630729,-0.5531914893617021,7.403786402004232,0.6498006030818979,0.9394483802823232,-0.2209713942418781,-0.5582851999099843,-0.5361501164914049,99.29441861979873,0.5145388501775824,0.5811354046078442,Tools & Accessories,Industrials,TTC
2015Q3,2015,Q3,2015-09-02,2015-07-31,53324000.0,609615000.0,79405000.0,0.47,216390000.0,0.3549617381,1359951000.0,465173000.0,771417000.0,498971000.0,894778000.0,350194000.0,439085000.0,3779332300.0,4055518300.0,4.20514373531007,1.5460157003112405,0.28421685781325945,0.830918819449968,0.06405244685680919,4.20514373531007,0.11463262055192369,6.1995395454508175,17.71872093241317,8.124573653242987,0.2591516015302678,1.1228776049846656,0.0036564659847455067,0.44826247416267206,0.6776766585633233,0.03921023625115905,60.485768929148726,0.354961738146207,-0.4268292682926829,0.8733659330174011,0.5594642301845871,1.0102975150015812,-0.23258337707290086,-0.4312895278521378,-0.42649236213932323,0.4038543107582297,0.29103820021864807,0.4702881852474374,Tools & Accessories,Industrials,TTC
2015Q2,2015,Q2,2015-06-03,2015-05-01,93763000.0,826242000.0,138455000.0,0.82,281972000.0,0.3412704752,1479127000.0,463004000.0,883749000.0,619240000.0,1016123000.0,341440000.0,431897000.0,3793165600.0000005,4093642600.0000005,4.144028354575397,1.4271510238356695,0.2770363870039557,0.8850290710231445,0.10925999267235882,4.144028354575397,0.20251012950212094,4.5908651460468,10.113705832791188,8.192511511779598,0.14889668632616276,1.594042877225867,0.0036805669649645663,0.5586011207962535,0.7442946192106453,0.06339077036657434,37.37955990027297,0.34127047523606885,2.0370370370370368,1.4785308276022533,0.7719308376521916,0.7375087063510098,0.6684832454629909,2.029499192245557,2.11681148980235,0.4603760580965599,0.2807364233573891,0.5979195284554769,Tools & Accessories,Industrials,TTC
2015Q1,2015,Q1,2015-03-04,2015-01-30,30950000.0,474211000.0,44422000.0,0.27,168999000.0,0.3563793333,1322168000.0,413840000.0,734089000.0,508208000.0,908328000.0,364390000.0,379247000.0,3637751130.0,3986839130.0,3.692164944774548,1.4444656518590813,0.3267376006679938,1.043886526193698,0.038725720240271315,3.692164944774548,0.07478735743282428,7.671165641454964,29.38409636510501,8.790235670790643,0.45279483037156704,0.8375970800515931,0.0038523800829662587,0.3586616829328799,0.567092607751157,0.023408522971362186,-108.62201045088086,0.35637933325038856,1.842105263157895,2.4426124338743023,0.7379798348521718,0.5452036657423873,0.18068004778638647,1.8389286369473492,1.2614671893295322,0.6627786762953292,0.19757669024629063,0.5341597579546635,Tools & Accessories,Industrials,TTC
2014Q4,2014,Q4,2014-12-22,2014-10-31,10902000.0,414140000.0,19643000.0,0.095,143137000.0,0.345624668,1192415000.0,408727000.0,824036000.0,400420000.0,783688000.0,274603000.0,368754000.0,3453855230.0,3513756230.0,3.65254419045236,2.057929174366915,0.31429829379871943,0.9169298822930709,0.015375894753665327,3.65254419045236,0.02667306050248699,8.33982525233013,79.20233053568153,8.450274217264825,1.0252247294074481,0.9868901650746714,0.0032360939459526797,0.34731196772935596,1.1813370960491485,0.009142790052121116,14272.129049586776,0.3456246679866712,-0.7840909090909091,25.927494963033578,0.7457784229741006,0.57730135656122,-0.2916815122723674,-0.7820166756643273,-0.727320682427086,1.3699992849112532,0.2314873438779766,0.677037349534863,Tools & Accessories,Industrials,TTC
2014Q3,2014,Q3,2014-09-04,2014-08-01,50013000.0,567540000.0,72037000.0,0.44,202080000.0,0.3560630088,1127827000.0,412733000.0,759749000.0,459749000.0,715094000.0,293761000.0,368020000.0,3310889400.0,3358069400.0,3.6874207093719287,1.6525299674387546,0.1995642948785585,0.5453259128783015,0.07978628679935953,3.6874207093719287,0.12117519074074523,5.833755153821757,16.55014396256973,8.021867405804722,0.22396176993981565,1.244072562389153,0.0033830788790468204,0.5032154754230924,0.8558778811916937,0.044344567030227156,50.380251985757326,0.3560630087747119,-0.42105263157894735,2.2516905549950827,0.8481667445368536,0.43904124583613424,-0.23610796098888637,-0.4257056243253795,-0.449590843450821,0.5879177637014228,0.2620035853824553,0.40892054348592366,Tools & Accessories,Industrials,TTC
2014Q2,2014,Q2,2014-06-04,2014-05-02,87086000.0,745030000.0,130879000.0,0.76,264540000.0,0.3550729501,1179246000.0,385550000.0,814354000.0,538626000.0,793696000.0,302477000.0,340482000.0,3634194690.0,3728280690.0,3.4123696741189176,1.5119099337945068,0.18994764451183213,0.5809752301906368,0.14482131107574875,3.4123696741189176,0.22587472441966022,4.877917251654296,10.432775331281722,9.426001011541953,0.12963048021495993,1.5885174740558787,0.0031063278010568,0.631785055874686,0.8232019991608277,0.07384888309987908,47.85235153925157,0.355072950082547,2.4545454545454546,2.044263049952063,0.9205838511829332,0.252543474989789,0.617843120466749,2.366423131933975,2.2237794965269226,0.6091846091459354,0.3132443169100734,0.34750786892720026,Tools & Accessories,Industrials,TTC
2014Q1,2014,Q1,2014-03-05,2014-01-31,25869000.0,445981000.0,40598000.0,0.22,163514000.0,0.3666389375,1039595000.0,341440000.0,682872000.0,443427000.0,698155000.0,304921000.0,298492000.0,3612787200.0,3732741200.0,2.994037179936864,1.5399874161925187,0.21544832362602745,0.6559834817244611,0.04792765061541668,2.994037179936864,0.07576440955951265,8.100764830788755,34.91425258030848,10.581030927835052,0.43994742742278403,0.9263612542265046,0.0031501993806886826,0.42899494514690817,0.6852401860960203,0.024883728759757407,-117.76091789171745,0.3666389375332133,4.5,3.9022828720733385,0.6723073966588459,0.19505821111502103,0.271018593371059,4.226060606060606,2.0644625603864735,0.6726571473651572,0.3004612442370007,0.4338235527409723,Tools & Accessories,Industrials,TTC
2013Q4,2013,Q4,2013-12-20,2013-10-31,4950000.0,382366000.0,13248000.0,0.04,128648000.0,0.3364525089,1002748000.0,358738000.0,653267000.0,388845000.0,644010000.0,240089000.0,314519000.0,3383509640.0,3424060640.0,3.1245688603978676,1.6800190307191811,0.2229313845552422,0.6231400074706331,0.012051548354530475,3.1245688603978676,0.01379837095596229,8.848876835283471,170.88432525252526,9.43170124157463,1.6254545454545455,1.0567664491084556,0.002378004160200945,0.38131813775744255,0.874806156694827,0.0049364346775062126,69.47801063676872,0.33645250885277456,-0.8823529411764707,468.959620845047,0.38298679266731567,0.21414369541177802,-0.277384275772197,-0.8765493677831259,-0.7738477296005463,0.6936184272166501,0.2581718977067254,0.44363895079301346,Tools & Accessories,Industrials,TTC
2013Q3,2013,Q3,2013-09-04,2013-08-02,40097000.0,509918000.0,58580000.0,0.34,178031000.0,0.3491365278,1031130000.0,378619000.0,712007000.0,408946000.0,652511000.0,258929000.0,335941000.0,2846905140.0,2909253140.0,3.283601894090507,1.7410782841744388,0.21677964951073095,0.5903771337413072,0.06766075038781424,3.283601894090507,0.1059032959254554,5.583064610388337,17.75011310073073,7.519181921667957,0.20173579070753422,1.2817683612109882,0.0028413310602965858,0.49452348394479845,0.8884498197806068,0.03888646436433815,26.703922146140137,0.34913652783388704,-0.48484848484848486,0.37911479482267246,0.36092387334836606,0.23918326990231364,-0.29437061287906113,-0.4885717201091809,-0.5013237309633867,0.3514299104560284,0.2514164611400688,0.5697481806666232,Tools & Accessories,Industrials,TTC
2013Q2,2013,Q2,2013-06-05,2013-05-03,78402000.0,704486000.0,117471000.0,0.66,252301000.0,0.3581348671,1114954000.0,373043000.0,791311000.0,498608000.0,741911000.0,309998000.0,324181000.0,2626985080.0,2770407080.0,3.208585632697998,1.5870403202515804,0.20069258462680972,0.5998316547958278,0.13267265925224084,3.208585632697998,0.21016880091571213,3.7289386588235964,8.376651998673502,7.042043624997654,0.10415550623708579,1.4586707011012974,0.0031085064251678207,0.6318520764085335,0.778389035073645,0.07031859610351637,59.92893988821718,0.3581348671229804,1.4444444444444444,0.6428556938379826,0.45152968110018915,0.19077900936312286,0.5215629278059548,1.4971970951713593,1.542442212795429,0.9916211802489343,0.451873003760514,0.3452961695424382,Tools & Accessories,Industrials,TTC
2013Q1,2013,Q1,2013-03-06,2013-02-01,31396000.0,444661000.0,46204000.0,0.27,165817000.0,0.3729065513,984143000.0,312843000.0,665886000.0,427493000.0,671300000.0,335700000.0,264056000.0,2627506400.0,2790554400.0,2.6747862517099863,1.5576535756141037,0.22735313872069404,0.7152085870548486,0.062293222203693495,2.6747862517099863,0.10035704810400105,5.9090102347631115,20.922302204102433,8.39880195497422,0.2611160657408587,0.8306344950848973,0.0031200685181965687,0.45182559851566284,0.5637916878171104,0.03190186791960112,-98.42691140663045,0.3729065512828874,127.5714285714286,1.2127222174363048,0.43851222999219974,0.15971000071316313,0.46871982922789396,124.08366533864542,10.250060871682493,2.346692506181512,0.5617667083784196,0.11942168972409942,Tools & Accessories,Industrials,TTC
2012Q4,2012,Q4,2012-12-21,2012-10-31,251000.0,339294000.0,4107000.0,0.0021,112899000.0,0.3327468213,935199000.0,312402000.0,612134000.0,378122000.0,622797000.0,251117000.0,264110000.0,2484055920.0,2583539920.0,2.654854170915766,1.6188796208631078,0.24095406432213892,0.7213142041344166,0.0008277246925220971,2.654854170915766,0.0008034519625354511,7.321249182125237,2474.1592828685257,7.9514725257840855,25.824701195219124,0.9015518662615434,0.0026094420611916017,0.3628040663003275,0.7226926759088337,0.0002683920748418251,468.07158846806107,0.3327468213407841,-0.9938235294117648,-0.9498750091120872,0.3316856496995584,0.10041877134389664,-0.3661703776063597,-0.9938099583220301,-0.9326555710420595,1.5457715520700588,0.36013756633475186,0.1464625386884194,Tools & Accessories,Industrials,TTC
2012Q3,2012,Q3,2012-09-05,2012-08-03,40549000.0,504076000.0,60985000.0,0.34,178122000.0,0.3533633817,986528000.0,337747000.0,661675000.0,404823000.0,648781000.0,234790000.0,289892000.0,2238395950.0,2320662950.0,2.8600812939283595,1.6344797602902996,0.22840203217749522,0.6671413809745165,0.07385092036930106,2.8600812939283595,0.12005732101247384,4.440592192447171,13.80056197440134,6.627433996452966,0.16079311450344028,1.3882788875165042,0.002912800123677851,0.510959648383016,0.8400733159924214,0.04110273606020306,32.133621642573104,0.3533633817122815,-0.39285714285714285,0.31152168293126836,0.4469962770792026,-0.02371585842250067,-0.24339271605882204,-0.4107791566160016,-0.42737089201877937,1.4988479605009695,0.555872759116175,0.11616635930547817,Tools & Accessories,Industrials,TTC
2012Q2,2012,Q2,2012-06-08,2012-05-04,68818000.0,691485000.0,106500000.0,0.56,235422000.0,0.3404585783,1029354000.0,310574000.0,691685000.0,476738000.0,718780000.0,250804000.0,288804000.0,2113992790.0,2256986790.0,2.59338989278199,1.4508702893413155,0.21913355366569712,0.7262874548416802,0.13095021824802314,2.59338989278199,0.22158326196011258,3.0571780877387074,7.67965063646139,6.806728154964679,0.09621029381847772,1.8184040126951724,0.0031319879761746963,0.6717659813824981,0.7454639655324308,0.06685552297848942,21.637814000143297,0.34045857827718606,2.5,0.26014669832572457,0.3823844481437129,-0.05658393227259635,0.6053214775214625,2.45419866485971,2.130419446812263,1.269672691743316,0.6817817210137896,-0.0480710185225527,Tools & Accessories,Industrials,TTC
2012Q1,2012,Q1,2012-03-09,2012-02-03,19923000.0,423835000.0,34021000.0,0.16,146651000.0,0.34600965,937007000.0,288729000.0,600472000.0,405308000.0,648278000.0,272474000.0,265022000.0,1958542900.0,2137525900.0,2.40663654852799,1.4815202265931093,0.2676468799059132,0.8685895770774671,0.041757359641270884,2.40663654852799,0.06900242095529026,4.621003220592919,24.576405410831704,6.783325886904328,0.3316267630376951,1.0172860529812018,0.0033734262343704602,0.4523285311635879,0.610158200677016,0.021262381177515215,-65.04842073798532,0.3460096499817146,3.0,0.48112662060171746,0.5335240937083606,0.026432721004105184,0.23457112310269643,2.956901688182721,2.695123275768437,2.5888125195834455,0.5106848749913837,-0.03940044974707481,Tools & Accessories,Industrials,TTC
2011Q4,2011,Q4,2011-12-21,2011-10-31,5035000.0,368094000.0,9207000.0,0.04,118787000.0,0.3227083299,870663000.0,266767000.0,532882000.0,359080000.0,603896000.0,223030000.0,243990000.0,1654758840.0,1801069840.0,2.1779742660265833,1.4840202740336415,0.2609471173117498,0.8516683097984383,0.012377659721185007,2.1779742660265833,0.01887414860158865,4.495478980912484,82.16280238331679,6.2030117668227325,1.2067527308838133,1.1178182307312918,0.003671834138683314,0.4227743684984891,0.6378133006572352,0.005782949315636474,60.769696658097686,0.3227083299374616,-0.8571428571428571,0.5160176941523813,0.5009151236385092,-0.08578515028155971,-0.29150488187473533,-0.8565159157618762,-0.8317557196111396,447.08741060370835,0.2479736762041505,-0.15368364660443143,Tools & Accessories,Industrials,TTC
2011Q3,2011,Q3,2011-09-01,2011-07-29,35091000.0,501045000.0,54724000.0,0.28,167661000.0,0.3346226387,967547000.0,326380000.0,629651000.0,397669000.0,641167000.0,232362000.0,297590000.0,1678230995.0,1788060995.0,2.6171956441550526,1.5833544983390708,0.235588555388007,0.6983975733807218,0.0662496720657508,2.6171956441550526,0.10751577915313439,3.3494616152241816,11.956277927388788,5.141954148538513,0.17702544812060073,1.4347612776615797,0.003701516667555053,0.5178508124153142,0.7974596963806583,0.03626800558525839,44.8389172544619,0.334622638685148,-0.4042553191489361,0.19618242617523785,0.44118217939834825,0.02585695201549796,-0.21490114912387498,-0.4175767634854772,-0.4138075089711317,0.11596054142746068,0.23644493466870695,-0.012308689998350584,Tools & Accessories,Industrials,TTC
2011Q2,2011,Q2,2011-06-03,2011-04-29,60250000.0,631601000.0,93355000.0,0.47,213554000.0,0.3381153608,1052527000.0,318540000.0,719975000.0,491026000.0,733987000.0,259826000.0,289573000.0,2135565770.0,2256142770.0,2.532356027601997,1.466266552076672,0.2160885183943025,0.7140045206253531,0.11383350718597145,2.532356027601997,0.1891442205060589,3.3811944091285477,8.861268755186721,6.704231085577948,0.10444813278008298,1.6089498356592489,0.002946760099081378,0.6000805680044312,0.7847914367059993,0.05724318711063944,65.05912475247524,0.33811536080531857,2.615384615384615,0.18579832117345407,0.32194998852537837,-0.011870739181304222,0.5628380109041677,2.486286309454924,2.432042939597809,0.16690466378441637,0.2028249037455206,-0.06018515723171743,Tools & Accessories,Industrials,TTC
2011Q1,2011,Q1,2011-03-04,2011-01-28,17282000.0,383213000.0,27201000.0,0.13,136645000.0,0.3565771516,896711000.0,266097000.0,578691000.0,387449000.0,630614000.0,239734000.0,243540000.0,1934099180.0,2067453180.0,2.0881489735702177,1.4935927051044138,0.2540082590712058,0.8559735735464887,0.03892556785754226,2.0881489735702177,0.06494624140820829,5.0470604598487006,27.978520715195003,7.268399042454444,0.3696910079851869,1.0285065948092469,0.0033033466256885543,0.42735396354009264,0.6854398901532847,0.019272653062134847,-47.11224953109395,0.3565771516102011,4.2,0.656699984921094,0.4190867107243538,-0.06941807522578512,0.23153530710648462,4.327373612823674,3.908155900396969,0.1179063865646653,0.13784632740420982,-0.09463896560700764,Tools & Accessories,Industrials,TTC
2010Q4,2010,Q4,2010-12-22,2010-10-31,3244000.0,337311000.0,5542000.0,0.025,110955000.0,0.3289397618,885622000.0,275810000.0,584973000.0,368283000.0,609812000.0,194402000.0,253477000.0,1799339840.0,1848555840.0,2.1643700169502167,1.588379045462321,0.2558450444997979,0.8215148109205612,0.008732381437034411,2.1643700169502167,0.011761720024654653,5.3343645478505,138.66675709001234,6.523838294478082,1.7644882860665845,1.1643707369265748,0.003181166710564248,0.3808746846848881,0.8696220026447053,0.0036629623022011648,89.51048850860612,0.328939761822176,-0.9,-0.3243357325092973,0.29300219072580264,-0.03204492224611136,-0.31353745831606167,-0.9029149458310888,-0.8970060770503075,-0.4017866972169873,0.22250510087480874,-0.10288353278388258,Tools & Accessories,Industrials,TTC
2010Q3,2010,Q3,2010-09-02,2010-07-30,33414000.0,458890000.0,53809000.0,0.25,161633000.0,0.3522260237,879652000.0,271633000.0,579819000.0,365694000.0,608019000.0,177195000.0,251812000.0,1689751200.0,1754627200.0,2.091801688023657,1.5855305255213374,0.25948329566692285,0.8403065901418458,0.06921492398324935,2.091801688023657,0.12301156339620002,3.682257621652248,12.642539055485726,6.2207139780512675,0.17334051595139763,1.6775699088574734,0.0034277235607230224,0.5216722067363002,0.9118962848720515,0.037985476074629515,26.169292240978784,0.35222602366580225,-0.26470588235294124,0.33217081483340144,0.34693015323240495,-0.10276312335165366,-0.13755255800055494,-0.26821576399991237,-0.2539273186084883,-0.01717793849790954,0.19792902788305416,-0.2859668640615592,Tools & Accessories,Industrials,TTC
2010Q2,2010,Q2,2010-06-04,2010-04-30,45661000.0,562819000.0,72123000.0,0.34,187412000.0,0.3329880477,985989000.0,321637000.0,684850000.0,422537000.0,664352000.0,174406000.0,298960000.0,1919675160.0,1967805160.0,2.3850403393249096,1.6208048052596578,0.23176222047101946,0.7104748520848037,0.08706018511658303,2.3850403393249096,0.141964388425461,3.4108215252150336,10.510474803442762,5.968452510127877,0.133067606929327,2.1524890198731694,0.0031651188318757013,0.5708167129653576,1.0441073799454248,0.046309847270101394,23.73192186920509,0.33298804766718965,3.25,-0.021705519462141745,0.18884658402241108,0.040045165496011156,0.6101932279987284,3.1821762227514196,7.441362359550562,-0.25750850163739014,-0.0008243684238094179,-0.13237674575672093,Tools & Accessories,Industrials,TTC
2010Q1,2010,Q1,2010-03-05,2010-01-29,10918000.0,331358000.0,8544000.0,0.08,116391000.0,0.3512545344,884634000.0,325250000.0,593298000.0,319892000.0,559384000.0,191071000.0,300750000.0,1325468500.0,1396005500.0,2.389435791948281,1.85468220524427,0.25857812383426365,0.7032959262106072,0.01023726202734287,2.389435791948281,0.033568024596464255,4.000110152765287,30.350533522623195,4.075229823212913,0.5613665506503023,1.125063458086261,0.004624025391776567,0.3745707264247135,1.0174371350330738,0.012341827241548482,-63.86568854196781,0.35125453437068066,21.512820512820515,0.32444731174291225,0.29495559067404553,0.24848464943898543,0.1914076894730377,21.522556390977442,1.961525129982669,-0.2846171885638928,0.056693910785455236,0.019096582362714224,Tools & Accessories,Industrials,TTC
2009Q4,2009,Q4,2009-12-22,2009-10-31,-532000.0,288564000.0,2885000.0,-0.0039,97692000.0,0.3385453487,872682000.0,315212000.0,582138000.0,316801000.0,557470000.0,176275000.0,291246000.0,1259790600.0,1305357600.0,2.3156920364384366,1.8375510178313832,0.2673826204734371,0.7402636955445858,0.0017575050579942543,2.3156920364384366,-0.0016877530043272464,4.36572337505718,-592.0068609022557,3.9966454322804976,-9.56766917293233,1.082808112324493,0.004040354008039113,0.33066340316403914,1.0463413941243873,-0.0006096149571092334,10.624868010457957,0.33854534869214453,-1.0278571428571428,-1.1040924091877367,0.1613564532057988,0.08021220475639092,-0.2698545568693105,-1.026899934267078,-0.9088640384129391,-1.1441364588131362,0.05875863435579523,-0.02797747424766189,Tools & Accessories,Industrials,TTC
2009Q3,2009,Q3,2009-09-03,2009-07-31,19777000.0,394859000.0,31656000.0,0.14,133798000.0,0.3388500705,917695000.0,368793000.0,631976000.0,308590000.0,548902000.0,160589000.0,343102000.0,1247101459.9999998,1344914459.9999998,2.5624148856340847,2.0479471142940473,0.2490457069069789,0.6197189209122733,0.03362461526824865,2.5624148856340847,0.053626289002231604,3.158346295766336,15.764542903372602,3.381575734897354,0.27274106285078625,1.6256468375791617,0.004325229480526789,0.43027258511814925,1.298230662043488,0.02155073308670092,6.7341000691174555,0.3388500705315062,-0.43999999999999995,-0.21699645106638016,0.17798178380533083,0.1797009509535558,-0.17011629710032564,-0.46347087707875534,-0.4634030579380954,-0.41586098337884486,-0.01590206459114823,0.004384647455110353,Tools & Accessories,Industrials,TTC
2009Q2,2009,Q2,2009-06-05,2009-05-01,36861000.0,499852000.0,58994000.0,0.25,161225000.0,0.3225454735,1011344000.0,396633000.0,727358000.0,373791000.0,614711000.0,215775000.0,374333000.0,1082810750.0,1315323750.0,2.7243522817814654,1.9458948984860525,0.25924512332104604,0.6610292134038267,0.0588815168577323,2.7243522817814654,0.09293477849800698,2.166262713763274,7.343878014703887,2.7300067064515563,0.14820542036298526,1.569352334607809,0.005045202959058173,0.49424528152636493,1.1703706081740866,0.03644753911626509,-131.96962218159658,0.3225454734601442,4.555555555555556,-0.03769606502224158,0.24293039996880875,0.10853725603247788,0.3633096566886521,4.4763036695884715,3.3058170936428,-0.37319200848512146,-0.09608564676776825,0.0630464978321532,Tools & Accessories,Industrials,TTC
2009Q1,2009,Q1,2009-03-06,2009-01-30,6731000.0,340172000.0,13701000.0,0.045,118260000.0,0.3476476606,938187000.0,364438000.0,651387000.0,332341000.0,573749000.0,238704000.0,342081000.0,1076797260.0,1295973260.0,2.505348402353847,1.9599959078175728,0.27155886832795595,0.6990846179597078,0.014668942557502057,2.505348402353847,0.018469533912489917,3.1654494197053253,39.99395557866587,2.954678875419139,0.8105779230426385,0.929653462028286,0.005066877677604789,0.362584431461958,1.003664910438375,0.007174475877410367,-13.127511520737327,0.3476476605952283,448.99999999999994,-0.014465203997665045,0.4811570659903675,0.1485750455192036,0.16092552053167367,516.7692307692307,26.402,-0.4347345628290867,0.10354548045168095,0.11650651749538521,Tools & Accessories,Industrials,TTC
2008Q4,2008,Q4,2008-12-22,2008-10-31,13000.0,341240000.0,500000.0,0.0001,101867000.0,0.2985201032,932260000.0,364675000.0,643948000.0,324451000.0,567585000.0,207084000.0,337734000.0,1191741261.83,1325499261.83,2.5734753408559,1.9847311304326385,0.2500557784309098,0.6392459038870227,-4.931223243182638e-06,2.5734753408559,3.564817988620004e-05,3.4923844268843043,22918.10118903846,3.2679543753479128,418.84615384615387,1.1559222344555833,0.004568944765442485,0.36603522622444384,1.096060730279765,1.3944607727458005e-05,15.80411980094686,0.29852010315320593,-0.9996,-0.9967602701462012,0.5414949389436883,0.1690540996992434,-0.41435552489364147,-0.9996599262301514,-0.992071797799131,-0.9975650728205617,0.17630842801242555,0.15091620385960294,Tools & Accessories,Industrials,TTC
2008Q3,2008,Q3,2008-09-05,2008-08-01,38227000.0,492635000.0,63066000.0,0.25,173940000.0,0.3530808814,992335000.0,401722000.0,702719000.0,347511000.0,590613000.0,211760000.0,364384000.0,1255660130.0,1430354130.0,2.649811350623994,2.022148939170271,0.23148130419666746,0.5718058757050896,0.06576825381778487,2.649811350623994,0.09515784547522914,2.5488650420696866,8.211866808800064,3.125694211419838,0.14889999215214378,1.5049820551567812,0.004533073770527379,0.4964402142421662,1.208597713453675,0.038522273224263985,5.576448803581262,0.35308088138276816,-0.37500000000000006,0.8699627273369438,0.6519066323501573,0.20614906580623468,-0.236321487842786,-0.39113468399592255,-0.38665473678068135,0.30542830209716265,0.23854875263069064,0.13658406222412436,Tools & Accessories,Industrials,TTC
2008Q2,2008,Q2,2008-06-06,2008-05-02,62784000.0,638510000.0,102823000.0,0.4,227766000.0,0.3567148518,1203887000.0,412144000.0,915004000.0,547177000.0,791743000.0,265428000.0,374335000.0,1560533590.0,1910074590.0,2.694526530505505,1.6722267200558503,0.31696828689071316,0.9258754221825382,0.0841895095026433,2.694526530505505,0.152335106176482,2.444023727114689,6.21389840564475,3.786379493575061,0.09144049439347604,1.5474780354747804,0.003678869866556349,0.53037369786367,1.0586062645176972,0.052151073979534626,-29.603778692567438,0.35671485176426365,2.3333333333333335,0.9564437261744184,0.6842006885398126,0.28693036309771025,0.5272266439582397,2.3705910774681915,2.211211742660837,0.1859787900226717,0.18912777563513467,0.17500288994953603,Tools & Accessories,Industrials,TTC
2008Q1,2008,Q1,2008-03-07,2008-02-01,18627000.0,405799000.0,32020000.0,0.12,149137000.0,0.3675144591,1031109000.0,354138000.0,741863000.0,431644000.0,676971000.0,295923000.0,320074000.0,1954998980.0,2241518980.0,2.3064268222789557,1.7186917923103298,0.3067396366436526,0.8931038182855271,0.030852994709320083,2.3064268222789557,0.05259813970824933,4.81765351812104,26.238779459923766,5.520443951228053,0.30799377248080745,0.8673269735708276,0.0029345283852782373,0.3935558704268899,0.8674833890891568,0.018065015434837635,-24.11881737542717,0.3675144591287805,1.9268292682926824,2.464558336707371,0.7803181561059819,0.22642305766911203,0.28399238921748415,1.8507805325987143,2.1556124963043266,1.0031967221705032,0.4059098617146985,0.20511230825822602,Tools & Accessories,Industrials,TTC
2007Q4,2007,Q4,2007-12-21,2007-10-31,6534000.0,332456000.0,10147000.0,0.041,116151000.0,0.3493725485,950837000.0,370438000.0,664928000.0,341470000.0,580399000.0,251275000.0,335384000.0,2136564759.9999998,2304098760.0,2.412585317563695,1.9472515887193604,0.2414514790652867,0.61975553263974,0.012090746352757881,2.412585317563695,0.017638579195438913,6.426609115191183,81.74796296296296,5.767671675152117,0.7239057239057239,0.8608297681822704,0.002213834136251503,0.34964562800984816,1.0108120771956541,0.006871840283876206,23.599062914199873,0.3493725485477778,-0.8423076923076923,0.6995916229474688,0.5674415128920567,0.31679380841134225,-0.34541796520572804,-0.8462081626888858,-0.8482010621587254,0.13338027029551328,0.18616922865157323,0.12541048811334915,Tools & Accessories,Industrials,TTC
2007Q3,2007,Q3,2007-09-11,2007-08-03,42486000.0,478707000.0,66845000.0,0.26,177443000.0,0.3706714128,1060106000.0,475397000.0,788934000.0,351198000.0,584709000.0,243437000.0,439780000.0,2290931430.0,2421345430.0,2.9295582834183738,2.2464080091572276,0.2118712657036183,0.4724598598644922,0.06355094205879827,2.9295582834183738,0.08936951642521934,4.785665198127456,13.480507873181754,4.818985879170461,0.11448477145412607,1.2375440052251712,0.002123153899896515,0.45156522083640693,1.349609052443351,0.04007712436303539,11.874294725602804,0.3706714127848559,-0.40909090909090906,1.4094171909018984,0.5843587576407421,0.6280847299566862,-0.27490233576880957,-0.43326307926259905,-0.4376771848948037,0.4918600636054714,0.266616782081378,0.3487287762017952,Tools & Accessories,Industrials,TTC
2007Q2,2007,Q2,2007-06-12,2007-05-04,74966000.0,686653000.0,118873000.0,0.44,244716000.0,0.3563896175,1206261000.0,451903000.0,936872000.0,521536000.0,754358000.0,247906000.0,416692000.0,2114903080.0,2418072080.0,2.7489354713124725,1.7963707203337833,0.2851505602850461,0.7611500698158675,0.09774014252812345,2.7489354713124725,0.1658895824988991,3.0800172430616337,7.0528742363204655,4.679993449921776,0.06584318224261665,1.782679725379781,0.002333913098277771,0.5692408193583313,1.1849996932138913,0.06214741254173019,-112.91527389215163,0.3563896174632602,3.0,1.4099767736736244,0.7900116106642362,0.5477044843176552,0.7471602470281655,3.0631978319783197,3.278469622804492,0.7332227789653747,0.5121246697811441,0.11854014062617264,Tools & Accessories,Industrials,TTC
2007Q1,2007,Q1,2007-03-13,2007-02-02,18450000.0,379088000.0,27784000.0,0.11,140065000.0,0.3694788545,1034436000.0,385828000.0,765337000.0,539466000.0,648608000.0,307415000.0,351992000.0,2126063520.0,2398112520.0,2.3446607841707383,1.418693671148877,0.29204320035265596,0.7829913847621219,0.02900800501306147,2.3446607841707383,0.04781923551427061,5.608364073777065,28.808448780487804,5.5103919881397925,0.26715447154471544,0.7775254948522355,0.0023183691143903356,0.3664682977003894,0.7177764678404199,0.017835806178439266,-17.238539227451106,0.3694788545139915,3.2307692307692313,5.378827816416127,0.657846523707903,0.49793694604777367,0.2635543527289129,3.1349170775437023,1.6363032545782332,1.387979234983575,0.4590977645922747,0.07490793071966709,Tools & Accessories,Industrials,TTC
