Quarters,Year,Quarter,FillingDate,Date,NetIncome,Revenue,OperatingIncome,EPSDiluted,GrossProfit,GrossProfitRatio,TotalAssets,CommonStockEquity,CurrentAssets,CurrentLiability,TotalLiability,Inventory,RetainedEarnings,MarketCap,EnterpriseValue,bookValuePerShare,currentRatio,debtToAssets,debtToEquity,roic,shareholdersEquityPerShare,roe,priceToSalesRatio,peRatio,pbRatio,payoutRatio,inventoryTurnover,dividendYield,assetTurnover,quickRatio,returnOnAssets,priceToFreeCashFlowsRatio,grossProfitMargin,epsdilutedGrowth,fiveYNetIncomeGrowthPerShare,fiveYRevenueGrowthPerShare,fiveYShareholdersEquityGrowthPerShare,grossProfitGrowth,netIncomeGrowth,operatingIncomeGrowth,threeYNetIncomeGrowthPerShare,threeYRevenueGrowthPerShare,threeYShareholdersEquityGrowthPerShare,Industry,Sector,Symbol
2023Q1,2023,Q1,2023-05-15,2023-03-31,3090679.0,0.0,-1157365.0,0.05,-1157365.0,0.0,514676646.0,493832618.0,3172586.0,3251587.0,20844028.0,0.0,-13929741.0,649092500.0,646194078.0,7.722167599687256,0.975703863990107,0.0,0.0,-0.0017219149943002493,7.722167599687256,0.006258555808883406,0.0,52.50403713876466,1.3143977864985823,0.0,0.0,0.0,0.0,0.8913868827744729,0.006005088872829874,-956.0423132043179,0.0,0.020408163265306138,0.0,0.0,0.0,0.0,0.10955388859869719,-1.5891313150294513,0.0,0.0,0.0,Shell Companies,Financial Services,ALCC
2022Q4,2022,Q4,2023-03-31,2022-12-31,2785515.0,0.0,-447009.0,0.049,0.0,0.0,510138267.0,490741939.0,3998187.0,1483529.0,19396328.0,0.0,-13804143.0,496000000.0,492422641.0,9.81483878,2.6950514617510004,0.0,0.0,-0.0006983627744571377,9.81483878,0.0056761299139750105,0.0,44.51600511934059,1.0107145132342152,0.0,0.0,0.0,0.0,2.4113846106142853,0.005460313762347101,-2398.1974838266724,0.0,1.1212121212121213,2.468911503635234,0.0,11.142248697591489,1.0,0.8895992890721985,-0.11026139050609017,2.468911503635234,0.0,11.142248697591489,Shell Companies,Financial Services,ALCC
2022Q3,2022,Q3,2022-11-10,2022-09-30,1474130.0,0.0,-402616.0,0.0231,-402616.0,0.0,506496560.0,487956424.0,3241674.0,947695.0,18540136.0,0.0,-13411595.0,624152000.0,621562819.0,7.630280281469898,3.4205878473559532,0.0,0.0,-0.0006055227696938021,7.630280281469898,0.0030210279596605944,0.0,105.85090867155543,1.279114218608996,0.0,0.0,0.0,0.0,2.732082579310854,0.0029104442486243146,-1423.0259752991844,0.0,24.666666666666664,1.5867961581898462,0.0,-0.7866934993614074,0.06530096762810393,26.11741873769798,0.06530096762810393,1.5867961581898462,0.0,-0.7866934993614074,Shell Companies,Financial Services,ALCC
2022Q2,2022,Q2,2022-08-12,2022-06-30,54361.0,0.0,-430744.0,0.0009,-430744.0,0.0,504703016.0,486482294.0,3859447.0,628281.0,18220722.0,0.0,-13519101.0,134617500.0,131589710.0,34.87328272401434,6.142867602235306,0.0,0.0,-0.00032860424083072095,34.87328272401434,0.00011174301854447348,0.0,619.090432479167,0.27671613470890266,0.0,0.0,0.0,0.0,4.819165309789728,0.00010770888676440959,-860.4176254026692,0.0,1.4736842105263157,0.0,0.0,83694.8785376344,0.0,1.4490566349458103,0.18591610519452292,0.0,0.0,83694.8785376344,Shell Companies,Financial Services,ALCC
2022Q1,2022,Q1,2022-05-16,2022-03-31,-121056.0,0.0,-529115.0,-0.0019,0.0,0.0,504494065.0,486427933.0,4019802.0,473691.0,18066132.0,0.0,-13573462.0,136152000.0,132967754.0,34.8693858781362,8.486127032179205,0.0,0.0,-0.00033917363292864863,34.8693858781362,-0.00024886728698616904,0.0,-281.17565424266456,0.2799016889517321,0.0,0.0,0.0,0.0,6.72220075956689,-0.0002399552510097418,-891.0237951886077,0.0,0.7888888888888889,0.0,0.0,0.0,0.0,0.7657100057480941,0.13364225073067698,0.0,0.0,0.0,Shell Companies,Financial Services,ALCC
2021Q4,2021,Q4,2022-03-31,2021-12-31,-516693.0,0.0,-610735.0,-0.009,0.0,0.0,504719054.0,-13183831.0,4177756.0,402885.0,17902885.0,0.0,-13185226.0,134192716.1,130855666.1,-0.9677182124641414,10.36959926529903,0.0,0.0,0.04610894669543017,-0.9677182124641414,0.03919141560597978,0.0,-64.92865013654144,-10.178582848945803,0.0,0.0,0.0,0.0,8.28288469414349,-0.0010237239824910592,-71.37227079322193,0.0,0.10000000000000009,0.0,0.0,0.0,0.0,0.0345453220499233,-0.07330082158077413,0.0,0.0,0.0,Shell Companies,Financial Services,ALCC
2021Q3,2021,Q3,2021-11-15,2021-09-30,-535181.0,0.0,-569025.0,-0.01,0.0,0.0,504945944.0,487336694.0,4912100.0,109250.0,17609250.0,0.0,-12664701.0,133920243.58,130478693.58,35.77143808850889,44.962013729977116,0.0,0.0,-0.0011676219070013226,35.77143808850889,-0.0010981750534877638,0.0,-62.55838846110008,0.27480024637750755,,0.0,,0.0,31.501601830663617,-0.0010598778074351657,0.0,0.0,0.0,0.0,0.0,0.0,0.0,0.0,0.0,0.0,0.0,0.0,Shell Companies,Financial Services,ALCC
2021Q2,2021,Q2,2021-08-20,2021-06-30,0.0,0.0,0.0,0.0,0.0,0.0,922000.0,24000.0,205935.0,898000.0,898000.0,0.0,-1000.0,574848000.0,575142065.0,0.0004166666666666667,0.22932628062360802,0.5422993492407809,20.833333333333332,,0.0004166666666666667,0.0,0.0,0.0,23952.0,0.0,0.0,,0.0,0.22932628062360802,0.0,0.0,0.0,0.0,0.0,0.0,0.0,0.0,0.0,0.0,0.0,0.0,0.0,Shell Companies,Financial Services,ALCC
2021Q1,2021,Q1,2021-03-31,2021-03-31,,,,,,,565707.0,24000.0,226535.0,541707.0,541707.0,0.0,-1000.0,0.0,273465.0,0.0,0.41818732266705066,0.8838497667520465,20.833333333333332,,0.0,,0.0,0.0,0.0,0.0,0.0,,,0.41818732266705066,,0.0,0.0,0.0,0.0,0.0,0.0,0.0,0.0,0.0,0.0,0.0,0.0,Shell Companies,Financial Services,ALCC
