Quarters,Year,Quarter,FillingDate,Date,NetIncome,Revenue,OperatingIncome,EPSDiluted,GrossProfit,GrossProfitRatio,TotalAssets,CommonStockEquity,CurrentAssets,CurrentLiability,TotalLiability,Inventory,RetainedEarnings,MarketCap,EnterpriseValue,bookValuePerShare,currentRatio,debtToAssets,debtToEquity,roic,shareholdersEquityPerShare,roe,priceToSalesRatio,peRatio,pbRatio,payoutRatio,inventoryTurnover,dividendYield,assetTurnover,quickRatio,returnOnAssets,priceToFreeCashFlowsRatio,grossProfitMargin,epsdilutedGrowth,fiveYNetIncomeGrowthPerShare,fiveYRevenueGrowthPerShare,fiveYShareholdersEquityGrowthPerShare,grossProfitGrowth,netIncomeGrowth,operatingIncomeGrowth,threeYNetIncomeGrowthPerShare,threeYRevenueGrowthPerShare,threeYShareholdersEquityGrowthPerShare,Industry,Sector,Symbol
2023Q4,2023,Q4,2023-06-23,2023-04-30,56092000.0,3328701000.0,85392000.0,1.49,687752000.0,0.2066127297,5943270000.0,2660666000.0,920955000.0,927125000.0,3282604000.0,376085000.0,0.0,8681131352.68,9975636352.68,71.3627574876802,0.9933450182014292,0.2815577956242944,0.6289305008595593,0.015224268464204289,71.3627574876802,0.0210819396346629,2.6079636929480903,38.69148609730443,3.2627662971150833,0.252460243885046,7.022213063536169,0.0016312389969342278,0.5600790473931018,0.5638538492652015,0.009437902030363756,123.86045189875585,0.20661272971047864,-0.44194756554307113,1.9131954735700314,0.5940382342333499,1.093951954748018,-0.06740686299768667,-0.43970752756912257,-0.40550964570903447,-0.10402203717979994,3.402570663727748,0.6059191214654763,Specialty Retail,Consumer Cyclical,CASY
2023Q3,2023,Q3,2023-03-07,2023-01-31,100112000.0,3332555000.0,143639000.0,2.67,737462000.0,0.2212902713,5840617000.0,2606782000.0,958204000.0,869809000.0,3233835000.0,387136000.0,2508933000.0,8794985008.73,10054013008.73,69.92234108524096,1.1016257592184031,0.28630999087938824,0.6414909263605472,0.025470193698467144,69.92234108524096,0.03840443888288319,2.639111735209171,21.9628641140173,3.373885890239383,0.14148154067444463,6.703310981153909,0.001610463233983987,0.5705826969993067,0.6284575119365285,0.017140654831501536,331.59842433849866,0.2212902712783435,-0.2724795640326976,-0.477038396366089,0.6349768871513123,0.975966671037582,-0.09061067252651854,-0.2722038457344335,-0.2581319918602609,1.919547036695558,0.4680031937806316,0.6250888890868871,Specialty Retail,Consumer Cyclical,CASY
2023Q2,2023,Q2,2022-12-06,2022-10-31,137555000.0,3978575000.0,193618000.0,3.67,810942000.0,0.2038272497,5790464000.0,2512816000.0,993343000.0,921298000.0,3277648000.0,393320000.0,2423147000.0,8674749286.800001,9933527286.800001,67.40914256159549,1.0781994533799053,0.28902277952164107,0.6660161348861198,0.03532075070722449,67.40914256159549,0.05474137382124278,2.180365906587158,15.765965044527643,3.4522023446205377,0.10296972120242812,8.053577239906437,0.0016327849407190085,0.6870908790729033,0.6211768613412816,0.02375543652460321,75.67212120799749,0.20382724970623906,-0.10268948655256722,1.851747128873033,0.8734262086318038,1.2076655363726192,-0.030263677130044842,-0.10054795595428033,-0.10644994554281811,0.6616782846540851,0.583919917731162,0.5933298689567995,Specialty Retail,Consumer Cyclical,CASY
2023Q1,2023,Q1,2022-09-07,2022-07-31,152932000.0,4454644000.0,216684000.0,4.09,836250000.0,0.1877254389,5679141000.0,2380046000.0,902854000.0,937383000.0,3299095000.0,399138000.0,2299927000.0,7651548163.08,9011923163.08,63.94029617701104,0.9631644695924718,0.29454084693442195,0.7028179287291086,0.04030492334364591,63.94029617701104,0.06425590093636846,1.7176564868213935,12.508088828825883,3.2148740667533318,0.08584207360133916,9.065521198182083,0.001715731211540273,0.78438693457338,0.5113736861026923,0.026928720382184558,39.413339942514526,0.18772543889029067,1.5562499999999997,1.7767728421599644,1.192600598800654,1.1026413882934303,0.2733291409272729,1.5583752948458438,1.4630738976731497,0.7649310195743124,0.6796037760036768,0.5827809529658379,Specialty Retail,Consumer Cyclical,CASY
2022Q4,2022,Q4,2022-06-24,2022-04-30,59777000.0,3458942000.0,87973000.0,1.6,656743000.0,0.1898681736,5505730000.0,2240838000.0,725035000.0,904678000.0,3264892000.0,396199000.0,2161426000.0,7482510423.3,9011501423.3,60.284672373508116,0.8014287956598922,0.30656588681246627,0.7532311572724133,0.018416496201465266,60.284672373508116,0.026676180964442766,2.1632367421309753,31.29343402688325,3.339157236399954,0.2172909312946451,7.072705887697849,0.0017359147218229307,0.6282440294020957,0.3437432987206498,0.01085723419056147,48.60887803979654,0.1898681735628987,-0.06432748538011689,1.0844302383235582,0.9647422305367658,0.9739651967625486,-0.01166600200151995,-0.066334499562664,0.05308961191314133,1.3442613937477856,0.5699487231411818,0.5727145063110921,Specialty Retail,Consumer Cyclical,CASY
2022Q3,2022,Q3,2022-03-08,2022-01-31,64024000.0,3048717000.0,83538000.0,1.71,664495000.0,0.2179588988,5401943000.0,2185606000.0,660780000.0,783710000.0,3216337000.0,351377000.0,2114765000.0,6980749893.53,8651572893.529999,58.80151403797546,0.8431435097166043,0.34390292529928584,0.849990345926942,0.015834394746930144,58.80151403797546,0.02929347741541705,2.2897336464912943,27.258332396952706,3.19396537780826,0.2028770461077096,6.785367283572914,0.0018606883498345434,0.5643741520412192,0.3680902374602851,0.011852031759683506,-296.7248955848848,0.2179588987761081,-0.33976833976833976,1.9565514811863922,0.816306851848239,0.8960877173953313,-0.07399071893421034,-0.33880678708264916,-0.3532608695652174,0.5117910260059931,0.4704822159985744,0.5522965468762462,Specialty Retail,Consumer Cyclical,CASY
2022Q2,2022,Q2,2021-12-07,2021-10-31,96831000.0,3262942000.0,129168000.0,2.59,717590000.0,0.2199211632,5252110000.0,2123134000.0,795021000.0,803496000.0,3128976000.0,350182000.0,2063920000.0,7189179254.799999,8589006254.799999,57.13034238585362,0.989452343259954,0.3258737916761073,0.80613140762665,0.025251528232366947,57.13034238585362,0.04560757823104901,2.203281350020932,18.561151012588944,3.3861165874598584,0.13038179921719284,7.268654585329914,0.0017561114492409778,0.6212630733172001,0.5221270547706522,0.01843659024658661,53.11743510879604,0.21992116317115046,-0.18808777429467088,0.7857998370547538,0.7920833213108304,0.8666855541456495,-0.008698871508950982,-0.18737988737736974,-0.23601327253047535,0.4354248192355222,0.26956501788216153,0.5449354604240697,Specialty Retail,Consumer Cyclical,CASY
2022Q1,2022,Q1,2021-09-08,2021-07-31,119159000.0,3181994000.0,169071000.0,3.19,723887000.0,0.22749477214601913,5075972000.0,2030665000.0,671266000.0,740942000.0,3045307000.0,338082000.0,1980207000.0,7340193322.6,8857537322.6,54.69648543368189,0.9059629498665213,0.3381169163265676,0.8451773187601106,0.034612541036396646,54.69648543368189,0.0586797920878136,2.3067904347399777,15.399997739574854,3.6146746620442074,0.10581659799091969,7.270742009335013,0.0017178021675774765,0.6268738283032295,0.42689711205465475,0.02347510979177978,37.352012185391374,0.22749477214601913,1.8482142857142854,0.8648464860617684,0.7034927773515934,0.8639170626491076,0.29037185979810726,1.8576670343901387,1.6096036303019077,0.67595263016573,0.2141799280666253,0.5443659947330947,Specialty Retail,Consumer Cyclical,CASY
2021Q4,2021,Q4,2021-06-25,2021-04-30,41698000.0,2378235000.0,64788000.0,1.12,560991000.0,0.23588543604816176,4460314000.0,1932679000.0,723633000.0,612749000.0,2527635000.0,286598000.0,1873728000.0,8247138213.76,9274342213.76,52.069207024265424,1.1809615356369412,0.30575179236260047,0.7056262317746507,0.015284368296890099,52.069207024265424,0.0215752331349386,3.4677557994731387,49.4456461566502,4.267205373349635,0.3012374694229939,6.340742084731924,0.001523073783223677,0.5331990079622198,0.6949354466510758,0.009348669174412384,-221.90007570790507,0.23588543604816176,0.07692307692307698,-0.06740127589351613,0.5807758952591283,0.8768496173143102,0.038524124321292305,0.07950397390426386,0.07002708594833851,1.1753237377442156,0.14398067142060517,0.527833588121401,Specialty Retail,Consumer Cyclical,CASY
2021Q3,2021,Q3,2021-03-08,2021-01-31,38627000.0,2008028000.0,60548000.0,1.04,540181000.0,0.26901069108598086,4396987000.0,1893589000.0,744778000.0,581826000.0,2503398000.0,271421000.0,1844734000.0,6860649574.240001,7836106574.240001,51.11930217319847,1.2800699865595555,0.310304078679332,0.7205380893108272,0.01462665652387202,51.11930217319847,0.020398829946730784,3.416610512522734,44.40319966759003,3.623093276439608,0.3059776840034173,5.408008223387284,0.0017227231725079428,0.45668272387432574,0.7829883848435787,0.008784879282108407,1000.094690122449,0.26901069108598086,-0.6533333333333333,0.06836465228341289,0.35125325863364043,0.9128873452759491,-0.14495852855514751,-0.655063715028174,-0.6146335874947492,-0.7969221330196534,-0.008501631777399328,0.4446031951046926,Specialty Retail,Consumer Cyclical,CASY
2021Q2,2021,Q2,2020-12-07,2020-10-31,111983000.0,2215905000.0,157118000.0,3.0,631760000.0,0.2851024750609796,4323668000.0,1859851000.0,728818000.0,562009000.0,2463817000.0,249842000.0,1818737000.0,6242302352.969999,7201839352.969999,50.22427068449094,1.2968084141001301,0.3155242261894299,0.7335114479600785,0.03725486405346716,50.22427068449094,0.060210737311752395,2.8170442112680822,13.935825868591662,3.3563454023843846,0.10548029611637481,6.340587251142722,0.0018922505402802247,0.5125058168203479,0.8199050193146373,0.025899999722457875,72.38459093404299,0.2851024750609796,-0.07407407407407414,0.4923547580409462,0.21266013316405202,0.9406171019927614,0.013242919440644232,-0.07138947857237628,-0.08436726011830181,1.3370290017277064,0.05035849398838253,0.6448568735062093,Specialty Retail,Consumer Cyclical,CASY
2021Q1,2021,Q1,2020-09-08,2020-07-31,120592000.0,2105021000.0,171595000.0,3.24,623503000.0,0.29619799517439493,4098993000.0,1751238000.0,558091000.0,533916000.0,2347755000.0,238795000.0,1718637000.0,5885473345.44,6922967345.44,47.367401202487024,1.045278658066063,0.3132501080143342,0.7332013124429689,0.04309783063626187,47.367401202487024,0.06886100004682402,2.7959214399476298,12.201210166180179,3.360750135298572,0.0976764627836009,6.204141627756025,0.0020013683366905807,0.5135458879778522,0.565937338457735,0.029419908743440158,19.176919640799728,0.29619799517439493,0.9401197604790421,1.0563370820590818,0.08294751043548214,0.972067191418349,0.1874664330470223,0.9421816366301075,0.8573299562713772,1.2044770187408125,0.04315309653050618,0.5576508740048343,Specialty Retail,Consumer Cyclical,CASY
2020Q4,2020,Q4,2020-06-26,2020-04-30,62091000.0,749883000.0,92388000.0,1.67,525070000.0,0.700202564933463,3943892000.0,1643205000.0,387250000.0,1063428000.0,2300687000.0,236007000.0,1609919000.0,5598843825.12,6925350825.12,44.4373297097044,0.36415253312871204,0.3561918024124393,0.8549036790905578,0.0239501386428419,44.4373297097044,0.03778652085406264,7.4662898413752545,22.542896011982414,3.407270441070956,0.1896087999871157,0.9525692034558297,0.0021027555630644275,0.19013781310441563,0.13300571359791166,0.015743585270590575,189.55357094897926,0.700202564933463,0.835164835164835,0.5786348749537796,-0.5234040847783903,0.9734452154731029,0.05677017608475576,0.8284107305868842,0.6425117337505334,1.1764147737017816,-0.5718306554159026,0.45505878742348677,Specialty Retail,Consumer Cyclical,CASY
2020Q3,2020,Q3,2020-03-09,2020-01-31,33959000.0,2248198000.0,56248000.0,0.91,496863000.0,0.2210050004492487,3922034000.0,1588590000.0,389628000.0,1104822000.0,2333444000.0,263185000.0,1559605000.0,5939105625.6,7264430625.6,43.026779368683805,0.35266133368090063,0.3490189019269083,0.861684890374483,0.015006582753121101,43.026779368683805,0.021376818436475112,2.6417182230390743,43.72261864012486,3.738601920948766,0.34668276451014457,6.654387598077398,0.001982285000834722,0.5732224656899966,0.10138556256120895,0.008658517493729019,-177.62608044024407,0.2210050004492487,-0.588235294117647,-0.0924709404360933,0.4129165929535959,0.9893058343812866,-0.10806997388096541,-0.585769873507276,-0.5343477325032701,0.5787301954896965,0.34839473114454783,0.38742257261185825,Specialty Retail,Consumer Cyclical,CASY
2020Q2,2020,Q2,2019-12-09,2019-10-31,81981000.0,2487586000.0,120794000.0,2.21,557065000.0,0.22393798646559354,3865869000.0,1561848000.0,395321000.0,1084061000.0,2304021000.0,271443000.0,1537420000.0,6305782008.97,7579564008.97,42.30708522757454,0.364666748457882,0.3408698018479157,0.8437171863075024,0.03180941045155973,42.30708522757454,0.05248974291992563,2.534900103542149,19.22940074215367,4.037385205839493,0.14359424744757932,7.112067726926095,0.0018668580650669944,0.6434739511349195,0.10155793816030648,0.02120635748391888,-776.2873333706759,0.22393798646559354,-0.04329004329004333,0.7236220422416015,0.21298802142548184,1.0466939095859955,-0.01523990340931188,-0.044677503932878865,-0.04159889556241421,0.5220064451646592,0.37534567393478446,0.382348180218108,Specialty Retail,Consumer Cyclical,CASY
2020Q1,2020,Q1,2019-09-09,2019-07-31,85815000.0,2626629000.0,126037000.0,2.31,565686000.0,0.21536577872246138,3836746000.0,1489214000.0,438070000.0,575028000.0,2347532000.0,273755000.0,1467212000.0,5968661573.7,7209774573.7,40.3974384814265,0.7618237720597953,0.3486928767241824,0.8983571199303794,0.03365329211045816,40.3974384814265,0.057624357547001306,2.272365672388449,17.38816516255899,4.007927385654446,0.12390607702616092,7.528421398695914,0.0017814714184588214,0.684598094322637,0.2631976182029397,0.022366609621799306,77.15536102715909,0.21536577872246138,2.3970588235294112,0.7191445409797449,0.2008982597762931,1.0234686110038334,0.2504940645931428,2.403736316039981,1.9082329595274354,0.3525552784579215,0.41616956001103383,0.37664192270899727,Specialty Retail,Consumer Cyclical,CASY
2019Q4,2019,Q4,2019-06-28,2019-04-30,25212000.0,2178397000.0,43338000.0,0.68,452370000.0,0.2076618724686088,3731376000.0,1408769000.0,410580000.0,590932000.0,2322607000.0,273040000.0,1393169000.0,4864147317.2,6176331317.2,38.33160572474777,0.6948007554168669,0.3686254078924236,0.9763701501097767,0.013262878878428285,38.33160572474777,0.017896475575484697,2.2329021373055506,48.2324618951293,3.452764305006711,0.42130731397747107,6.321516993847055,0.0021837332028246327,0.5838052771953296,0.2200710064779027,0.006756756756756757,70.16541626565115,0.2076618724686088,-0.3982300884955751,0.15753588954258416,0.18877771802958623,1.0500044297092295,-0.03805301266307295,-0.397346719254213,-0.357050663897337,-0.4305142250668726,0.4623406709576004,0.38167380774608245,Specialty Retail,Consumer Cyclical,CASY
2019Q3,2019,Q3,2019-03-11,2019-01-31,41835000.0,2048076000.0,67405000.0,1.13,470265000.0,0.22961306123405575,3583599000.0,1390868000.0,351272000.0,463701000.0,2192731000.0,250897000.0,1378589000.0,4724796962.2,6046216962.2,37.880335530156465,0.7575398802245412,0.37827586178029404,0.9746352637345888,0.01898025126234073,37.880335530156465,0.030078339569247405,2.306944157443376,28.234713530536634,3.3970132048476205,0.2537349109597227,6.288680215387191,0.002246657387592239,0.5715137212617818,0.19543412673252808,0.011674018214649574,-120.25750113772303,0.22961306123405575,-0.3722222222222223,1.9890676808145913,0.19915736022846692,1.0772947401677588,-0.07849177282533934,-0.37198829092546726,-0.3566936122696342,0.16733904391647067,0.39040642390138486,0.4174844215387972,Specialty Retail,Consumer Cyclical,CASY
2019Q2,2019,Q2,2018-12-10,2018-10-31,66615000.0,2538005000.0,104779000.0,1.8,510321000.0,0.20107170789655654,3545657000.0,1357079000.0,382178000.0,470976000.0,2188578000.0,258644000.0,1347377000.0,4628051366.08,5867877366.08,36.979112622718816,0.8114596072835983,0.36430850474256254,0.9518333125779708,0.029005018490516274,36.979112622718816,0.04908704651682032,1.8234997039328134,17.368653329130076,3.410303575606137,0.1591383322074608,7.839671517607213,0.002290596875760076,0.7158066897051801,0.24547110680799022,0.018787773323815586,86.83186112459896,0.20107170789655654,-0.052631578947368356,0.689385803493247,0.31926891724965045,1.0545313479125542,-0.02193886938256083,-0.051392686261107316,0.012005486014526348,-0.10420656023981952,0.40151033549570003,0.4288370422136254,Specialty Retail,Consumer Cyclical,CASY
2019Q1,2019,Q1,2018-09-10,2018-07-31,70224000.0,2588432000.0,103536000.0,1.9,521768000.0,0.2015768619766716,3524507000.0,1298699000.0,406551000.0,525513000.0,2225808000.0,263879000.0,1291377000.0,4010857516.98,5300443516.98,35.416789556503296,0.7736269131305981,0.37861408701983,1.0275113786951402,0.030979987137875663,35.416789556503296,0.054072575708459004,1.5495317307852785,14.278798975350306,3.0883657544819854,0.13659147869674185,7.831862330841029,0.002391508538857884,0.7344096635359215,0.25447895675273496,0.019924488729913148,76.27959751583272,0.2015768619766716,2.725490196078431,0.3197935404229793,0.2815381091741502,1.0808165177479707,0.28795033509003615,2.645727338801786,2.245235707121364,0.20733466996445496,0.34262284938674115,0.4745222861430911,Specialty Retail,Consumer Cyclical,CASY
2018Q4,2018,Q4,2018-06-29,2018-04-30,19262000.0,2089037000.0,31904000.0,0.51,405115000.0,0.19392428185810018,3469927000.0,1271141000.0,396840000.0,507850000.0,2198786000.0,241668000.0,1271141000.0,3603013944.6,4896033944.6,34.080417807994955,0.7814118342030127,0.38810585928752966,1.0594410848206455,0.012496610001254998,34.080417807994955,0.015153315013834028,1.7247248108099569,46.76323778164261,2.834472292688223,0.5065413768040702,6.967914659781187,0.0027080106127880125,0.6020406192983311,0.2941931672738013,0.005551125427134346,-132.45400869788986,0.19392428185810018,-0.8996062992125985,-0.14914879824889565,0.18742612904590364,1.1695537562060827,-0.035265905259046874,-0.9001787888995414,-0.19921688712632715,-0.5144774622470911,0.31630920121328476,0.5134986261297421,Specialty Retail,Consumer Cyclical,CASY
2018Q3,2018,Q3,2018-03-07,2018-01-31,192965000.0,2054603000.0,39841000.0,5.08,419924000.0,0.20438206310416174,3453181000.0,1329803000.0,476235000.0,461219000.0,2123378000.0,255584000.0,1327517000.0,4551252881.67,5727221881.67,35.38639700259958,1.032557201676427,0.38071563581520923,0.988627638830714,0.11024055630032634,35.38639700259958,0.14510795960003098,2.2151495357837985,5.896474596001866,3.4225015898369913,0.05072422460031612,6.395858113183924,0.002150616600413658,0.5949885048018044,0.4628040041715541,0.05588036074564293,-36.945586271958305,0.20438206310416174,2.96875,11.72409523280701,0.2602121266017422,1.3238013046485921,-0.10206839628189036,2.944662496422585,-0.5600159026405009,4.066478605989002,0.26862103513611896,0.6360593808756918,Specialty Retail,Consumer Cyclical,CASY
2018Q2,2018,Q2,2017-12-11,2017-10-31,48918000.0,2153745000.0,90551000.0,1.28,467657000.0,0.21713666195394535,3420182000.0,1154332000.0,576228000.0,467629000.0,2265850000.0,241681000.0,1154332000.0,4331278635.929999,5361153635.929999,30.53412822322461,1.232233244730331,0.3845000061400241,1.1392389711105644,0.023123316435804894,30.53412822322461,0.04237775613948153,2.0110452425565697,22.1354033072182,3.752194893609464,0.2028496667893209,6.976502083324713,0.002291009384084421,0.6297164887716502,0.700940275303713,0.014302747631558789,-131.95060581660317,0.21713666195394535,-0.12328767123287668,0.5084217738745894,0.14155201933052372,1.0429315947936606,-0.01896382817596922,-0.13813030762183304,-0.1215548937243527,0.004333550315818637,0.025541266719160474,0.47715244226420644,Specialty Retail,Consumer Cyclical,CASY
2018Q1,2018,Q1,2017-09-05,2017-07-31,56758000.0,2093739000.0,103081000.0,1.46,476697000.0,0.22767737526024018,3157481000.0,1166512000.0,439299000.0,441863000.0,1990969000.0,225973000.0,1166512000.0,4094941102.0,5008507102.0,30.4095108814095,0.9941972964470888,0.3397223926288076,0.9195507633011919,0.02849175120076922,30.4095108814095,0.04865616470297777,1.955803040398063,18.03684547552768,3.510414896717736,0.16406497762429967,7.155908006708766,0.002274025381085933,0.6631042277055665,0.4641144427118813,0.01797572178581597,160.01489203235514,0.22767737526024018,0.9210526315789473,0.4490409864058824,0.11670568840206029,1.133827080402046,0.1970724651510852,0.8870270629696123,0.9202153422003652,0.09269706237360338,-0.08007265307698198,0.5231829803466989,Specialty Retail,Consumer Cyclical,CASY
2017Q4,2017,Q4,2017-06-29,2017-04-30,30078000.0,1846460000.0,53682000.0,0.76,398219000.0,0.21566619368954648,3020102000.0,1190620000.0,350685000.0,446546000.0,1829482000.0,201644000.0,1150546000.0,4343011213.2,5181615213.2,30.53988615016086,0.7853278273682891,0.3030761874930052,0.7687767717659707,0.017628818286990207,30.53988615016086,0.025262468293830106,2.3520743548194925,36.097905555555556,3.6476887782835834,0.3108916816277678,7.182167582472079,0.0021531144040289117,0.6113899464322728,0.3132084936378335,0.00995926627643702,122.46598463750951,0.21566619368954648,0.310344827586207,0.27487415840137974,0.030215353998576815,1.3005654878638921,0.022046613573424977,0.3171885263849354,0.16305572406621024,0.3018265844745266,-0.0500941897047941,0.6332971370991864,Specialty Retail,Consumer Cyclical,CASY
2017Q3,2017,Q3,2017-03-06,2017-01-31,22835000.0,1769993000.0,46156000.0,0.58,389629000.0,0.22013024910268006,2976379000.0,1215506000.0,375702000.0,386756000.0,1760873000.0,209692000.0,1129792000.0,4503467697.900001,5318116697.900001,31.012022016972665,0.9714186722377933,0.31258451964618755,0.765417858899915,0.013797841745879006,31.012022016972665,0.018786414875780127,2.544342095081732,49.30444162360411,3.705014782238837,0.41248084081453906,6.582816702592374,0.0020914994026474637,0.5946799785914361,0.41701744769311916,0.007672074020143268,-97.76545019755125,0.22013024910268006,-0.5972222222222222,0.3282697331362294,0.08887718095585889,1.431197107986819,-0.12150352409597806,-0.600647079398391,-0.5363722201016534,0.5284177274554822,-0.029162076548124964,0.7006478246883141,Specialty Retail,Consumer Cyclical,CASY
2017Q2,2017,Q2,2016-12-07,2016-10-31,57180000.0,1920055000.0,99554000.0,1.44,443518000.0,0.23099234136522132,2952251000.0,1199413000.0,425993000.0,387015000.0,1752838000.0,208064000.0,1116363000.0,4428055953.96,5180543953.96,30.605230891177715,1.1007144425926643,0.3151700177254576,0.7757636443827105,0.029869491654651175,30.605230891177715,0.047673320199130745,2.3062130792919993,19.36016069412382,3.69185255951036,0.16458551941238195,7.096552022454629,0.002125311897105493,0.6503698364400587,0.5502861646189424,0.019368271871192524,-104.0157843123253,0.23099234136522132,-0.15294117647058825,0.4754886035890942,0.045992940966186946,1.4620868513346104,-0.01395524627886037,-0.15153133903133903,-0.10963045111437054,0.35792727789570283,-0.06539074015023022,0.7004033308629246,Specialty Retail,Consumer Cyclical,CASY
2017Q1,2017,Q1,2016-09-06,2016-07-31,67392000.0,1970079000.0,111812000.0,1.7,449795000.0,0.22831317931920497,2886079000.0,1149043000.0,435329000.0,420112000.0,1737036000.0,205773000.0,1068590000.0,5229345500.1,5927686500.1,29.344913746293013,1.0362212933693873,0.30762532834340295,0.7726699522994352,0.03652945640825131,29.344913746293013,0.0586505465852888,2.6543836567467602,19.398984672142095,4.551044216883094,0.12727029914529914,7.38816074023317,0.0016401670151333437,0.6826143705698978,0.5332482766500362,0.023350712159992848,66.14986781146825,0.22831317931920497,0.4285714285714286,0.6613838740990863,0.02096685251461926,1.5380241969070607,0.15860852094173405,0.43253124734291304,0.40306935538517524,0.18610913653209354,-0.08657208888737578,0.7240800761390237,Specialty Retail,Consumer Cyclical,CASY
2016Q4,2016,Q4,2016-06-27,2016-04-30,47044000.0,1582954000.0,79691000.0,1.19,388220000.0,0.24525033576465266,2726148000.0,1083463000.0,325885000.0,387571000.0,1642685000.0,204988000.0,1010595000.0,4374018544.0,5127618544.0,27.7428764371512,0.8408394848943807,0.30422963096647726,0.7654853003748167,0.027972141798931146,27.7428764371512,0.043420033725194124,2.7632000323445913,23.244295468072444,4.037072372568329,0.18276507099736417,5.82831190118446,0.0019656981134188807,0.5806559291718572,0.3041739449029984,0.017256583281612003,103.22411252182943,0.24525033576465266,0.22680412371134018,1.0115957491346448,-0.005333219061047108,1.6118247394571317,0.04593864250516611,0.23478306517231423,0.17673724934290186,0.9846443798544565,-0.1406798747107484,0.7661069216135802,Specialty Retail,Consumer Cyclical,CASY
2016Q3,2016,Q3,2016-03-07,2016-01-31,38099000.0,1565940000.0,67722000.0,0.97,371169000.0,0.23702632284761868,2670549000.0,1043130000.0,304726000.0,359752000.0,1627419000.0,189722000.0,972142000.0,4769172531.66,5564255531.66,26.723634457325613,0.8470446307456247,0.3177796026210341,0.8135572747404446,0.0236824463496891,26.723634457325613,0.036523731462042124,3.0455653036897963,31.29460439683456,4.571982908803314,0.22591144124517704,6.297482632483318,0.001804715585955992,0.5863738130249623,0.25713269140963774,0.014266354970457385,-864.7638316699909,0.23702632284761868,-0.515,1.8760893130090694,0.10754535222623851,1.6322257844063133,-0.16212781326892256,-0.5179355459112016,-0.49159566082354267,1.418633107722634,-0.07530415992970271,0.7549234134326607,Specialty Retail,Consumer Cyclical,CASY
2016Q2,2016,Q2,2015-12-07,2015-10-31,79033000.0,1924600000.0,133205000.0,2.0,442990000.0,0.23017250337732517,2630813000.0,1009408000.0,322349000.0,399376000.0,1621405000.0,204277000.0,942635000.0,4142850436.12,4923216436.12,25.88056687376255,0.8071316253355234,0.32155307123691423,0.838061517245752,0.046058055887094794,25.88056687376255,0.07829638758559472,2.1525773854930894,13.104812028266673,4.104237767206125,0.1087646932294105,7.252945755028711,0.002074899910712348,0.7315609281237397,0.24414336364728978,0.030041283816067504,124.20105636527161,0.23017250337732517,0.2738853503184713,2.94990908430105,0.5461075672162897,1.9048595550046605,0.07720028596300961,0.2787269844351681,0.23040614810504245,1.3621899641410498,-0.011232556392454147,0.7315781007746107,Specialty Retail,Consumer Cyclical,CASY
2016Q1,2016,Q1,2015-09-08,2015-07-31,61806000.0,2048592000.0,108261000.0,1.57,411242000.0,0.20074373032795206,2554374000.0,935901000.0,316443000.0,388901000.0,1618473000.0,215329000.0,872183000.0,3982783454.475,4789723454.475,24.01916192744907,0.8136852309456648,0.33415036325925646,0.9120035131921005,0.038086785271248695,24.01916192744907,0.0660390361801088,1.944156500891832,16.110019474140863,4.255560635660182,0.1250040449147332,7.603945590236336,0.0019398493762745686,0.8019937565916346,0.20637385864268798,0.024196143556111986,2406.5156824622354,0.20074373032795206,0.49523809523809526,1.1673544364639827,0.9665946454349258,0.42545970160643254,0.186698331808751,0.4949568246135984,0.5068899281777184,0.5534308949710932,0.07567078325098539,0.6854180381008822,Specialty Retail,Consumer Cyclical,CASY
2015Q4,2015,Q4,2015-06-26,2015-04-30,41343000.0,1653858000.0,71844000.0,1.05,346543000.0,0.20953612704355512,2469965000.0,875229000.0,305260000.0,364889000.0,1594736000.0,197331000.0,818955000.0,3194220972.7400002,3990077972.7400002,22.517640399280726,0.8365831800903837,0.34186638272202236,0.9647737906307949,0.027855659886684595,22.517640399280726,0.04723678031692277,1.9313755913385553,19.31536761205041,3.6495831065241213,0.18810923251820139,6.62498543057097,0.002434709453844984,0.6695876257355874,0.2476725798804568,0.016738293862463637,96.11883042669717,0.20953612704355512,0.03960396039603964,1.4704876481636708,0.8374094939017969,0.39169711592920564,-0.012827378748084296,0.051476385462499046,0.00015313296117383375,0.757629327070724,-0.07446409250709426,0.6962508018531725,Specialty Retail,Consumer Cyclical,CASY
2015Q3,2015,Q3,2015-03-09,2015-01-31,39319000.0,1671961000.0,71833000.0,1.01,351046000.0,0.20996063903404447,2387540000.0,839109000.0,256386000.0,324945000.0,1548431000.0,168280000.0,785389000.0,3542027050.1,4370629050.1,21.629041962804067,0.7890135253658311,0.3653295861011753,1.0394823556891895,0.026773886352297122,21.629041962804067,0.04685803632186045,2.1184866453822786,22.52109063111981,4.221176331203694,0.1970039929804929,7.849506774423579,0.0021868833553321714,0.7002860685056586,0.20765975780516702,0.016468415188855473,-88.563960846627,0.20996063903404447,-0.2109375,1.9927806427339638,0.9690378569110374,0.3663424632574327,-0.05450304620207821,-0.21155427219314604,-0.19493197050187167,1.3106472606671837,0.03915281410572938,0.6956154693723514,Specialty Retail,Consumer Cyclical,CASY
2015Q2,2015,Q2,2014-12-10,2014-10-31,49869000.0,2150211000.0,89226000.0,1.28,371282000.0,0.17267235634084283,2401908000.0,800102000.0,324264000.0,400172000.0,1601806000.0,199710000.0,753839000.0,3168910242.57,3951194242.57,20.670939132335818,0.8103115660266086,0.3554815588273989,1.0671564375542117,0.034112501589253955,20.670939132335818,0.062328303141349475,1.4737671059119315,15.886172986073513,3.9606328225276277,0.15516653632517194,8.907560963396925,0.0024418489031498877,0.8952095584010712,0.2563497695990724,0.020762244016007275,-79.5049988100256,0.17267235634084283,-0.044776119402985114,0.9521825542842742,1.4481513375718127,0.3274930618226046,-0.0077343282305652955,-0.046299483648881236,-0.04682242092106528,0.3028976825505358,0.18599841128979033,0.6629068286863574,Specialty Retail,Consumer Cyclical,CASY
2015Q1,2015,Q1,2014-09-08,2014-07-31,52290000.0,2291186000.0,93609000.0,1.34,374176000.0,0.16331105375120133,2376587000.0,770954000.0,380454000.0,395981000.0,1605633000.0,218403000.0,730552000.0,2555243217.8,3292468217.8,19.964450281927288,0.9607885226816438,0.3593270517763499,1.1076821704018658,0.03613987406496967,19.964450281927288,0.06782505830438651,1.1152491407506855,12.216691613119144,3.3143912837860623,0.1322241346337732,8.777397746367953,0.0027058089624645513,0.9640656958907879,0.371426911897288,0.022002140043684493,92.68874121445154,0.16331105375120133,1.2711864406779663,0.5584790331327474,1.5403973276769718,0.33262038189563176,0.30568263107388993,1.291812762973352,1.2889524647887325,0.30711145857285177,0.20398390666401495,0.7267134717640925,Specialty Retail,Consumer Cyclical,CASY
2014Q4,2014,Q4,2014-06-27,2014-04-30,22816000.0,1919566000.0,40896000.0,0.59,286575000.0,0.14929155861272808,2293462000.0,719866000.0,378144000.0,362943000.0,1573596000.0,204833000.0,685988000.0,2643341340.0,3366253340.0,18.698303852048106,1.0418826096659806,0.3682437293489057,1.1732086249385303,0.019260719082327998,18.698303852048106,0.031694787641033194,1.3770515522779627,28.96368053120617,3.671990814957228,0.30360273492286116,7.972304267378791,0.002620546917334558,0.8369731000557237,0.44071658635102484,0.009948279064575738,70.69836957393886,0.14929155861272808,0.5526315789473684,0.937880352820763,1.8720528994118508,0.31903340380379885,0.023946575768294905,0.5553889153998227,0.2577579578656005,-0.010332919784614567,0.22356069242988988,0.7603327000825102,Specialty Retail,Consumer Cyclical,CASY
2014Q3,2014,Q3,2014-03-10,2014-01-31,14669000.0,1790055000.0,32515000.0,0.38,279873000.0,0.15634882727067045,2226202000.0,701753000.0,345657000.0,319557000.0,1524449000.0,190839000.0,670106000.0,2642625549.9,3402381549.9,18.235416861016706,1.0816755696166882,0.3871688193614057,1.2282327257596333,0.01351594349484145,18.235416861016706,0.020903366284148413,1.476281762236356,45.03758862056036,3.7657488459614705,0.4313859158770196,7.913382484712244,0.00239458821558713,0.8040847146844716,0.440077982957657,0.006589249313404624,-48.67699810090442,0.15634882727067045,-0.6415094339622641,0.3813352595680044,1.7843396360647927,0.30729710449271763,-0.13164091951312593,-0.6449817275345483,-0.556750640711053,0.12321690486159337,0.284183563868624,0.7961529344975712,Specialty Retail,Consumer Cyclical,CASY
2014Q2,2014,Q2,2013-12-09,2013-10-31,41319000.0,2015885000.0,73356000.0,1.06,322301000.0,0.1598806479536283,2186335000.0,692148000.0,352712000.0,343001000.0,1494187000.0,199802000.0,662366000.0,2802616142.08,3501483142.08,17.998806715843177,1.0283118708108723,0.3714595430251997,1.173354542670065,0.03167700812913498,17.998806715843177,0.059696770054959346,1.39026588425431,16.957187626031605,4.049157321960043,0.16764684527699122,8.476311548432948,0.002471619247457496,0.9220384799218784,0.40473351389646095,0.018898750648917023,-64.65089139746252,0.1598806479536283,-0.2587412587412587,0.9966519757791894,0.9163167054968309,0.30949637850655787,-0.06717316430783479,-0.2583198707592892,-0.25929216943504824,1.0944313833167394,0.6424897963632493,1.020203263793425,Specialty Retail,Consumer Cyclical,CASY
2014Q1,2014,Q1,2013-09-09,2013-07-31,55710000.0,2114749000.0,99035000.0,1.43,345510000.0,0.16338109156216649,2192434000.0,653474000.0,437637000.0,396815000.0,1538960000.0,205674000.0,627972000.0,2542773423.48,3171677423.48,17.020621114077965,1.102874135302345,0.37394557829334885,1.2546038557004564,0.04180392849440352,17.020621114077965,0.08525205287433012,1.2023996339423733,11.410758497038236,3.891162346902861,0.12408903248967869,8.602151949201163,0.002718685013837755,0.964566778292984,0.5465141186699092,0.025410114968113066,38.65748549614607,0.16338109156216649,1.3833333333333333,1.5567166687482878,0.7855044774246899,0.28296012089163003,0.2969984083606114,1.3938638707459607,1.180043145196795,0.9826753754269847,1.0603327263861653,0.010118902887402472,Specialty Retail,Consumer Cyclical,CASY
2013Q4,2013,Q4,2013-06-27,2013-04-30,23272000.0,1808529000.0,45428000.0,0.6,266392000.0,0.14729761037837932,1984018000.0,602295000.0,272817000.0,397748000.0,1381723000.0,189514000.0,579176000.0,2220385220.0,2898024220.0,15.7084919931146,0.685904140309945,0.36235054319063636,1.1936177454569605,0.021663258467318376,15.7084919931146,0.038638872977527626,1.227729950694736,23.852539747335854,3.6865410139549555,0.24587487108972156,8.137324946969617,0.002577030304678393,0.9115486855461997,0.180996510353289,0.011729732290735265,80.40795321213876,0.14729761037837932,0.4999999999999999,1.105355724339196,0.9878588299250484,0.23135629660599766,0.06690803649383625,0.5050119640431999,0.43827766344783914,0.4097381891863609,1.0368416729745733,-0.0291405931185879,Specialty Retail,Consumer Cyclical,CASY
2013Q3,2013,Q3,2013-03-11,2013-01-31,15463000.0,1662365000.0,31585000.0,0.4,249686000.0,0.1501992643011613,1934460000.0,583486000.0,260556000.0,366157000.0,1350974000.0,185126000.0,562232000.0,2097097072.1999998,2803262072.2,15.227806668242986,0.711596391711752,0.37875479461968714,1.2557045070490123,0.016260253748875447,15.227806668242986,0.02650106429288792,1.2615142114998812,33.905081035374764,3.5940829294961656,0.4089115954213283,7.630905437377786,0.003015120322192208,0.8593431758733704,0.17171322683985285,0.00799344519917703,-46.49470273589925,0.1501992643011613,-0.5294117647058824,0.5698749078316592,0.9058852601513937,0.21504230288986625,-0.10607096697969662,-0.5294135548860281,-0.49158953722334003,0.19166501204224567,0.9821764856307424,-0.03803418991574863,Specialty Retail,Consumer Cyclical,CASY
2013Q2,2013,Q2,2012-12-10,2012-10-31,32859000.0,1911644000.0,62125000.0,0.85,279313000.0,0.1461114098650167,1861561000.0,572513000.0,259831000.0,314729000.0,1289048000.0,178298000.0,553094000.0,1974614502.0,2608586502.0,14.946231337867486,0.8255705702366163,0.3616851663738121,1.1760414174001288,0.030634576088513076,14.946231337867486,0.05739432991041252,1.0329404962430244,15.023391627864513,3.4490299818519405,0.19233695486776833,9.155071846010612,0.003200624726294044,1.0269037651734216,0.21890896612641353,0.017651315213414977,-54.49016231580109,0.1461114098650167,-0.15841584158415845,0.5705929976779701,1.1262501605097044,0.21245828870776698,-0.026695798225623228,-0.1581307166098742,-0.1254803699376399,0.2997972248655282,1.1993568241647201,-0.040149154598539176,Specialty Retail,Consumer Cyclical,CASY
2013Q1,2013,Q1,2012-09-10,2012-07-31,39031000.0,1868302000.0,71039000.0,1.01,286974000.0,0.15360150553818386,1845434000.0,544745000.0,306007000.0,332027000.0,1300689000.0,178546000.0,526553000.0,2271688453.44,2860537453.44,14.251159881090214,0.9216328792537957,0.3676560635601165,1.2455093667679373,0.0364806099711127,14.251159881090214,0.07165003809121699,1.2159107325475218,14.550539657195563,4.170186882743302,0.1619225743639671,8.856697993794317,0.002782071630654139,1.0123916650500642,0.3339788631647426,0.021150038419146932,65.36292485800604,0.15360150553818386,0.6833333333333335,0.7160188149044686,0.9342573671332759,0.20378372352145263,0.17017615397161964,0.6919242273180458,0.6263879667574808,0.1752224245215412,1.0927456518326533,-0.04873984231932511,Specialty Retail,Consumer Cyclical,CASY
2012Q4,2012,Q4,2012-06-26,2012-04-30,23069000.0,1752504000.0,43679000.0,0.6,245240000.0,0.13993691312544793,1774815000.0,506041000.0,279278000.0,306641000.0,1268774000.0,170794000.0,493842000.0,2148062000.0,2761880000.0,13.274947534102834,0.9107653575353589,0.377355949775047,1.32348367029549,0.024350978457549445,13.274947534102834,0.045587215265166264,1.2257101838283964,23.278664007976072,4.244837868868332,0.24799514499978326,8.825040692295982,0.002663330946685896,0.9874291123300175,0.3066876249425224,0.012997974436772284,149.39922103213243,0.13993691312544793,0.3953488372093023,0.8486105260378871,1.3490937583690565,0.17444657626410628,0.07208743169398907,0.3814599676627343,0.2514397043234106,0.9788495548426313,1.6481645085540806,-0.06354611788456145,Specialty Retail,Consumer Cyclical,CASY
2012Q3,2012,Q3,2012-03-08,2012-01-31,16699000.0,1578950000.0,34903000.0,0.43,228750000.0,0.1448747585420691,1723622000.0,485638000.0,259715000.0,281503000.0,1237984000.0,161942000.0,476494000.0,1939374537.48,2571882537.48,12.75586496672519,0.9226011800939955,0.3938485352356839,1.397843661327985,0.019123447640500633,12.75586496672519,0.034385694694402,1.2282684932898444,29.03429153661896,3.9934571377857577,0.3420564105635068,8.337552951056551,0.00294527946490527,0.9160651233275046,0.2970199251872982,0.009688319132617244,-55.39012759489333,0.1448747585420691,-0.5612244897959184,0.9694506864096228,1.2686134915093163,0.14220841898252604,-0.12995686868149003,-0.5562553146258503,-0.48409554497886303,0.5894793396353962,1.4825045080740593,-0.08553199176110354,Specialty Retail,Consumer Cyclical,CASY
2012Q2,2012,Q2,2011-12-08,2011-10-31,37632000.0,1782518000.0,67654000.0,0.98,262918000.0,0.14749808978086057,1698390000.0,473058000.0,279220000.0,288789000.0,1225332000.0,159868000.0,465508000.0,1885670290.9499998,2478781290.95,12.43060571749843,0.9668650814262316,0.399973504318796,1.43599939119516,0.03752438121669761,12.43060571749843,0.07955049909313446,1.057868863568278,12.527040091876593,3.986129165873952,0.1517059948979592,9.505341907073335,0.003027570634908719,1.0495339704072681,0.36688378019938434,0.022157455001501423,-46.32527431396634,0.14749808978086057,-0.04854368932038839,1.9040079042516862,1.33857641282711,0.1314807943464508,-0.014483735784273302,-0.04465487040186845,-0.0664679664969436,0.8375663327928883,0.7122556640848677,-0.09561598017613074,Specialty Retail,Consumer Cyclical,CASY
2012Q1,2012,Q1,2011-09-09,2011-07-31,39391000.0,1873832000.0,72471000.0,1.03,266782000.0,0.14237242186065774,1709056000.0,439642000.0,338930000.0,344464000.0,1269414000.0,163942000.0,433585000.0,1703111801.04,2243749801.04,11.562109526794076,0.9839344604951461,0.3976786015203715,1.5459282780080157,0.04014109500400145,11.562109526794076,0.08959790010963466,0.9088924733060381,10.809016025488054,3.8738605525404757,0.1448808103373867,9.80255212209196,0.0033509250517288636,1.0964134586578789,0.4684205025779182,0.023048396307669264,14.765371719970522,0.14237242186065774,0.7200310619235837,2.0666634131812,1.2564641900215223,0.08163513051698311,0.2283459491316279,0.729951690821256,0.6200791362081685,0.8253126490533029,0.5974364114557958,-0.12848506897384382,Specialty Retail,Consumer Cyclical,CASY
2011Q4,2011,Q4,2011-06-28,2011-04-30,22770000.0,1549495000.0,44733000.0,0.5988263949420235,217188000.0,0.14016695762167675,1610955000.0,403896000.0,293887000.0,294500000.0,1207059000.0,159200000.0,399900000.0,1484091395.28,2104966395.28,10.622028353601385,0.997918505942275,0.4223873416700032,1.6847084397963832,0.026190357775534412,10.622028353601385,0.0563758987462119,0.9577903738185667,16.294371928853757,3.674439447976707,0.2251207729468599,8.368762562814071,0.0034539651778203928,0.9618487170653433,0.4180033955857385,0.014134473029972904,74.91249282115996,0.14016695762167675,0.7612541027706572,1.8932364445821572,1.3244925407024406,0.023093492951797696,0.07236916817672356,0.7685436893203883,0.47848360655737704,1.0771481584715341,0.7173661888818803,-0.1673610998644838,Specialty Retail,Consumer Cyclical,CASY
2011Q3,2011,Q3,2011-03-09,2011-01-31,12875000.0,1374199000.0,30256000.0,0.34,202531000.0,0.14738112893401903,1534255000.0,385169000.0,264511000.0,257564000.0,1149086000.0,134721000.0,382256000.0,1612002361.0600002,2236739361.0600004,10.152485632364934,1.026971937071951,0.44919716735483994,1.7893002811752763,0.01698458572818146,10.152485632364934,0.03342688534123982,1.1730487076908076,31.30101671961165,4.185181987802757,0.39790291262135924,8.696996013984457,0.0031780350474370786,0.8956783585518705,0.4548384090944387,0.008391694992031963,-31.809976341068754,0.14738112893401903,-0.3333333333333333,1.456990561540246,1.2708503962156774,-0.007366411940691935,-0.10927226588441223,-0.40646321224414533,-0.4404601187283857,0.3201785528322694,0.5912343166542327,-0.18992276487653315,Specialty Retail,Consumer Cyclical,CASY
2011Q2,2011,Q2,2010-12-09,2010-10-31,21692000.0,1349519000.0,54073000.0,0.51,227377000.0,0.1684874388578449,1503503000.0,376721000.0,349085000.0,259987000.0,1126782000.0,122348000.0,374505000.0,1749692264.5,2245858264.5,8.909403839911644,1.342701750472139,0.45522556323465935,1.8168166892740252,0.03201328363323093,8.909403839911644,0.05758107458835584,1.2965302930155114,20.165179150147523,4.64453073892881,0.23607781670661995,9.171723281132508,0.0029268003887891678,0.897583177419666,0.8231988522503049,0.0144276399847556,130.6715656833458,0.1684874388578449,-0.3013698630136986,0.16270887703801884,0.6586997449117474,-0.12008568813926429,-0.02818297994195862,-0.4182266802553237,-0.12816419980007093,-0.06072799710487213,0.3597805096203943,-0.2772572370282248,Specialty Retail,Consumer Cyclical,CASY
2011Q1,2011,Q1,2010-09-09,2010-07-31,37286000.0,1362027000.0,62022000.0,0.73,233971000.0,0.17178146982401965,1446451000.0,858460000.0,347036000.0,308761000.0,587991000.0,123274000.0,792069000.0,1948716209.25,1915989209.25,16.850116422358692,1.1239631948335445,0.11432948644648176,0.19263797963795634,0.03796491166153739,16.850116422358692,0.04343359038277846,1.4307471212024432,13.066004728651503,2.2700139892947835,0.13670010191492785,9.150802277852588,0.0026155681241865772,0.9416336951614677,0.683803977833988,0.025777575597099384,30.285433355350065,0.17178146982401965,0.6955179015272396,0.7425263154500353,0.5449634746524585,0.7151353646688304,0.23622155413366586,0.699840437656713,0.7458199628441141,0.22994033581944895,0.05798322086506829,0.4233154394395305,Specialty Retail,Consumer Cyclical,CASY
2010Q4,2010,Q4,2010-06-29,2010-04-30,21935000.0,1179806000.0,35526000.0,0.4305469139207859,189263000.0,0.16041874681091636,1388775000.0,824319000.0,310263000.0,240886000.0,564456000.0,124951000.0,759880000.0,1968076004.2700002,1995731004.2700002,16.179986393265025,1.2880076052572587,0.12912890857050277,0.21755048712937589,0.02370630327054176,16.179986393265025,0.02660984400456619,1.6681352733161217,22.430772786300434,2.3875174589812924,0.19731023478459084,7.9274515610119165,0.0021991020624253506,0.8495299814584796,0.7247743746004334,0.015794495148602185,88.48069074630222,0.16041874681091636,0.2663144527081938,1.9170026656160397,0.6561257714010442,0.7155729550688348,0.0717044167610419,0.2721842013687507,0.17058222676200205,0.3151946245555847,0.18328039049210834,0.4314579831485707,Specialty Retail,Consumer Cyclical,CASY
2010Q3,2010,Q3,2010-03-10,2010-01-31,17242000.0,1114377000.0,30349000.0,0.34,176600000.0,0.15847419679336527,1351840000.0,805970000.0,298795000.0,222318000.0,545870000.0,112672000.0,742273000.0,1564601417.26,1593713417.26,15.829883462188013,1.3439982367599566,0.13463353651319682,0.22581857885529238,0.019189432586834865,15.829883462188013,0.021392855813491818,1.4040144558439378,22.68590385773112,1.9412650809087186,0.2510149634613154,8.3230705055382,0.0027661997185068304,0.8243408983311634,0.7906872138108475,0.01275446798437685,341.1690835717401,0.15847419679336527,-0.48484848484848486,5.772928289019337,0.6286813968734175,0.6841464017876524,-0.1442305828535985,-0.48672302929268874,-0.46591229058144445,0.5205611024716935,0.19725280321344324,0.4174676675544445,Specialty Retail,Consumer Cyclical,CASY
2010Q2,2010,Q2,2009-12-07,2009-10-31,33592000.0,1154964000.0,56824000.0,0.66,206364000.0,0.17867569898282543,1342348000.0,792572000.0,323890000.0,228806000.0,549776000.0,117618000.0,729359000.0,1604851113.8700001,1610669113.8700001,15.571410297207349,1.4155660253664677,0.1369011612487969,0.23186410824505535,0.03612704356217246,15.571410297207349,0.04238353108613476,1.3895247937338309,11.943700240161348,2.0248647616494146,0.1288104310550131,8.065092077743202,0.00269620026593352,0.8604057964104688,0.8564941478807374,0.025024807277993485,112.05495837662339,0.17867569898282543,-0.24137931034482754,1.9998697999296717,0.5825087193745923,0.6861002877284108,-0.0625144804088586,-0.23987961894417667,-0.18608914861922768,0.9381513067281481,0.13291521963003303,0.41736871819343013,Specialty Retail,Consumer Cyclical,CASY
2010Q1,2010,Q1,2009-09-08,2009-07-31,44193000.0,1187940000.0,69816000.0,0.87,220125000.0,0.18529976261427344,1298619000.0,762005000.0,306772000.0,224228000.0,536614000.0,115659000.0,700094000.0,1395187971.97,1406303971.97,14.981348441878225,1.3681253010328773,0.14006879615961262,0.2387070950978012,0.048705927683839745,14.981348441878225,0.057995682443028586,1.1744599659662947,7.8925846399316635,1.8309433297288076,0.09786617790147761,8.367831297175318,0.003099940715438592,0.9147717690870071,0.8050377294539487,0.03403076652967499,31.938191831563046,0.18529976261427344,1.8448289122468662,1.715167271261033,0.5844990826601271,0.6497317238946022,0.2786368177699296,1.841080038572806,1.3696965582784604,1.5720403045126157,0.06941797692483513,0.4015048672302686,Specialty Retail,Consumer Cyclical,CASY
2009Q4,2009,Q4,2009-06-29,2009-04-30,15555000.0,883015000.0,29462000.0,0.30581803926931683,172156000.0,0.1949638454612889,1262695000.0,721030000.0,284727000.0,221243000.0,541665000.0,106528000.0,660226000.0,1353479837.19,1404113837.19,14.17576218928676,1.2869424117373205,0.15548410344540844,0.27228964120771676,0.018823640861204145,14.17576218928676,0.021573304855553862,1.532793709268812,21.753131423818708,1.8771477430758774,0.24525875924140147,6.672977996395314,0.0028186603857508776,0.6993098095739668,0.7453795148321077,0.01231888935966326,50.112178799289126,0.1949638454612889,0.09220728310470287,13.817709532811408,0.43517107644166597,0.6054922413607399,0.06850879479636043,0.10940731759503601,0.1745335672141604,0.4775632872868083,-0.00971263334584496,0.3653823517213778,Specialty Retail,Consumer Cyclical,CASY
2009Q3,2009,Q3,2009-03-11,2009-01-31,14021000.0,848832000.0,25084000.0,0.28,161118000.0,0.18981141144537436,1210016000.0,708741000.0,251439000.0,192348000.0,501275000.0,99030000.0,648485000.0,1079704956.25,1154652956.25,13.94894611052685,1.3072088090336265,0.16727630047867137,0.2855866952807866,0.017305729474281415,13.94894611052685,0.019782967261665403,1.2719889875146082,19.25156829487911,1.5234125812532364,0.2718778974395549,6.944501666161769,0.003530594147904746,0.7015047734905985,0.7432258198681556,0.011587450083304683,-159.88522971272027,0.18981141144537436,-0.48148148148148145,1.2995962019940637,0.4911118018631965,0.5418476601535442,-0.15621612279847288,-0.4869552490028907,-0.45806507367238475,0.9978736622349423,0.04735382029265645,0.3638229029547363,Specialty Retail,Consumer Cyclical,CASY
2009Q2,2009,Q2,2008-12-05,2008-10-31,27329000.0,1389232000.0,46286000.0,0.54,190947000.0,0.1374478848745206,1214147000.0,698025000.0,276919000.0,210388000.0,516122000.0,108453000.0,638276000.0,1533693259.0,1598586259.0,13.744831227689447,1.3162300131186189,0.16697154463174557,0.29043085849360695,0.03203653874928857,13.744831227689447,0.03915189284051431,1.1039864176753775,14.029906500420799,2.1971895834676407,0.0,11.048887536536565,0.0,1.1442041202589144,0.753350951575185,0.02250880659425918,-52.35698832485577,0.1374478848745206,-0.05263157894736828,0.6816754979295373,1.2049285507169851,0.5660545997937024,-0.040578224627304385,-0.05124110397500434,-0.055040627169164184,0.21964868753807393,0.42168431681105295,0.3574728375399641,Specialty Retail,Consumer Cyclical,CASY
2009Q1,2009,Q1,2008-09-08,2008-07-31,28805000.0,1565724000.0,48982000.0,0.57,199023000.0,0.1271124412731746,1256942000.0,673337000.0,341669000.0,279023000.0,583605000.0,139306000.0,614759000.0,1248548277.0,1281639277.0,13.26667979535404,1.2245191256634758,0.16274497948194905,0.30380181098023723,0.0346109688871316,13.26667979535404,0.042779470012787056,0.7974255213562543,10.836211395591045,1.854269521799634,0.0,9.810783455127561,0.0,1.2456612954297015,0.6895775617063826,0.02291672965021457,39.64022849795219,0.1271124412731746,0.9771580884363039,1.0269340432729706,1.4978985151309936,0.5671636178102191,0.25549927138991047,0.968630399125205,0.9871800073025275,0.35128935439206277,0.7827671944507927,0.3503854287057806,Specialty Retail,Consumer Cyclical,CASY
2008Q4,2008,Q4,2008-06-26,2008-04-30,14632000.0,1204302000.0,24649000.0,0.2882925767715428,158521000.0,0.13162894357063262,1219200000.0,647472000.0,313256000.0,259099000.0,571728000.0,124503000.0,589782000.0,1123185909.35,1184488909.35,12.757064739435782,1.2090204902373225,0.17702263779527558,0.33333642226999777,0.01888287123604511,12.757064739435782,0.0225986606370623,0.9326447264473529,19.190573902234828,1.7347250681882769,0.22532804811372334,8.399644988474174,0.0029354000727341836,0.9877805118110237,0.6906086090644888,0.012001312335958005,32.69637602905216,0.13162894357063262,0.10881760296747225,1.0534408267663067,1.1492672094199232,0.5584165645562158,-0.009330433587061131,0.1226885598097138,0.0969737427681353,0.9532138954655918,0.6969343778823552,0.352638668605325,Specialty Retail,Consumer Cyclical,CASY
2008Q3,2008,Q3,2008-03-10,2008-01-31,13033000.0,1154105000.0,22470000.0,0.26,160014000.0,0.1386476967000403,1181223000.0,635411000.0,278013000.0,229010000.0,545812000.0,116525000.0,578674000.0,1318202470.0,1411493470.0,12.532737857789025,1.2139775555652592,0.19163781944645508,0.3562528819929148,0.016687463822049376,12.532737857789025,0.02051113373863531,1.142185910294124,25.285860316120615,2.074566650561605,0.25297322182153,8.531139240506329,0.002501133228797546,0.9770424382186936,0.6643945679227982,0.011033479707049388,-359.3790812431843,0.1386476967000403,-0.5185185185185185,0.8361475984874589,1.2101874281873957,0.5654137432872349,-0.10669085833914864,-0.5290865732042203,-0.5145714964678433,4.141213246247369,0.693876349728565,0.33336201862511144,Specialty Retail,Consumer Cyclical,CASY
2008Q2,2008,Q2,2007-12-07,2007-10-31,27676000.0,1189338000.0,46289000.0,0.54,179125000.0,0.15060899424721988,1183784000.0,624642000.0,282798000.0,245538000.0,559142000.0,114086000.0,568936000.0,1444146157.5,1532474157.5,12.327212801520057,1.1517484055421157,0.19792208713751833,0.3750900515815459,0.03396406244235464,12.327212801520057,0.04430697903759273,1.214243686403697,13.045112710471164,2.311958141623522,0.1190200896083249,8.854837578668723,0.0022809325655114656,1.0046917343028796,0.6510316122148099,0.02337926513620728,83.56360129035991,0.15060899424721988,-0.08474576271186429,1.0228946516260087,1.1284412446594578,0.5636172160268835,-0.048972917297145195,-0.08132510124145256,-0.08227760264874402,1.4826434643929185,0.6369199710829585,0.33481275329698196,Specialty Retail,Consumer Cyclical,CASY
2008Q1,2008,Q1,2007-09-07,2007-07-31,30126000.0,1279342000.0,50439000.0,0.59,188349000.0,0.14722333824731776,1166268000.0,599375000.0,272308000.0,252854000.0,566893000.0,116397000.0,544554000.0,1262173790.16,1365273790.16,11.838638122968643,1.076937679451383,0.20150857264368052,0.39209676746611055,0.037646000724041145,11.838638122968643,0.05026235662148071,0.9865804375686877,10.474123598884683,2.105816542498436,0.109274380933413,9.373033669252644,0.0026081986693628685,1.0969537018935613,0.5821620381722259,0.025831112574468303,32.608411660939886,0.14722333824731776,0.8022770652829732,1.3801514049972279,1.2355065819429565,0.5184855356486592,0.2407952726338465,0.8176662242065886,0.6793966837584071,0.8594932851540843,0.7143290349641099,0.3036594773121004,Specialty Retail,Consumer Cyclical,CASY
2007Q4,2007,Q4,2007-06-29,2007-04-30,16574000.0,990838000.0,30034000.0,0.32736365088647723,151797000.0,0.15320062411817068,1129271000.0,572264000.0,240825000.0,234267000.0,557007000.0,109702000.0,518717000.0,1273312106.8,1413315106.8,11.303151460775855,1.027993699496728,0.21878716446273747,0.4317412942278389,0.025019737125547246,11.303151460775855,0.028962157325989404,1.2850860653305585,19.206469572824904,2.2250431737799334,0.1525280559913117,7.648365572186469,0.0019853734104148236,0.8774138360057063,0.5260322623331498,0.014676725073078118,32.678355108430644,0.15320062411817068,0.4880165949385329,2.6479801352440986,1.044093501725374,0.49284537857822525,0.08473692108704507,0.4740305940946282,0.4954192391953794,14.861652576238937,0.6178873639232084,0.2801514113234432,Specialty Retail,Consumer Cyclical,CASY
2007Q3,2007,Q3,2007-03-09,2007-01-31,11244000.0,922961000.0,20084000.0,0.22,139939000.0,0.15161962423114303,1043474000.0,563823000.0,153287000.0,206716000.0,479651000.0,96617000.0,511776000.0,1288424284.4,1466841284.4,11.16772101722736,0.7415342789140656,0.20245066000686168,0.3746778687637787,0.01687629791418272,11.16772101722736,0.019942428740934656,1.3959682851171393,28.646929126645322,2.285157371018919,0.22474208466737816,8.104391566701512,0.0019613104398888185,0.8845079034072723,0.24179550687900309,0.010775544000138,594.291644095941,0.15161962423114303,-0.35294117647058826,3.4542296116938975,0.8293028668643785,0.3857051682173024,-0.039586293040142204,-0.34521313766596784,-0.3146795877977206,0.8559290048724575,0.6316978559909164,0.23442476465408088,Specialty Retail,Consumer Cyclical,CASY
2007Q2,2007,Q2,2006-12-08,2006-10-31,17172000.0,1010052000.0,29306000.0,0.34,145707000.0,0.14425692934621187,1038595000.0,554024000.0,153833000.0,215259000.0,484571000.0,100950000.0,503058000.0,,,,,,,,,,,,,,,,,,,,,,,,,,,,,,,Specialty Retail,Consumer Cyclical,CASY
2007Q1,2007,Q1,2006-09-08,2006-07-31,17023000.0,1100544000.0,29505000.0,0.33,145841000.0,0.1325171914980228,987796000.0,538671000.0,183275000.0,239581000.0,449125000.0,106779000.0,488410000.0,,,,,,,,,,,,,,,,,,,,,,,,,,,,,,,Specialty Retail,Consumer Cyclical,CASY
