Quarters,Year,Quarter,FillingDate,Date,NetIncome,Revenue,OperatingIncome,EPSDiluted,GrossProfit,GrossProfitRatio,TotalAssets,CommonStockEquity,CurrentAssets,CurrentLiability,TotalLiability,Inventory,RetainedEarnings,MarketCap,EnterpriseValue,bookValuePerShare,currentRatio,debtToAssets,debtToEquity,roic,shareholdersEquityPerShare,roe,priceToSalesRatio,peRatio,pbRatio,payoutRatio,inventoryTurnover,dividendYield,assetTurnover,quickRatio,returnOnAssets,priceToFreeCashFlowsRatio,grossProfitMargin,epsdilutedGrowth,fiveYNetIncomeGrowthPerShare,fiveYRevenueGrowthPerShare,fiveYShareholdersEquityGrowthPerShare,grossProfitGrowth,netIncomeGrowth,operatingIncomeGrowth,threeYNetIncomeGrowthPerShare,threeYRevenueGrowthPerShare,threeYShareholdersEquityGrowthPerShare,Industry,Sector,Symbol
2023Q3,2023,Q3,2023-06-07,2023-04-29,7000000.0,7507000000.0,33000000.0,0.12,1000000000.0,0.1332090049,7641000000.0,1841000000.0,3692000000.0,2455000000.0,5799000000.0,2465000000.0,1318000000.0,1619838000.0,4925838000.0,30.993265993265993,1.5038696537678207,0.43763905248004187,1.8164041281912005,0.005814721818422095,30.993265993265993,0.0038022813688212928,0.2157770081257493,57.85135714285714,0.8798685497012493,0.0,2.6397565922920894,0.0,0.9824630283994241,0.41670061099796335,0.0009161104567464992,24.920584615384616,0.1332090049287332,-0.6129032258064516,-0.885486457724418,1.4057757598172242,-0.1376693387118796,-0.06454630495790459,-0.631578947368421,-0.47619047619047616,-0.8809559764483885,0.018181008002056714,0.42321329665482377,Food Distribution,Consumer Defensive,UNFI
2023Q2,2023,Q2,2023-03-08,2023-01-28,19000000.0,7816000000.0,63000000.0,0.31,1069000000.0,0.1367707267,7635000000.0,1842000000.0,3741000000.0,2396000000.0,5790000000.0,2512000000.0,1311000000.0,2433262000.0,5767262000.0,30.80267558528428,1.5613522537562605,0.44191224623444664,1.8317046688382193,0.006876296127246207,30.80267558528428,0.01031487513572204,0.31131806550665303,32.01660526315789,1.3209891422366993,0.0,2.685907643312102,0.0,1.023706614276359,0.4307178631051753,0.0024885396201702686,5.4313883928571425,0.13677072671443194,-0.7102803738317757,-0.6825071012103491,1.608296565175846,-0.11441912727697166,-0.024635036496350366,-0.7121212121212122,-0.36363636363636365,1.528667126294184,0.1397902837462752,0.4959726379245873,Food Distribution,Consumer Defensive,UNFI
2023Q1,2023,Q1,2022-12-07,2022-10-29,66000000.0,7532000000.0,99000000.0,1.07,1096000000.0,0.1455124801,8199000000.0,1835000000.0,4360000000.0,2565000000.0,6364000000.0,2756000000.0,1292000000.0,2501940000.0,6229940000.0,31.207482993197278,1.6998050682261208,0.45944627393584586,2.0528610354223433,0.013435175732827768,31.207482993197278,0.03596730245231607,0.33217472118959107,9.477045454545454,1.3634550408719346,0.0,2.3352685050798256,0.0,0.9186486156848396,0.5419103313840156,0.00804976216611782,-7.60468085106383,0.14551248008497078,0.6984126984126985,0.8698406751653291,1.648747312576459,-0.07155213123369174,0.04083570750237417,0.6923076923076923,11.375,1.1462645337984936,0.13235910860331823,0.4740889867143814,Food Distribution,Consumer Defensive,UNFI
2022Q4,2022,Q4,2022-09-27,2022-07-30,39000000.0,7273000000.0,8000000.0,0.63,1053000000.0,0.1447820707,7628000000.0,1791000000.0,3797000000.0,2417000000.0,5836000000.0,2355000000.0,1226000000.0,2486835000.0,5824835000.0,30.615384615384617,1.5709557302441042,0.44336654431043526,1.8883305415968732,0.0011613250435496892,30.615384615384617,0.021775544388609715,0.3419269902378661,15.94125,1.3885175879396983,0.0,2.641188959660297,0.0,0.9534609334032512,0.5204799338022342,0.005112742527530152,9.244739776951674,0.1447820706723498,-0.4272727272727273,-0.13183599612373195,1.6881072199331275,-0.0786375084936075,0.040513833992094864,-0.417910447761194,-0.8518518518518519,28.069870201601766,0.021265803059273638,0.06451025863104184,Food Distribution,Consumer Defensive,UNFI
2022Q3,2022,Q3,2022-06-07,2022-04-30,67000000.0,7242000000.0,54000000.0,1.1,1012000000.0,0.1397404032,7878000000.0,1785000000.0,3980000000.0,2389000000.0,6094000000.0,2559000000.0,1187000000.0,2507112000.0,6126112000.0,30.565068493150687,1.6659690246965257,0.4654734704239655,2.0543417366946777,0.005626585924954337,30.565068493150687,0.03753501400560224,0.3461905550952776,9.354895522388059,1.404544537815126,0.0,2.434544744040641,0.0,0.9192688499619193,0.5341146923398912,0.008504696623508504,-19.897714285714287,0.13974040320353492,-0.009009009009009016,0.5866979288623739,1.6481208218720218,-0.05070132595278744,-0.0586046511627907,-0.014705882352941176,-0.568,0.7798741652044598,0.05746337352941698,0.014290069156528709,Food Distribution,Consumer Defensive,UNFI
2022Q2,2022,Q2,2022-03-09,2022-01-29,68000000.0,7416000000.0,125000000.0,1.11,1075000000.0,0.1449568501,7801000000.0,1684000000.0,3864000000.0,2555000000.0,6118000000.0,2426000000.0,1120000000.0,2201408000.0,5750408000.0,28.88507718696398,1.5123287671232877,0.46071016536341497,2.134204275534442,0.013956000834076287,28.88507718696398,0.040380047505938245,0.29684573894282634,8.093411764705882,1.307249406175772,0.0,2.613767518549052,0.0,0.9506473529034739,0.5033268101761252,0.008716831175490321,29.748756756756755,0.14495685005393744,-0.11904761904761897,1.315505257604231,1.8154994396764748,-0.0811350288561822,0.03166986564299424,-0.11688311688311688,0.16822429906542055,1.1631410690089763,0.051172653341582566,-0.011867859105834714,Food Distribution,Consumer Defensive,UNFI
2022Q1,2022,Q1,2021-12-08,2021-10-30,77000000.0,6997000000.0,107000000.0,1.26,1042000000.0,0.1489209661,7999000000.0,1589000000.0,4019000000.0,2691000000.0,6412000000.0,2537000000.0,1054000000.0,2473230000.0,6086230000.0,27.87719298245614,1.4934968413229284,0.4574321790223778,2.302706104468219,0.016634631692011983,27.87719298245614,0.048458149779735685,0.35347005859654135,8.029967532467532,1.556469477658905,0.0,2.3472605439495466,0.0,0.8747343417927241,0.4812337421033073,0.009626203275409426,-18.052773722627737,0.14892096612834071,0.8260869565217392,1.3337620671454793,1.7195073445590552,-0.09364695756584517,0.02625418208428088,0.8106995884773662,0.12956179336408838,4.198886805516201,1.1649049442440222,-0.23026549219705228,Food Distribution,Consumer Defensive,UNFI
2021Q4,2021,Q4,2021-09-28,2021-07-31,42525000.0,6769418000.0,94727000.0,0.69,1015343000.0,0.1499897037,7525000000.0,1515000000.0,3550000000.0,2487000000.0,6011000000.0,2247000000.0,978000000.0,1871279999.9999998,5257280000.0,26.8141592920354,1.4274225975070365,0.45541528239202655,2.262046204620462,0.014998693843499096,26.8141592920354,0.02806930693069307,0.27643144506662165,11.0010582010582,1.2351683168316832,0.0,2.560781041388518,0.0,0.8995904318936877,0.45999195818254923,0.005651162790697674,14.068399329388855,0.14998970369387737,-0.13750000000000012,0.09337980067635412,1.726636001720375,-0.11094399271602085,0.050211057313878066,-0.12424317311256641,0.046776581872831346,0.1576533369104389,1.3309014706011277,-0.26744429454854685,Food Distribution,Consumer Defensive,UNFI
2021Q3,2021,Q3,2021-06-09,2021-05-01,48558000.0,6619842000.0,90494000.0,0.8,966799000.0,0.1460456307,7520824000.0,1302442000.0,3585797000.0,2264914000.0,6219762000.0,2293877000.0,934871000.0,2081041880.0,5627971880.0,23.069219596868468,1.5831934457555563,0.4768659657505614,2.7536158999786555,0.010918855467066573,23.069219596868468,0.03728227437383008,0.3143642824103657,10.714207133736974,1.5978000402321177,0.0,2.4644054585315605,0.0,0.88020169066581,0.5060117072877822,0.006456473386426806,37.49354785240703,0.14604563069632176,-0.19999999999999996,0.13152711638419712,1.7689379559316765,-0.22066532518551668,-0.023789353153755355,-0.1764246947082768,-0.3652261137337701,-0.16424197507737268,1.232016025291851,-0.3581413654601379,Food Distribution,Consumer Defensive,UNFI
2021Q2,2021,Q2,2021-03-10,2021-01-30,58960000.0,6888133000.0,142561000.0,1.0,990359000.0,0.1437775664,7490140000.0,1230217000.0,3648691000.0,2293638000.0,6261074000.0,2228772000.0,886313000.0,1520217040.0,5056555040.0,21.914157967864906,1.5907876482688201,0.47753900461139576,2.907482175908803,0.01844641935035687,21.914157967864906,0.04792650402327394,0.22070088367922047,6.445967774762551,1.2357308019642061,0.0,2.646198893381647,0.0,0.9196267359488608,0.512997691876399,0.007871681971231512,7.086300873075435,0.14377756643200704,57.81818181818182,1.3301960361575331,2.01556105477126,-0.23490421220573554,0.024687040545308375,61.65843621399177,0.6961855130401675,0.04949926262137986,1.4486019481181756,-0.36996514850016715,Food Distribution,Consumer Defensive,UNFI
2021Q1,2021,Q1,2020-12-09,2020-10-31,-972000.0,6672607000.0,84048000.0,-0.0176,966499000.0,0.1448457852,7783597000.0,1150138000.0,3940494000.0,2374224000.0,6635738000.0,2446604000.0,827353000.0,803841470.0,4573062470.0,20.846785448877128,1.659697652790975,0.490553018096903,3.3198337938577804,0.00676343367736872,20.846785448877128,-0.0008451159773870614,0.12046887670740987,-206.7493492798354,0.698908713563068,0.0,2.332256466514401,0.0,0.8572652206942368,0.5117427841686378,-0.00012487799663831516,-8.115839811804616,0.1448457851631304,-1.007719298245614,-1.0293490244460373,1.9233000901869335,-0.2633524405558605,-0.34330393542425397,-1.0072894715133154,-0.657642832120832,-1.0293490063708615,1.5008764372378585,-0.37979126593267504,Food Distribution,Consumer Defensive,UNFI
2020Q4,2020,Q4,2020-09-29,2020-08-01,133343000.0,7689397000.0,245498000.0,2.28,1471760000.0,0.1914012243,7586972000.0,1144745000.0,3704917000.0,2370074000.0,6444714000.0,2280767000.0,837633000.0,1085199500.0,4696893500.0,20.93918053777209,1.5632073091388707,0.482232832808662,3.19607161420229,0.03685729002350774,20.93918053777209,0.11648271012321522,0.14112933692980087,2.0346015538873434,0.9479836120708105,0.0,2.7261166967077304,0.0,1.0135001157246923,0.49247069922711273,0.017575259273396555,-21.675378500379498,0.19140122430926637,1.3749999999999998,2.384524866118829,2.4178969903838423,-0.24298844392912933,0.7182819048953335,1.507531451567407,1.5283007209062822,2.176246371928111,2.0411096258160435,-0.3698404970980148,Food Distribution,Consumer Defensive,UNFI
2020Q3,2020,Q3,2020-06-10,2020-05-02,53177000.0,6667681000.0,97100000.0,0.96,856530000.0,0.1284599548,7700773000.0,1169815000.0,3723472000.0,2477566000.0,6532813000.0,2025694000.0,786400000.0,601641600.0,4281912600.0,21.77696489072564,1.5028749990918506,0.4852364821038096,3.1942623406265094,0.022149139281067196,21.77696489072564,0.045457615092984786,0.09023251112343257,2.828485999586287,0.5143049114603591,0.0,2.868721040788984,0.0,0.8658456754925772,0.5202836170661044,0.006905410664617695,1.5850234075120067,0.12845995481787445,2.6,0.18741673717236576,1.939500700155836,-0.19397926372355243,0.10454439945322776,2.653153853327945,2.404270238053501,0.3691035519837104,1.6506177487089237,-0.3236447711487668,Food Distribution,Consumer Defensive,UNFI
2020Q2,2020,Q2,2020-03-11,2020-02-01,-32167000.0,6137604000.0,28523000.0,-0.6,775460000.0,0.1263457206,7682426000.0,1102060000.0,3619453000.0,2159049000.0,6583332000.0,2134905000.0,698269000.0,385365600.0,4450697600.0,20.590400388617976,1.6764107715943455,0.5343879654681998,3.725201894633686,0.0028896981561980445,20.590400388617976,-0.02918806598551803,0.06278762852735367,-2.9950383933845246,0.34967751302106964,0.0,2.511654616950169,0.0,0.7989148219585844,0.5164333926650113,-0.004187088818037427,2.954215537463778,0.1263457205776065,0.9217731421121252,-2.079755893897829,1.844705944459339,-0.2110797583376754,0.005729908357780769,0.9212292035008155,3.032089341249647,-2.1930963706985267,1.5381231782860658,-0.34499750385068256,Food Distribution,Consumer Defensive,UNFI
2020Q1,2020,Q1,2019-12-11,2019-11-02,-408362000.0,6019585000.0,7074000.0,-7.67,771042000.0,0.1280888965,7963519000.0,1126556000.0,3850007000.0,2280301000.0,6840279000.0,2324979000.0,728979000.0,407611580.0,4599536580.0,21.170691372409,1.6883766660629451,0.5313835504128263,3.7563006188773573,0.0009212215963624365,21.170691372409,-0.36248708453019646,0.06771423279179545,-0.2495405914360298,0.3618209658463494,0.0,2.257458239407754,0.0,0.7558951011481231,0.5160204727358362,-0.05127908905598141,-2.3160933229540146,0.12808889649369518,-337.4035087719298,-12.586867753472093,1.8324386200601388,-0.1747919394717931,-0.06238736492911743,-339.3280861640431,-0.8932709716354859,-14.257702987827832,1.5061209395835948,-0.3116910821009488,Food Distribution,Consumer Defensive,UNFI
2019Q4,2019,Q4,2019-10-01,2019-08-03,1207000.0,6407086000.0,66280000.0,0.0228,822346000.0,0.1283494556,7180965000.0,1513671000.0,3567921000.0,2108947000.0,5670031000.0,2089416000.0,1115519000.0,443153020.0,3440164020.0,28.76006536071897,1.6918021173599906,0.4232524458760069,2.0079402987835535,0.0008295619151972614,28.76006536071897,0.0007973991706255851,0.06916607955629127,91.78811516155758,0.2927670676124468,0.0,2.6728712712068825,0.0,0.8922318936243249,0.525403910103004,0.00016808325900488305,3.247113192063073,0.12834945558714211,-0.964375,-0.9658663878261462,2.4268436426661464,0.14902494104197547,0.0428584110075455,-0.9631720266064563,-0.04880813995206728,-0.9666849230875117,1.7704046806560543,-0.04642511441998021,Food Distribution,Consumer Defensive,UNFI
2019Q3,2019,Q3,2019-06-05,2019-04-27,32774000.0,5962620000.0,69681000.0,0.64,788550000.0,0.1322489107,7327221000.0,1532216000.0,3635103000.0,2102149000.0,5797009000.0,2214950000.0,1096582000.0,630998860.0,3793741860.0,30.134445187428707,1.7292318479803288,0.43681008120268244,2.0888725871548135,0.019004848426605245,30.134445187428707,0.02138993457841453,0.10582577122137583,4.81325791786172,0.4118210878883917,0.0,2.3359759813991285,0.0,0.8137628167623169,0.517153636588082,0.004472909988657364,-114.89418426802622,0.13224891071374664,1.0895104895104895,-0.12086664336286496,2.266831366349537,0.24561388390164476,0.03513730288021655,1.0902112011186256,2.227316937612894,-0.1519873692956416,1.7693090778133922,0.0180152797213639,Food Distribution,Consumer Defensive,UNFI
2019Q2,2019,Q2,2019-03-07,2019-01-26,-363303000.0,6149206000.0,21591000.0,-7.15,761783000.0,0.1238831485,7398284000.0,1485424000.0,3666665000.0,2179065000.0,5914916000.0,2242724000.0,1039490000.0,666184650.0,3850218650.0,29.231998425661715,1.682678121120756,0.43706743347511395,2.176852535033768,0.003558424000875762,29.231998425661715,-0.24457865229052445,0.1083366942008448,-0.4584222054318296,0.4484811407382673,0.0,2.4021783331341706,0.0,0.8311665245616416,0.5251743293568572,-0.049106387373071915,9.636693910024592,0.12388314849104096,-16.023809523809526,-13.69090811296739,2.647534929865717,0.25116727820296336,0.8475035832862433,-16.007771171761622,-0.5686889470424898,-16.86240282860346,1.9740663299929975,0.02058581931730935,Food Distribution,Consumer Defensive,UNFI
2019Q1,2019,Q1,2018-12-06,2018-10-27,-21361000.0,2868156000.0,50059000.0,-0.42,412331000.0,0.1437617061,8587613000.0,1831946000.0,4490041000.0,2832793000.0,6757297000.0,2405017000.0,1381215000.0,1114849320.0,5031014320.0,36.216634047011844,1.5850226260796323,0.4623025047821787,2.1671353849949724,0.007194707439425805,36.216634047011844,-0.011660278195973026,0.3886989829005117,-13.04771920790225,0.6085601431483242,0.0,1.0211258381957384,0.0,0.33398757023633924,0.412287449171189,-0.0024874199617518863,-9.034362120242138,0.1437617061275607,-1.65625,-1.7519771410320368,0.7498562373368399,0.5809525820845793,0.09679418633725415,-1.6514883493961205,0.006069497759109271,-1.7034856740562028,0.37052478860700994,0.27976062052530076,Food Distribution,Consumer Defensive,UNFI
2018Q4,2018,Q4,2018-09-24,2018-07-28,32788000.0,2592248000.0,49757000.0,0.64,375942000.0,0.145025476,2964472000.0,1845955000.0,1788914000.0,699224000.0,1118517000.0,1135775000.0,1400232000.0,1639511810.0,1976346810.0,36.60357716483909,2.5584276283422764,0.12148875077922813,0.19510226413970005,0.01606508732119287,36.60357716483909,0.017762079790677454,0.6324671906391672,12.500852522264243,0.8881645598077959,0.0,1.9513600845237833,0.0,0.874438348549084,0.8624088990080432,0.011060316980561799,10.953738809161122,0.14502547595754728,-0.37254901960784315,-0.0003529923711439952,0.5435604012867097,0.6424464318387766,-0.07876996816855229,-0.36813705652232565,-0.3943668829192887,-0.09781851969075483,0.24909286567235714,0.3233245139335943,Food Distribution,Consumer Defensive,UNFI
2018Q3,2018,Q3,2018-06-07,2018-04-28,51891000.0,2648879000.0,82157000.0,1.02,408087000.0,0.1540602647,3078846000.0,1812303000.0,1894761000.0,732181000.0,1266543000.0,1195860000.0,1367444000.0,2296813200.0,2757218200.0,35.94127796287482,2.5878314241970224,0.15660510463985533,0.2660498823872167,0.023871825761985693,35.94127796287482,0.02863262931198591,0.8670887571685985,11.065566283170492,1.2673450300529217,0.0,1.8737912464669777,0.0,0.8603480005170768,0.8972480848314829,0.016854042066410595,-67.24085719304409,0.15406026473840442,0.03030303030303033,0.6045471814026072,0.6536600657754426,0.6673075787647684,0.09841947448603312,0.02782949728637642,1.0435031340165157,0.23439431892996482,0.24406598316328781,0.33027790932841605,Food Distribution,Consumer Defensive,UNFI
2018Q2,2018,Q2,2018-03-08,2018-01-27,50486000.0,2528011000.0,40204000.0,0.99,371522000.0,0.146962177,3049680000.0,1754740000.0,1857172000.0,798708000.0,1294940000.0,1140928000.0,1315553000.0,2491171620.0,2908927620.0,34.78245356696862,2.325220230672536,0.14531262296372077,0.25254852570751224,0.0253115383230148,34.78245356696862,0.02877121396902105,0.9854275238517554,12.335952640335936,1.4196813317072616,0.0,1.8901183948505076,0.0,0.8289430366464678,0.819777690970918,0.016554523753311824,93.53702624563512,0.14696217698419825,0.65,1.1805989938031103,0.7084305234513959,0.6666349299447495,0.011726068580889721,0.6550073758400262,-0.27043751247572906,0.7979345292518407,0.24309798160986032,0.33268810493020606,Food Distribution,Consumer Defensive,UNFI
2018Q1,2018,Q1,2017-12-07,2017-10-28,30505000.0,2457545000.0,55107000.0,0.6,367216000.0,0.149423917,3046312000.0,1708088000.0,1838942000.0,815577000.0,1338224000.0,1167529000.0,1265067000.0,1957979010.0,2383814010.0,33.612531239545824,2.254774227326175,0.14673152323202612,0.2616902642018444,0.01488789334789351,33.612531239545824,0.017859150114045645,0.7967215290055726,16.046377724963122,1.1462986743071786,0.0,1.7903872195037553,0.0,0.8067279385696541,0.7600422768175169,0.01001374777107532,-25.333872578829556,0.14942391695777696,-0.21052631578947373,0.36977675385976205,0.6854457367473338,0.6461112186917117,-0.0037520449051679466,-0.21518433713241916,-0.10349932486293904,-0.09364052635310978,0.21088850406991339,0.3101759987762347,Food Distribution,Consumer Defensive,UNFI
2017Q4,2017,Q4,2017-09-26,2017-07-29,38869000.0,2341033000.0,61469000.0,0.76,368599000.0,0.1574514328,2886563000.0,1681921000.0,1662670000.0,703987000.0,1204642000.0,1031690000.0,1235367000.0,1917371960.0000002,2287560960.0,33.2283817689709,2.361790771704591,0.13358551329037335,0.22926344340786517,0.018187887144406355,33.2283817689709,0.02310988447138718,0.8190281640626169,12.332269675062388,1.1399893098427336,0.0,1.9118475511054678,0.0,0.8110105339810703,0.7685511238133659,0.01346549512343919,18.87715942542655,0.15745143276493753,0.05555555555555561,0.49509473508958973,0.6849356287825717,0.6619351435686087,0.006108728822118075,0.062371880722661054,-0.05353678440550611,0.14294035571090213,0.30192657448130794,0.3275435547222128,Food Distribution,Consumer Defensive,UNFI
2017Q3,2017,Q3,2017-06-08,2017-04-29,36587000.0,2369556000.0,64946000.0,0.72,366361000.0,0.1546116656,2920587000.0,1629227000.0,1694963000.0,710831000.0,1291360000.0,1042031000.0,1196498000.0,2101459530.0,2554438530.0,32.19752574059801,2.384480980711308,0.16061771143951542,0.28792672844238404,0.018771938513959554,32.19752574059801,0.02245666196300454,0.8868579303464447,14.359332071500807,1.2898506653768935,0.0,1.9223948231866423,0.0,0.8113286815287475,0.7933123344367368,0.01252727619481974,43.011574972368905,0.1546116656453783,0.43999999999999995,0.2165712037697072,0.6480030139194937,0.6596140867831385,0.06208525996898056,0.4357978180676556,0.40360052732813206,-0.013834504485801551,0.30453055195932743,0.33089176987736607,Food Distribution,Consumer Defensive,UNFI
2017Q2,2017,Q2,2017-03-09,2017-01-28,25482000.0,2285518000.0,46271000.0,0.5,344945000.0,0.1509263983,2870003000.0,1590233000.0,1638398000.0,606060000.0,1279770000.0,992551000.0,1159911000.0,2330037220.0,2860811220.0,31.43560598572756,2.7033594033594035,0.19562070144177549,0.35305015051253497,0.013038541624823381,31.43560598572756,0.016024066913464884,1.0194788314946546,22.85963837218429,1.4652174995739617,0.0,1.9551368141284429,0.0,0.7963469027732724,0.9001221001221001,0.008878736363690212,25.69289453952011,0.1509263983044544,-0.13793103448275856,0.11620300313005957,0.7123239040277856,0.6816712802257188,-0.011664221697572605,-0.12783653352500257,-0.13251092071467407,-0.10585030656057956,0.3618148582631686,0.3454845271644546,Food Distribution,Consumer Defensive,UNFI
2017Q1,2017,Q1,2016-12-08,2016-10-29,29217000.0,2278364000.0,53339000.0,0.58,349016000.0,0.1531871115,2943041000.0,1552487000.0,1704558000.0,683022000.0,1390554000.0,1077931000.0,1134429000.0,2132568750.0,2713310750.0,30.75754333828628,2.495612147192916,0.20193330639974094,0.38280384956524593,0.014957354960745635,30.75754333828628,0.01881948125813614,0.9360087984185144,18.247670448711364,1.373646768056673,0.0,1.7898622453570776,0.0,0.7741529934513315,0.8021381448913798,0.009927486569164343,-129.615799550234,0.1531871114536571,-0.15942028985507245,0.8557894081569813,0.801715212819918,0.6846790161089138,0.01028474829431806,-0.1575502436492604,-0.14638479019300324,0.030734790131982798,0.3929995179112126,0.3426487258899226,Food Distribution,Consumer Defensive,UNFI
2016Q4,2016,Q4,2016-09-28,2016-07-30,34681000.0,2213821000.0,62486000.0,0.69,345463000.0,0.1560482984,2852155000.0,1519504000.0,1611190000.0,619722000.0,1332651000.0,1021663000.0,1105212000.0,2518042380.0,3099561380.0,30.160258827732676,2.5998592917469447,0.2104065171773624,0.3949394012783119,0.01772861162663745,30.160258827732676,0.022823895165790944,1.1374191409332552,18.15145454283325,1.6571475823689834,0.0,1.8287419628585944,0.0,0.7761923878611086,0.8202080933063535,0.012159577582564762,31.999928579598166,0.1560482983944953,-0.09210526315789481,0.9473090357102352,0.8429724666223343,0.6852515014078281,0.07142569153901741,-0.09380470852603799,-0.05347188560349006,0.05841052980695253,0.3195333763108703,0.3533270060426692,Food Distribution,Consumer Defensive,UNFI
2016Q3,2016,Q3,2016-06-09,2016-04-30,38271000.0,2132104000.0,66016000.0,0.76,322433000.0,0.1512276137,2645932000.0,1490419000.0,1563592000.0,603205000.0,1155513000.0,984914000.0,1074976000.0,1795984500.0,2221629500.0,29.601171797418072,2.592140317139281,0.16817212233723317,0.2985549701124315,0.020828069947162783,29.601171797418072,0.025678014034979425,0.8423531403721395,11.732019675472289,1.205019863541729,0.0,1.8373898634804664,0.0,0.8058045331474883,0.8254308236834906,0.014464090535962376,24.80436013590034,0.15122761366237295,0.6888888888888889,0.5749236773966534,0.7025024740601944,0.683658644431124,0.08374283236644506,0.6872106864171406,0.5830036208426252,0.18513570183755623,0.33300053158975135,0.3731915189307697,Food Distribution,Consumer Defensive,UNFI
2016Q2,2016,Q2,2016-03-10,2016-01-30,22683000.0,2047712000.0,41703000.0,0.45,297518000.0,0.1452928928,2487018000.0,1441456000.0,1503495000.0,508135000.0,1045562000.0,941509000.0,1036705000.0,1762416520.0000002,2206305520.0,28.642371736279458,2.9588495183366623,0.1835012854752157,0.31660418354774617,0.01320645511264452,28.642371736279458,0.01573617231465962,0.860675973965089,19.4244204911167,1.2226641118424706,0.0,1.8589243437927838,0.0,0.8233603456026454,0.9216310626113139,0.009120561250461396,16.589791688238343,0.14529289275054305,-0.24999999999999994,0.1607234558056133,0.7609682836676878,0.6942345763848794,-0.0523003022899499,-0.2471872822010554,-0.226346838824577,-0.017877895010473367,0.3872265332943018,0.3724269658043544,Food Distribution,Consumer Defensive,UNFI
2016Q1,2016,Q1,2015-12-10,2015-10-31,30131000.0,2076649000.0,53904000.0,0.6,313937000.0,0.1511748013,2650185000.0,1420467000.0,1659605000.0,647307000.0,1229718000.0,1082979000.0,1014022000.0,2532287300.0,3019557300.0,28.299537793361758,2.5638607337785624,0.18850118010629446,0.3516892683884948,0.016872735765119308,28.299537793361758,0.021212038012850702,1.2194103577446165,21.010647671832995,1.7827146283581385,0.0,1.6276511363562913,0.0,0.7835864288719466,0.7778596554648721,0.01136939496676647,-1208.1523377862595,0.15117480132656025,-0.16666666666666666,0.5442210184035472,0.7591113275272785,0.6042119873468422,-0.007803265424802311,-0.16530001662141947,-0.17184163222664353,0.3697759102557264,0.44189491302101364,0.3859172435855006,Food Distribution,Consumer Defensive,UNFI
2015Q4,2015,Q4,2015-09-30,2015-08-01,36098000.0,2061313000.0,65089000.0,0.72,316406000.0,0.1534973097,2550190000.0,1385533000.0,1553742000.0,530860000.0,1164657000.0,982559000.0,983891000.0,2280643230.0,2812649230.0,27.660318220838075,2.926839468033003,0.2154294385908501,0.39651599781455943,0.020387935998727232,27.660318220838075,0.026053511536715472,1.1064031663313625,15.794803243947035,1.6460403541453001,0.0,1.7758801252647425,0.0,0.8082978131041216,0.9265606751309197,0.014155023743328929,93.21303102137573,0.15349730972443293,-0.1325301204819277,0.8290334697426647,0.863897113461137,0.9642889998130556,-0.029173340206312095,-0.13537724550898203,-0.05629820796845097,0.4030888871745112,0.4991891136530811,0.38344549105996495,Food Distribution,Consumer Defensive,UNFI
2015Q3,2015,Q3,2015-06-11,2015-05-02,41750000.0,2114643000.0,68972000.0,0.83,325914000.0,0.1541224689,2558321000.0,1353028000.0,1575869000.0,576459000.0,1205293000.0,947697000.0,947793000.0,3389847510.0,3915318510.0,27.01787176261507,2.7337052591771487,0.21475452064068581,0.4060603328238588,0.021756564224488233,27.01787176261507,0.030856715455999432,1.6030353634159524,20.298488083832332,2.505378683959238,0.0,1.8874482033814606,0.0,0.8265745385352347,0.9274415006097572,0.016319296913874373,783.7797710982659,0.15412246889900566,0.5090909090909089,0.8499903465332658,0.852572442183371,0.9317751954682648,0.08928840002807496,0.4994253699181152,0.39328929559824655,0.40271894793110347,0.48604354419416534,0.3926300093177143,Food Distribution,Consumer Defensive,UNFI
2015Q2,2015,Q2,2015-03-12,2015-01-31,27844000.0,2016546000.0,49503000.0,0.55,299199000.0,0.1483720183,2510890000.0,1305626000.0,1555115000.0,579341000.0,1205264000.0,922246000.0,906043000.0,3865932000.0,4393459000.0,26.099470264867566,2.684282659090242,0.22103756038695443,0.4250842124773863,0.016096405366159458,26.099470264867566,0.02132616844333676,1.9171057838502072,34.71063783939089,2.9609796373540354,0.0,1.8621354822899747,0.0,0.8031200092397517,0.899896606661707,0.011089295030845636,226.7009910279716,0.14837201829266478,-0.16666666666666663,0.5291974140643599,0.9308589538068687,0.9341399119411304,-0.062060339314599554,-0.15731493251013862,-0.15224427585498262,0.23336928237530408,0.5277814559396293,0.39621070430327493,Food Distribution,Consumer Defensive,UNFI
2015Q1,2015,Q1,2014-12-10,2014-11-01,33042000.0,1992476000.0,58393000.0,0.66,318996000.0,0.1601002973,2510066000.0,1279901000.0,1572282000.0,611415000.0,1230165000.0,984411000.0,878199000.0,3393449780.0,3923370780.0,25.65497404237407,2.571546331051741,0.21811577862892848,0.427755740483053,0.019332360438278982,25.65497404237407,0.02581605921082959,1.703132072858092,25.675275255735123,2.6513377050256226,0.0,1.6999810038693188,0.0,0.7937942667643002,0.8297506603534425,0.013163797286605213,-26.907582603179637,0.16010029731851225,-0.01492537313432837,0.8327060167436386,0.9401955898461904,0.9634239653883259,0.09933039945136177,-0.00997752808988764,0.13822073213519942,1.1233956669548961,0.5941444203011322,0.40519663591619565,Food Distribution,Consumer Defensive,UNFI
2014Q4,2014,Q4,2014-10-01,2014-08-02,33375000.0,1764666000.0,51302000.0,0.67,290173000.0,0.1644350829,2297233000.0,1243364000.0,1378290000.0,523839000.0,1053869000.0,834722000.0,845157000.0,2916419250.0,3349463250.0,25.02997483643684,2.6311328480697314,0.1955221782030817,0.3612457816053867,0.01876999689027374,25.02997483643684,0.026842501471813565,1.6526749254533153,21.845837078651687,2.345587655746829,0.0,1.766447991067685,0.0,0.7681702291408838,0.889559578420087,0.014528347799287229,66.72506749336506,0.1644350828995402,-0.08219178082191773,0.8586724114156575,0.7890081389090885,0.9759296684122016,-0.026686434395848776,-0.0829028357880853,-0.18067555697516569,0.9006119237144123,0.48993653643279705,0.3985888819534509,Food Distribution,Consumer Defensive,UNFI
2014Q3,2014,Q3,2014-06-11,2014-05-03,36392000.0,1781729000.0,62615000.0,0.73,298129000.0,0.1673256707,2037900000.0,1200792000.0,1340158000.0,463014000.0,837108000.0,831516000.0,811782000.0,3347880750.0,3633522750.0,24.192444847385918,2.8944221988967938,0.1482992295990971,0.25168305584980577,0.02499596241783281,24.192444847385918,0.03030666426824962,1.879006712019617,22.998741138162234,2.7880605050666563,0.0,1.7842110073648614,0.0,0.8742965798125522,0.9449390299213415,0.017857598508268315,-203.55570924788717,0.16732567073892832,0.30357142857142844,0.8733349578029636,0.7300264025033436,0.9656997628097964,0.11172888535875033,0.3019927730671532,0.2819121711536493,0.5191724449365568,0.44321975262625085,0.3760204891881102,Food Distribution,Consumer Defensive,UNFI
2014Q2,2014,Q2,2014-03-12,2014-02-01,27951000.0,1646041000.0,48845000.0,0.56,268167000.0,0.1629163551,1950981000.0,1159194000.0,1266885000.0,449127000.0,791787000.0,764694000.0,775390000.0,3352485549.9999995,3612420549.9999995,23.363781114582284,2.8207722982586216,0.14070357425315777,0.2368110946053896,0.02044101914022855,23.363781114582284,0.024112443646188645,2.036696260907231,29.98538111337698,2.892083249223167,0.0,1.8018632289517114,0.0,0.8436991441741359,0.9385274098417596,0.01432663875250451,-114.67762023671067,0.16291635506041466,0.0,0.7711855161394721,0.6760060306414045,0.9637780442854411,-0.011096114700415965,0.006735340729001585,0.01705326281597468,0.4507916111837861,0.4358290136605862,0.3819988848645237,Food Distribution,Consumer Defensive,UNFI
2014Q1,2014,Q1,2013-12-11,2013-11-02,27764000.0,1602011000.0,48026000.0,0.56,271176000.0,0.1692722459,1961915000.0,1132554000.0,1305972000.0,498431000.0,829361000.0,838391000.0,747439000.0,3526483870.0,3779865870.0,22.908108982786867,2.6201660811626883,0.13391966522504797,0.23198805531568473,0.020652155193764055,22.908108982786867,0.02451450438566285,2.201285677813698,31.75410486601354,3.113744572002748,0.0,1.5873679464593489,0.0,0.8165547437070413,0.8176999424193118,0.014151479549317886,-42.53336553653918,0.16927224594587678,-0.1384615384615384,0.8126233857657542,0.6033996480289651,0.977277974649102,-0.046675549211996355,-0.1344577111325872,-0.14378420780517373,0.444641472123012,0.3777735729677723,0.29858880756190004,Food Distribution,Consumer Defensive,UNFI
2013Q4,2013,Q4,2013-10-01,2013-08-03,32077000.0,1642398000.0,56091000.0,0.65,284453000.0,0.1731937082,1729908000.0,1099146000.0,1115218000.0,398267000.0,630762000.0,702161000.0,719675000.0,2974489200.0,3128082200.0,22.286009732360096,2.800176765837993,0.09520968745158702,0.14984724504296973,0.026717423496268804,22.286009732360096,0.02918356615044771,1.8110647967179696,23.18241419085326,2.706182072263376,0.0,1.9339510454155102,0.0,0.9494134948216899,0.8805675589491472,0.0185426045778157,61.26146558470981,0.17319370822419414,0.015625000000000014,1.1696758227203172,0.5617454811993533,0.9852909492649664,0.08158267965033822,0.014420796306252174,0.04148021612789424,0.6507028087661126,0.5083184207309531,0.5826341337614325,Food Distribution,Consumer Defensive,UNFI
2013Q3,2013,Q3,2013-06-06,2013-04-27,31621000.0,1566217000.0,53857000.0,0.64,262997000.0,0.1679186217,1751455000.0,1062799000.0,1159847000.0,444038000.0,688656000.0,722675000.0,687598000.0,2471559390.0,2633659390.0,21.556477293470987,2.6120444646629344,0.10047417718411264,0.16557787502622792,0.026297009411626854,21.556477293470987,0.029752568453677505,1.5780440322126499,19.540490417760353,2.3255191150913768,0.0,1.8033279136541323,0.0,0.8942376481268431,0.8519248352618469,0.018054132135852764,-1140.5442501153668,0.16791862174909353,0.3913043478260869,1.1081170025424827,0.5302978719170995,0.9775408486021206,0.08823492901565338,0.39792219274977897,0.38165726013340173,0.4232162196936626,0.3937098708284564,0.5412860236764836,Food Distribution,Consumer Defensive,UNFI
2013Q2,2013,Q2,2013-03-06,2013-01-26,22620000.0,1445703000.0,38980000.0,0.46,241673000.0,0.1671664235,1680106000.0,1028655000.0,1096383000.0,411327000.0,651451000.0,674046000.0,655977000.0,2592601400.0,2759669400.0,20.86986954492889,2.66547783150632,0.10425116034345452,0.17027380414230234,0.019493498060829034,20.86986954492889,0.021989879988917566,1.7933153628373186,28.653861626878868,2.520379913576466,0.0,1.786272746963857,0.0,0.860483207607139,0.8904302416325697,0.013463436235570852,-302.2384471904873,0.1671664235323576,0.06976744186046518,1.1524478345843137,0.5069247824294146,0.9741124625120196,0.02424211601463003,0.05033432392273403,0.06601761198927966,0.26084476815877333,0.40494262734292036,0.5465926026164295,Food Distribution,Consumer Defensive,UNFI
2013Q1,2013,Q1,2012-12-06,2012-10-27,21536000.0,1410037000.0,36566000.0,0.43,235953000.0,0.167338162,1671724000.0,1003448000.0,1113152000.0,453943000.0,668276000.0,719673000.0,633357000.0,2701827160.0,2843327160.0,20.419356151560784,2.4521845253699253,0.08999033333253575,0.14992206870709793,0.022029153217255213,20.419356151560784,0.021461999027353684,1.916139193510525,31.364078287518574,2.6925432708022736,0.0,1.6314131556971012,0.0,0.8434627964903297,0.7655498597841579,0.012882509313738391,-45.00644922707889,0.16733816204822993,-0.15686274509803924,0.3769939533533251,0.6602822427281729,0.972461994835743,0.020504991090427832,-0.14342534404581975,-0.14867759359284782,0.2126723978959536,0.3939105152835253,0.5627321688010541,Food Distribution,Consumer Defensive,UNFI
2012Q4,2012,Q4,2012-09-26,2012-07-28,25142000.0,1343660000.0,42952000.0,0.51,231212000.0,0.1720762693,1493946000.0,978716000.0,946861000.0,334161000.0,515230000.0,578555000.0,611821000.0,2673703620.0,2773566620.0,19.993789708075422,2.8335473020490123,0.07763667495344544,0.11850730957703767,0.023747109306251533,19.993789708075422,0.025688759558441878,1.989866201271155,26.586027563439664,2.731848278765239,0.0,1.9228042277743689,0.0,0.8994033251536535,0.961509571733386,0.016829256211402552,29.8138227029438,0.17207626929431552,-0.135593220338983,0.6675680525987486,0.6548224960874415,0.9961231491959694,-0.05446753172399409,-0.13399007991182144,-0.11690447798018011,0.42088100318683513,0.3823419709463867,0.5783604468778887,Food Distribution,Consumer Defensive,UNFI
2012Q3,2012,Q3,2012-06-07,2012-04-28,29032000.0,1388023000.0,48638000.0,0.59,244531000.0,0.1761721528,1582477000.0,947681000.0,1038079000.0,566003000.0,634796000.0,639753000.0,586734000.0,2450215680.0,2645661680.0,19.400610055682936,1.8340521163315389,0.1324809144145539,0.22122212010159537,0.025467586331190544,19.400610055682936,0.030634781113053865,1.7652558206888502,21.099267015706808,2.5854857066882206,0.0,1.7873960731719898,0.0,0.8771204889549737,0.6189613835969068,0.018345922247211176,155.0867573897082,0.176172152766921,0.311111111111111,0.8471822680737111,0.6523094358265317,1.0035276048698765,0.09582920675608456,0.3189768751987643,0.29656385786260764,0.5185451465572744,0.36945884121553346,0.576350584878651,Food Distribution,Consumer Defensive,UNFI
2012Q2,2012,Q2,2012-03-08,2012-01-28,22011000.0,1286910000.0,37513000.0,0.45,223147000.0,0.1733975181,1546823000.0,911736000.0,999052000.0,565691000.0,635087000.0,595429000.0,557702000.0,2171418480.0,2380593480.0,18.69307417886579,1.7660737045489499,0.1525132481221187,0.2587492432019795,0.019807585278339947,18.69307417886579,0.02414185685329964,1.6873118399888105,24.66287856071964,2.3816307352128248,0.0,1.7865488580502462,0.0,0.8319697858125978,0.6179239195956804,0.014229811684982703,71.10778661951076,0.17339751808595782,0.4516129032258065,0.7573550136820427,0.6748814207850302,0.9988678544589992,0.027791979291889476,0.45220030349013657,0.4397620418345807,0.41883240041410086,0.33293117598684413,0.5711946825997325,Food Distribution,Consumer Defensive,UNFI
2012Q1,2012,Q1,2011-12-08,2011-10-29,15157000.0,1217428000.0,26055000.0,0.31,217113000.0,0.1783374458,1580597000.0,887191000.0,1030652000.0,624920000.0,693406000.0,649026000.0,535691000.0,1822760940.0,2038376940.0,18.257212824628557,1.6492543045509824,0.1471798314181287,0.2622118574241623,0.01410015506174248,18.257212824628557,0.017084258068442985,1.497222784427498,30.06467209870027,2.0545304675092506,0.0,1.5412556661828647,0.0,0.7702330195489426,0.5278531652051462,0.009589414632572376,-18.000088284089113,0.1783374458284186,-0.11428571428571424,0.05795189109850095,0.6334422514555681,1.034898647131708,0.008411440674029966,-0.11765048317615555,-0.11308166252510467,0.006759698543093647,0.23967146463040878,0.5758430704055214,Food Distribution,Consumer Defensive,UNFI
2011Q4,2011,Q4,2011-09-28,2011-07-30,17178000.0,1158616000.0,29377000.0,0.35,215302000.0,0.1858268831,1400988000.0,869667000.0,844492000.0,463421000.0,531321000.0,514506000.0,520534000.0,2028799500.0,2175365500.0,17.89659217187307,1.822299809460512,0.11665553166765169,0.18792595326717007,0.01728240012177727,17.89659217187307,0.01975238798298659,1.7510542751006373,29.526130806845963,2.3328463653329377,0.0,1.8334363447656588,0.0,0.8269992319705808,0.5981062575929879,0.012261346992265458,30.575391084184826,0.1858268831088126,-0.27083333333333337,0.17536941573961026,0.621321585773342,1.0752176779300149,-0.014834541328062084,-0.2647033644379762,-0.24492366216007813,0.1792723676225257,0.11818018178104762,0.5942711543338818,Food Distribution,Consumer Defensive,UNFI
2011Q3,2011,Q3,2011-06-09,2011-04-30,23362000.0,1203983000.0,38906000.0,0.48,218544000.0,0.1815175131,1451944000.0,851048000.0,896043000.0,504735000.0,600896000.0,550249000.0,503356000.0,2066452140.0,2268826140.0,17.581456844192868,1.7752741537638563,0.15612998848440435,0.2663680544458127,0.021659584091925303,17.581456844192868,0.0274508605860069,1.7163466095451514,22.113390762777158,2.4281264276515544,0.0,1.790896485045861,0.0,0.8292213749290607,0.60660544642238,0.01609015223727637,237.659820586544,0.18151751312103245,0.23076923076923067,0.6434792737176638,0.6352866343693793,1.1088846439006332,0.10024568045430746,0.24737038816808157,0.22569466322222922,0.586365586612889,0.19817028629118794,0.6128817623581405,Food Distribution,Consumer Defensive,UNFI
2011Q2,2011,Q2,2011-03-10,2011-01-29,18729000.0,1114449000.0,31742000.0,0.39,198632000.0,0.1782333691,1394700000.0,815400000.0,843200000.0,482000000.0,579200000.0,523600000.0,480000000.0,1776866880.0000002,1990466880.0000002,16.905788688007963,1.7493775933609959,0.16555531655553166,0.28317390237920037,0.01850596937098158,16.905788688007963,0.022969094922737306,1.5943904835483727,23.718122697421112,2.179135246504783,0.0,1.7490775401069518,0.0,0.7990600129060013,0.5780082987551867,0.013428694342869434,-69.59917273795536,0.1782333691357792,0.0,0.5124063023140326,0.5916753225983907,1.1808314139419018,0.03275585965933906,0.07613192369570214,0.0703398974912328,0.8212491421695894,0.1871003363620573,0.5991440706298368,Food Distribution,Consumer Defensive,UNFI
2011Q1,2011,Q1,2010-12-09,2010-10-30,17404000.0,1052967000.0,29656000.0,0.39,192332000.0,0.1826571963,1393662000.0,789795000.0,843091000.0,506446000.0,603867000.0,536671000.0,461265000.0,1601010960.0,1788658960.0,17.64077192825713,1.6647204242900526,0.14232575760837277,0.25114618350331414,0.018307212321999528,17.64077192825713,0.022036097974790926,1.5204759123505296,22.99774419673638,2.0271221772738492,0.0,1.603654753098267,0.0,0.7555397219698894,0.5281155345288541,0.012487963365579316,-39.577063752997304,0.18265719628440397,0.0,1.0949050851476338,0.6887823521524453,1.359966815383207,0.049177108506030534,-0.013378684807256236,0.12915016752969843,0.22143988677291368,0.3608874449884692,0.7040572645770112,Food Distribution,Consumer Defensive,UNFI
2010Q4,2010,Q4,2010-09-27,2010-07-31,17640000.0,988460000.0,26264000.0,0.39,183317000.0,0.1854571758,1250799000.0,630447000.0,716065000.0,521875000.0,620352000.0,439702000.0,443861000.0,1510125829.9999998,1792359829.9999998,14.081592995465815,1.372100598802395,0.23667751573194415,0.46956524497697666,0.018161540669185627,14.081592995465815,0.027980147419212082,1.527756135807215,21.402010062358276,2.3953255864489797,0.0,1.8311106158261732,0.0,0.7902628639773457,0.44840239520958086,0.014102985371750377,171.50776036342984,0.18545717580883395,-0.13333333333333333,0.38261351985157377,0.6806802889666158,0.9695808556288564,0.0049888436299045545,-0.09482758620689655,-0.2239229359966905,0.27922547176664564,0.3310240427142752,0.4058662297749468,Food Distribution,Consumer Defensive,UNFI
2010Q3,2010,Q3,2010-06-10,2010-05-01,19488000.0,985694000.0,33842000.0,0.45,182407000.0,0.1850543881,1167530000.0,604826000.0,692632000.0,475746000.0,562704000.0,438752000.0,428131000.0,1328053950.0,1560091950.0,13.986033067406636,1.4558861241082426,0.20703622176732075,0.399653784724863,0.023985909819537486,13.986033067406636,0.03222083706718957,1.3473288363325737,17.036816887315272,2.195762004278917,0.0,1.8308452155203851,0.0,0.8442558221202024,0.4702173008285934,0.016691648180346543,-163.9572777777778,0.18505438807581256,0.25000000000000006,0.7248030348739011,0.7446804607020783,1.040642243655175,0.09484052194998979,0.24444444444444444,0.22593733019380546,0.4005897774357678,0.3254022969419085,0.4443568141798675,Food Distribution,Consumer Defensive,UNFI
2010Q2,2010,Q2,2010-03-11,2010-01-30,15660000.0,898217000.0,27605000.0,0.36,166606000.0,0.1854852447,1101848000.0,580570000.0,634748000.0,432243000.0,521278000.0,393596000.0,408642000.0,1166380640.0,1400479640.0,13.494096318333954,1.4684980439243667,0.2197626169852829,0.41708148888161634,0.020132894893147894,13.494096318333954,0.02697349156863083,1.298551062827802,18.620380587484036,2.009026715124791,0.0,1.858786674661328,0.0,0.8151913875598086,0.48416747061259524,0.01421248665877689,460.1107061143984,0.18548524465691477,0.0,0.5942008768497914,0.6711288660446707,1.0561812043792804,0.012180970954003926,0.008176141118908131,0.015188290673727567,0.4173890644654468,0.32524065029616545,0.4429363034458286,Food Distribution,Consumer Defensive,UNFI
2010Q1,2010,Q1,2009-12-10,2009-10-31,15533000.0,884768000.0,27192000.0,0.36,164601000.0,0.1860385999,1125941000.0,561622000.0,657099000.0,474665000.0,564319000.0,412600000.0,392983000.0,1036296020.0,1264066020.0,13.06644641943139,1.384342641652534,0.21548553609825027,0.4320058687159691,0.020286591508276865,13.06644641943139,0.027657392338619212,1.1712629977576043,16.67894193008434,1.845184163013557,0.0,1.7454362578768783,0.0,0.7858031637536957,0.4524833303487723,0.01379557188165277,133.14865989978156,0.18603859994936525,0.0,0.46699753292866636,0.729516106482946,1.1428309886652728,0.015579111034329574,-0.0002574499581643818,-0.04916427722218337,0.22575603554617,0.34210327281923214,0.456350122941662,Food Distribution,Consumer Defensive,UNFI
2009Q4,2009,Q4,2009-09-30,2009-08-01,15537000.0,853491000.0,28598000.0,0.36,162076000.0,0.1898977259,1058550000.0,544472000.0,592631000.0,423578000.0,514078000.0,366611000.0,377450000.0,1161803460.0,1410412460.0,12.66744218510074,1.3991071302097842,0.2445590666477729,0.47546613967293083,0.02037774781773859,12.66744218510074,0.028535902672681055,1.361236919897222,18.694140760764625,2.133816725194317,0.0,1.885963596291437,0.0,0.8062831231401445,0.45215521108272855,0.014677625053138727,19.140089950576606,0.18989772592798285,-0.07692307692307698,0.5166305082717325,0.7846790888727263,1.164854085565803,-0.03955532115365242,-0.07402109780082246,-0.0600184065211675,0.20189072189567822,0.3502824360675641,0.4688662346562363,Food Distribution,Consumer Defensive,UNFI
2009Q3,2009,Q3,2009-06-11,2009-05-02,16779000.0,889538000.0,30424000.0,0.39,168751000.0,0.1897063419,1120882000.0,527626000.0,651961000.0,503479000.0,593256000.0,418242000.0,361913000.0,977458800.0,1279131800.0,12.3072939749481,1.2949120022880796,0.27510389139980834,0.5844272268614511,0.02138388096199339,12.3072939749481,0.03180093475302582,1.0988387230225127,14.563722510280709,1.8525599572424407,0.0,1.7233730710928123,0.0,0.7936053928959516,0.40691270142349534,0.014969461549030139,62.15954213036566,0.18970634194379554,0.21875000000000003,0.8035298851697644,0.8326206283373735,1.2043910385833911,0.04125505198531453,0.23193832599118944,0.1768073337717093,0.3327720256629218,0.3641861005777503,0.47625213892963747,Food Distribution,Consumer Defensive,UNFI
2009Q2,2009,Q2,2009-03-11,2009-01-31,13620000.0,847635000.0,25853000.0,0.32,162065000.0,0.1911966825,1123928000.0,509457000.0,656881000.0,523035000.0,614471000.0,406594000.0,345134000.0,665438340.0,999239340.0,11.897363443170407,1.255902568661753,0.31891455680435044,0.7035667387041498,0.017992606466042282,11.897363443170407,0.026734346568994045,0.7850529296218302,12.214360132158589,1.3061717475665267,0.0,1.686129160784468,0.0,0.754171975429031,0.41875591499612835,0.012118213978119595,15.784016224293746,0.19119668253434557,0.03225806451612906,0.7703781083345829,0.9730009860530434,1.2801258441441006,-0.03295582022579182,0.02800211336704657,0.03226192852864843,0.23882357669748833,0.3635831654136317,0.534749098003028,Food Distribution,Consumer Defensive,UNFI
2009Q1,2009,Q1,2008-12-10,2008-11-01,13249000.0,864236000.0,25045000.0,0.31,167588000.0,0.1939146252,1161549000.0,495450000.0,695470000.0,576804000.0,666099000.0,468547000.0,331515000.0,955347760.0,1309765760.0,11.585679543541296,1.2057301960457971,0.31155982227181117,0.7304309213845999,0.017644623573160094,11.585679543541296,0.026741346250883036,1.1054246293836405,18.02678994641105,1.9282425269956605,0.0,1.486826294907448,0.0,0.7440374878717988,0.34734502534656486,0.011406320353252425,-22.4186361289717,0.19391462517182806,0.03333333333333337,0.7852974070453792,1.0693651022871133,1.326764227338236,-0.05799691972165076,0.03354395818706608,0.0489173681785819,0.6696169705915745,0.45114145319306,0.5499219290186034,Food Distribution,Consumer Defensive,UNFI
2008Q4,2008,Q4,2008-10-01,2008-08-02,12819000.0,911850000.0,23877000.0,0.3,177906000.0,0.195104458,1084483000.0,480050000.0,627700000.0,516803000.0,604433000.0,394364000.0,318266000.0,802680280.0,1128909280.0,11.22556355813301,1.2145827326853753,0.3241747450167499,0.7323445474429747,0.01803043995365064,11.22556355813301,0.02670346838870951,0.8802766683116741,15.654112645292145,1.6720764087074262,0.0,1.8610826546033614,0.0,0.840815393141248,0.39823298239367805,0.01182037892710167,31.359598374746053,0.19510445797006087,0.0,1.3634737290988004,1.2699073222687325,1.3372451286885487,0.07273746856967131,-0.01384721901684745,-0.03818731117824774,0.05190093227636655,0.62318448794934,0.5701103621488629,Food Distribution,Consumer Defensive,UNFI
2008Q3,2008,Q3,2008-06-05,2008-04-26,12999000.0,886962000.0,24825000.0,0.3,165843000.0,0.1869786981,1084610000.0,465752000.0,642014000.0,546972000.0,618858000.0,413539000.0,305447000.0,865221750.0,1205966750.0,10.900648302010438,1.173760265607746,0.3321249112584247,0.773428777546849,0.01887475644791076,10.900648302010438,0.027909703017915115,0.9754890852144736,16.640159819986152,1.8576876749858293,0.0,1.74377507320954,0.0,0.8177704428319857,0.37790782709169757,0.011984953116788523,-121.48578348778433,0.1869786980727472,0.42857142857142855,1.0277339358412387,1.1970796727354271,1.3275199004331548,0.0722238026274956,0.42861852950873724,0.2683936235438381,0.16443615418348756,0.5889575645007175,0.5904669537890072,Food Distribution,Consumer Defensive,UNFI
2008Q2,2008,Q2,2008-01-31,2008-01-31,9099000.0,830656000.0,19572000.0,0.21,154672000.0,0.1862046383,1064629000.0,451161000.0,630906000.0,540681000.0,613468000.0,393745000.0,292448000.0,1023370480.0,1361718480.0,10.571773362077046,1.1668728880800323,0.3414626127975097,0.8057677857793559,0.01491081734156848,10.571773362077046,0.020167966646053182,1.2320027544494954,28.117663479503243,2.268304396878276,0.0,1.7168065626230173,0.0,0.7802304840465552,0.3901191275447075,0.008546639251795695,-35.47703251750676,0.18620463826180753,-0.34375000000000006,0.48016863039151375,1.199084917666955,1.3725436063192673,0.14173513150415956,-0.3290317823169383,-0.19140673414583764,-0.06616095281195399,0.5580340884063796,0.6108882856072714,Food Distribution,Consumer Defensive,UNFI
2008Q1,2008,Q1,2007-12-06,2007-10-27,13561000.0,736389000.0,24205000.0,0.32,135471000.0,0.1839666263,884764000.0,441108000.0,591767000.0,369831000.0,443656000.0,364876000.0,283348000.0,1212680600.0,1415894600.0,10.35221778925135,1.6001011272716457,0.25166032976025243,0.5047743409777198,0.02308234521005022,10.35221778925135,0.030743037986162118,1.6467934746445154,22.35603200353956,2.749169364418691,0.0,1.6469101831855206,0.0,0.8322999127450936,0.5419556500131141,0.015327251108770248,-38.397840542080935,0.18396662633472255,0.03225806451612906,2.052534781227704,1.1234640535918208,1.4059638122985145,0.026326555350162126,0.03329777506857665,0.01765818793357158,0.2919355322017022,0.4520366628853372,0.6977112497266897,Food Distribution,Consumer Defensive,UNFI
2007Q4,2007,Q4,2007-09-26,2007-07-28,13124000.0,706786000.0,23785000.0,0.31,131996000.0,0.1867552555,800898000.0,426795000.0,515160000.0,298642000.0,374103000.0,312377000.0,269787000.0,1164105200.0,1339096200.0,10.016310725181881,1.7250085386516296,0.23973215066088316,0.4498670321817266,0.0234509952934168,10.016310725181881,0.030750125938682506,1.6470405469265095,22.175121914050596,2.7275511662507763,0.0,1.8400522445634602,0.0,0.8824919028390632,0.5999658453934812,0.01638660603472602,-374.43074943711804,0.18675525548044244,-0.03125000000000003,1.860817601889907,1.0495609958550471,1.3863733683568498,0.015799235049213885,-0.04239328712148851,-0.05333333333333334,0.2922719853613223,0.49081657703592574,0.7117781852764875,Food Distribution,Consumer Defensive,UNFI
2007Q3,2007,Q3,2007-06-07,2007-04-28,13705000.0,732516000.0,25125000.0,0.32,129943000.0,0.1773927122,777593000.0,412457000.0,510581000.0,287723000.0,365136000.0,302468000.0,256663000.0,1328538050.0,1495774050.0,9.683225730719569,1.7745574736812837,0.2414887994104885,0.4552717010500488,0.02553390640678683,9.683225730719569,0.03322770616088465,1.8136642066521413,24.234550346588836,3.221034071430476,0.0,1.9921876033167145,0.0,0.9420300851473714,0.6579765955450207,0.017624901458732266,83.70325415826613,0.17739271224109782,0.28,1.3220466087182055,1.1813014227534537,1.3676708718773527,0.04735306444852823,0.25757019636630574,0.172148355493352,0.48265907546393555,0.5189034618174655,0.7343874347056328,Food Distribution,Consumer Defensive,UNFI
2007Q2,2007,Q2,2007-03-06,2007-01-27,10898000.0,668545000.0,21435000.0,0.25,124068000.0,0.1855791308,752423000.0,396873000.0,499756000.0,279199000.0,355550000.0,288989000.0,242959000.0,1435253160.0,1613405160.0,9.351830906263254,1.7899634311011143,0.25945246224530616,0.49189035283327415,0.02208281845378782,9.351830906263254,0.027459665938474022,2.1468310435348408,32.92469168654799,3.6164041393594424,0.0,1.8840751724114067,0.0,0.8885228123010593,0.6493934433862586,0.014483874097415948,-700.1234926829268,0.1855791307989739,-0.13793103448275856,0.863190278638936,1.0876865587490634,1.3658026547184272,0.004013854271194122,-0.12296797038467729,-0.07368193604148661,0.4293468317628179,0.5701855020460154,0.7922753592668385,Food Distribution,Consumer Defensive,UNFI
2007Q1,2007,Q1,2006-12-07,2006-10-28,12426000.0,646433000.0,23140000.0,0.29,123572000.0,0.1911597954,754075000.0,378145000.0,500124000.0,298603000.0,375930000.0,300214000.0,232060000.0,,,,,,,,,,,,,,,,,,,,,,,,,,,,,,,Food Distribution,Consumer Defensive,UNFI
