Quarters,Year,Quarter,FillingDate,Date,NetIncome,Revenue,OperatingIncome,EPSDiluted,GrossProfit,GrossProfitRatio,TotalAssets,CommonStockEquity,CurrentAssets,CurrentLiability,TotalLiability,Inventory,RetainedEarnings,MarketCap,EnterpriseValue,bookValuePerShare,currentRatio,debtToAssets,debtToEquity,roic,shareholdersEquityPerShare,roe,priceToSalesRatio,peRatio,pbRatio,payoutRatio,inventoryTurnover,dividendYield,assetTurnover,quickRatio,returnOnAssets,priceToFreeCashFlowsRatio,grossProfitMargin,epsdilutedGrowth,fiveYNetIncomeGrowthPerShare,fiveYRevenueGrowthPerShare,fiveYShareholdersEquityGrowthPerShare,grossProfitGrowth,netIncomeGrowth,operatingIncomeGrowth,threeYNetIncomeGrowthPerShare,threeYRevenueGrowthPerShare,threeYShareholdersEquityGrowthPerShare,Industry,Sector,Symbol
2023Q1,2023,Q1,2023-05-04,2023-03-31,211000000.0,2726000000.0,201000000.0,0.99,408000000.0,0.1496698459,12884000000.0,6124000000.0,1270000000.0,1389000000.0,6736000000.0,28000000.0,0.0,8702792000.0,13600792000.0,29.357622243528283,0.9143268538516919,0.38023905619372866,0.799967341606793,0.01798582558915482,29.357622243528283,0.0344546048334422,3.1925135730007335,10.311364928909953,1.4210960156760288,0.45023696682464454,82.78571428571429,0.010916037060290536,0.2115802545793232,0.7940964722822175,0.016376901583359204,161.16281481481482,0.1496698459280998,-0.12389380530973444,1.3378823493025702,-0.12451854053179394,0.0,-0.12446351931330472,-0.19157088122605365,-0.22393822393822393,1.3830846334873181,0.6427758467954018,0.0,Oil & Gas Midstream,Energy,DCP
2022Q4,2022,Q4,2023-02-17,2022-12-31,261000000.0,3030000000.0,259000000.0,1.13,466000000.0,0.1537953795,13334000000.0,6011000000.0,1702000000.0,2504000000.0,7298000000.0,83000000.0,1827.0,8083836000.0,12945836000.0,28.843570057581573,0.6797124600638977,0.36470676466176694,0.8090168025286973,0.023834406250066113,28.843570057581573,0.04342039594077524,2.6679326732673267,7.743137931034482,1.34484045915821,0.4367816091954023,30.89156626506024,0.014102215829217713,0.2272386380680966,0.5427316293929713,0.019574021298935054,16.531361963190186,0.1537953795379538,-0.24666666666666673,1.9911468330134356,-0.10847732833323895,0.0,-0.12406015037593984,-0.20426829268292682,0.048582995951417005,227.18714011516315,0.37328620937722945,0.0,Oil & Gas Midstream,Energy,DCP
2022Q3,2022,Q3,2022-11-03,2022-09-30,328000000.0,4319000000.0,247000000.0,1.5,532000000.0,0.1231766613,13882000000.0,6361000000.0,2260000000.0,2741000000.0,7496000000.0,45000000.0,489000328.0,7829588000.0,12559588000.0,30.523032629558543,0.8245165997811018,0.3474283244489267,0.7582141172771577,0.021842626967806044,30.523032629558543,0.05156421946234869,1.8128242648761288,5.9676737804878055,1.2308737619871088,0.2896341463414634,84.15555555555555,0.012133460917739222,0.31112231666906787,0.6712878511492156,0.023627719348797004,12.369017377567141,0.12317666126418152,-0.15254237288135594,12.276967370441458,0.44517304827418724,0.0,-0.005607476635514018,-0.14360313315926893,-0.1423611111111111,2.2670749854428607,0.7479874127153943,0.0,Oil & Gas Midstream,Energy,DCP
2022Q2,2022,Q2,2022-08-03,2022-06-30,383000000.0,4269000000.0,288000000.0,1.77,535000000.0,0.1253220895,14064000000.0,6125000.0,2580000000.0,2847000000.0,7914000000.0,108000000.0,489000000.0,6163864604.28,11282864604.279999,0.029393491199367985,0.9062170706006323,0.36454778156996587,837.0612244897959,0.05485370769811662,0.029393491199367985,62.53061224489796,1.4438661523260716,4.02341031610966,1006.345241515102,0.27676240208877284,34.574074074074076,0.017197003309643893,0.3035409556313993,0.72251492799438,0.02723265073947668,17.71225461,0.12532208948231435,4.53125,1.9930045113858854,0.5062795686900539,0.0,1.5476190476190477,3.7875,4.142857142857143,1.213314260520655,0.6327802443698082,0.0,Oil & Gas Midstream,Energy,DCP
2022Q1,2022,Q1,2022-05-05,2022-03-31,81000000.0,3375000000.0,56000000.0,0.39,210000000.0,0.0622222222,13751000000.0,935000000.0,2180000000.0,2580000000.0,7880000000.0,46000000.0,941000000.0,6993904000.0,12335904000.0,4.4865642994241846,0.8449612403100775,0.3885535597411097,5.714438502673797,0.008683998927901367,4.4865642994241846,0.0855614973262032,2.072267851851852,21.85595,7.480111229946524,1.075,68.80434782608695,0.012296422713265724,0.2454366955130536,0.6825581395348838,0.005817758708457567,42.131951807228916,0.06222222222222222,-0.7880794701986754,-0.4553505254556166,0.09416189082577031,0.0,-0.5866141732283464,-0.7468354430379747,-0.8575063613231552,-0.26653870761356374,0.055351237126629746,0.0,Oil & Gas Midstream,Energy,DCP
2021Q4,2021,Q4,2022-02-18,2021-12-31,316000000.0,3477000000.0,393000000.0,1.51,508000000.0,0.1461029623,13380000000.0,769000000.0,1749000000.0,2010000000.0,7504000000.0,77000000.0,775000000.0,5726832000.0,11251832000.0,3.6900191938579656,0.8701492537313433,0.41300448430493275,7.185955786736021,0.060130498695594066,3.6900191938579656,0.41092327698309494,1.6470612597066436,4.530721518987342,7.447115734720416,0.3322784810126582,38.55844155844156,0.01833474423555641,0.25986547085201794,0.709452736318408,0.023617339312406577,16.26940909090909,0.1461029623238424,7.388888888888889,1.3209724888035828,3.6376589999674684,0.0,1.2378854625550662,4.851851851851852,66.5,1.3115734879732102,-0.08290962542159112,0.0,Oil & Gas Midstream,Energy,DCP
2021Q3,2021,Q3,2021-11-03,2021-09-30,54000000.0,2827000000.0,-6000000.0,0.18,227000000.0,0.08029713477184294,13696000000.0,0.0,2001000000.0,2286000000.0,8030000000.0,58000000.0,0.0,5883132000.0,11641132000.0,0.0,0.8753280839895013,0.420633761682243,0.0,-0.001026167265264238,0.0,0.0,2.08105129112133,27.236722222222227,0.0,1.6296296296296295,44.827586206896555,0.014958018959968941,0.2064106308411215,0.6776027996500438,0.003942757009345794,37.000830188679245,0.08029713477184294,1.8181818181818183,-0.7523272552783109,3.2511891276758647,0.0,0.48366013071895425,2.7419354838709675,0.9285714285714286,-0.5415866922584773,-0.29543253661546676,0.0,Oil & Gas Midstream,Energy,DCP
2021Q2,2021,Q2,2021-08-05,2021-06-30,-31000000.0,2085000000.0,-84000000.0,-0.22,153000000.0,0.07338129496402877,13300000000.0,0.0,1522000000.0,1808000000.0,7603000000.0,52000000.0,0.0,6395796000.0,12210796000.0,0.0,0.8418141592920354,0.43759398496240604,0.0,-0.01423246357167062,0.0,0.0,3.067528057553957,-51.57900000000001,0.0,-3.3870967741935485,37.15384615384615,0.016417033939168792,0.15676691729323308,0.6570796460176991,-0.002330827067669173,142.1288,0.07338129496402877,-2.1578947368421053,-1.3791533375986351,2.118343434448802,0.0,-0.19473684210526315,-1.5849056603773586,-29.0,-1.3494462099996853,-0.38123106605023216,0.0,Oil & Gas Midstream,Energy,DCP
2021Q1,2021,Q1,2021-05-06,2021-03-31,53000000.0,2318000000.0,3000000.0,0.19,190000000.0,0.08196721311475409,13111000000.0,0.0,1231000000.0,1744000000.0,7279000000.0,30000000.0,0.0,4513944000.0,10261944000.0,0.0,0.705848623853211,0.43879185416825567,0.0,0.0005147563486616335,0.0,0.0,1.947344262295082,21.29218867924528,0.0,1.6226415094339623,70.93333333333334,0.019052075081126395,0.17679810845854627,0.6129587155963303,0.0040424071390435514,-250.77466666666666,0.08196721311475409,-0.44117647058823534,-0.5948563126466198,2.4480806142034552,0.0,-0.3402777777777778,-0.38372093023255816,-0.9333333333333333,-0.41219583926691844,-0.25483727395171835,0.0,Oil & Gas Midstream,Energy,DCP
2020Q4,2020,Q4,2021-02-19,2020-12-31,86000000.0,1785000000.0,45000000.0,0.34,288000000.0,0.16134453781512606,12957000000.0,0.0,1008000000.0,1621000000.0,7096000000.0,38000000.0,0.0,3859568000.0,9507568000.0,0.0,0.621838371375694,0.43991664737207686,0.0,0.007967276168381207,0.0,0.0,2.162222969187675,11.21967441860465,0.0,1.2325581395348837,39.39473684210526,0.027464213611471545,0.13776337115072934,0.5379395434916718,0.006637338890175195,14.137611721611721,0.16134453781512606,-0.2608695652173913,-0.4740776284922158,1.4138457511778046,0.0,0.043478260869565216,-0.22522522522522523,-0.25,-0.014411388355726078,-0.4747960498596804,0.0,Oil & Gas Midstream,Energy,DCP
2020Q3,2020,Q3,2020-11-05,2020-09-30,111000000.0,1586000000.0,60000000.0,0.46,276000000.0,0.17402269861286254,12914000000.0,0.0,866000000.0,1413000000.0,7032000000.0,28000000.0,0.0,2326711000.0,8136711000.0,0.0,0.6128803963198868,0.45098342883692116,0.0,0.0100726670983524,0.0,0.0,1.467030895334174,5.240340090090091,0.0,0.7927927927927928,46.785714285714285,0.03782162890019431,0.12281245160291157,0.5010615711252654,0.008595322905374013,9.496779591836734,0.17402269861286254,2.0666666666666673,-0.13912761253068096,1.0744130462299146,0.0,0.3333333333333333,1.3617021276595744,11.0,4.818122899663946,-0.4690565380971905,0.0,Oil & Gas Midstream,Energy,DCP
2020Q2,2020,Q2,2020-08-06,2020-06-30,47000000.0,1274000000.0,-6000000.0,0.15,207000000.0,0.16248037676609106,12946000000.0,0.0,802000000.0,812000000.0,7087000000.0,28000000.0,0.0,2353790000.0,8317790000.0,0.0,0.9876847290640394,0.46160976363355477,0.0,-0.000990916597853014,0.0,0.0,1.847558869701727,12.520159574468085,0.0,2.2127659574468086,38.107142857142854,0.0441840606001385,0.09840877491116948,0.7697044334975369,0.003630465008496833,13.373806818181817,0.16248037676609106,1.055350553505535,13.9402304368699,0.6090038626363705,0.0,-0.4975728155339806,1.0854545454545454,0.989010989010989,-0.63257212063021,-0.5503086753500879,0.0,Oil & Gas Midstream,Energy,DCP
2020Q1,2020,Q1,2020-05-07,2020-03-31,-550000000.0,1657000000.0,-546000000.0,-2.71,412000000.0,0.24864212432106217,13188000000.0,0.0,958000000.0,966000000.0,7272000000.0,26000000.0,0.0,847781000.0,6753781000.0,0.0,0.9917184265010351,0.4491962390051562,0.0,-0.09101436778119193,0.0,0.0,0.5116360893180446,-0.385355,0.0,-0.30363636363636365,47.88461538461539,0.19698483452684123,0.125644525326054,0.6366459627329193,-0.04170457992114043,3.460330612244898,0.24864212432106217,-32.875,-5.370090518830839,0.6547294561665387,0.0,0.49818181818181817,-551.0,-10.375,-4.746262768379575,-0.46254914223333726,0.0,Oil & Gas Midstream,Energy,DCP
2019Q4,2019,Q4,2020-02-21,2019-12-31,1000000.0,1929000000.0,-48000000.0,-0.08,275000000.0,0.14256091238983928,14127000000.0,0.0,1080000000.0,1793000000.0,7494000000.0,46000000.0,0.0,4462078000.0,10385078000.0,0.0,0.6023424428332403,0.4193388546754442,0.0,0.01596009975062344,0.0,0.0,2.313156039398652,1115.5194999999999,0.0,180.0,35.95652173913044,0.040339949234415,0.1365470375875982,0.4902398215281651,7.078643731860976e-05,38.137418803418804,0.14256091238983928,0.949685534591195,-0.9968751551390321,0.6409539283510101,0.0,-0.054982817869415807,1.0056179775280898,0.7725118483412322,-0.9915989754848152,1.9429012632793168,0.0,Oil & Gas Midstream,Energy,DCP
2019Q3,2019,Q3,2019-11-07,2019-09-30,-178000000.0,1699000000.0,-211000000.0,-1.59,291000000.0,0.17127722189523248,14034000000.0,0.0,1059000000.0,1692000000.0,7219000000.0,55000000.0,0.0,3755893000.0,9519893000.0,0.0,0.625886524822695,0.4108593415989739,0.0,-0.036335421855541714,0.0,0.0,2.21064920541495,-5.275130617977529,0.0,-0.898876404494382,25.6,0.042599722622556076,0.12106313239276044,0.4940898345153664,-0.01268348296993017,-250.39286666666666,0.17127722189523248,-4.6976744186046515,-2.188608417354477,0.5913461497893412,0.0,-0.1466275659824047,-2.495798319327731,-3.776315789473684,-2.187287741335194,2.7156048490117795,0.0,Oil & Gas Midstream,Energy,DCP
2019Q2,2019,Q2,2019-08-07,2019-06-30,119000000.0,1798000000.0,76000000.0,0.43,341000000.0,0.1896551724137931,14033000000.0,0.0,823000000.0,1803000000.0,6880000000.0,46000000.0,0.0,4280371000.0,9829371000.0,0.0,0.4564614531336661,0.3954963300790993,0.0,0.013554485464597824,0.0,0.0,2.3806290322580645,8.992376050420168,0.0,1.495798319327731,31.67391304347826,0.04158518035002106,0.12812655882562532,0.3666112035496395,0.008480011401696002,41.557,0.1896551724137931,2.071428571428571,2.104073922564189,0.630822627313362,0.0,0.1678082191780822,0.5866666666666667,1.303030303030303,1.1166627897960766,2.910741375648533,0.0,Oil & Gas Midstream,Energy,DCP
2019Q1,2019,Q1,2019-05-07,2019-03-31,75000000.0,2199000000.0,33000000.0,0.14,292000000.0,0.13278763074124603,14187000000.0,0.0,1082000000.0,2404000000.0,6974000000.0,52000000.0,0.0,4784787000.0,10144787000.0,0.0,0.45008319467554075,0.37788115880735884,0.0,0.006001737345020927,0.0,0.0,2.175892223738063,15.94929,0.0,2.12,36.67307692307692,0.03323031934336889,0.15500105730598435,0.38061564059900166,0.005286529921759357,35.44286666666667,0.13278763074124603,-0.5,-0.3812220092397112,0.30772179237065833,0.0,-0.43079922027290446,-0.20212765957446807,-0.5285714285714286,-0.16623051872528494,3.757083042568039,0.0,Oil & Gas Midstream,Energy,DCP
2018Q4,2018,Q4,2019-02-25,2018-12-31,94000000.0,2607000000.0,70000000.0,0.28,513000000.0,0.19677790563866512,14266000000.0,0.0,1271000000.0,1904000000.0,6969000000.0,79000000.0,0.0,3796017000.0,9102017000.0,0.0,0.6675420168067226,0.3720033646432076,0.0,0.013052729099930912,0.0,0.0,1.4560863060989644,10.095789893617022,0.0,1.872340425531915,26.50632911392405,0.04636438667160869,0.18274218421421562,0.5430672268907563,0.006589092948268611,-82.52210869565218,0.19677790563866512,0.5555555555555558,1.0569235370351906,0.9384836618134268,0.0,0.5359281437125748,0.16049382716049382,0.06060606060606061,-0.1640071334418858,4.127006280530356,0.0,Oil & Gas Midstream,Energy,DCP
2018Q3,2018,Q3,2018-11-06,2018-09-30,81000000.0,2759000000.0,66000000.0,0.18,334000000.0,0.12105835447625951,14485000000.0,0.0,1526000000.0,2333000000.0,7209000000.0,77000000.0,0.0,5860970000.0,10959970000.0,0.0,0.6540934419202743,0.3520883672764929,0.0,0.012941176470588235,0.0,0.0,2.1243095324392898,18.089413580246916,0.0,1.9506172839506173,31.493506493506494,0.026957995007652315,0.19047290300310665,0.5293613373339049,0.005591991715567829,117.2194,0.12105835447625951,1.5714285714285712,47.9155617585485,1.2699220484679308,0.0,0.14383561643835616,0.32786885245901637,0.9411764705882353,-0.08684626952222758,4.245499284758815,0.0,Oil & Gas Midstream,Energy,DCP
2018Q2,2018,Q2,2018-08-08,2018-06-30,61000000.0,2317000000.0,34000000.0,0.07,292000000.0,0.12602503236944324,14041000000.0,0.0,1282000000.0,1887000000.0,6688000000.0,47000000.0,0.0,5667515000.0,10498515000.0,0.0,0.6793852676205617,0.3443486931130261,0.0,0.006920437944222846,0.0,0.0,2.4460574018126886,23.22752049180328,0.0,2.8852459016393444,43.08510638297872,0.031054174536811995,0.16501673669966527,0.5474297827239004,0.0043444199131116015,87.19253846153846,0.12602503236944324,-0.12499999999999993,-0.6774010371769085,0.7753610115460255,0.0,0.057971014492753624,-0.016129032258064516,-0.3584905660377358,25.412770411723656,3.253601221534345,0.0,Oil & Gas Midstream,Energy,DCP
2018Q1,2018,Q1,2018-05-08,2018-03-31,62000000.0,2139000000.0,53000000.0,0.08,276000000.0,0.12903225806451613,13678000000.0,0.0,1020000000.0,1723000000.0,6366000000.0,51000000.0,0.0,5032696000.0,9838696000.0,0.0,0.591990713871155,0.3515133791489984,0.0,0.010851055532445924,0.0,0.0,2.3528265544647033,20.293129032258065,0.0,3.129032258064516,36.529411764705884,0.038547927393190455,0.15638251206316714,0.4764944863609983,0.00453282643661354,-2516.348,0.12903225806451613,-0.20000000000000004,-0.4583445166138816,0.3293159195549884,0.0,-0.061224489795918366,0.03333333333333333,-0.14516129032258066,-0.28391840367325066,2.1049767578430365,0.0,Oil & Gas Midstream,Energy,DCP
2017Q4,2017,Q4,2018-02-26,2017-12-31,60000000.0,2337000000.0,62000000.0,0.1,294000000.0,0.1258023106546855,13878000000.0,0.0,1322000000.0,1488000000.0,6440000000.0,68000000.0,0.0,5206089000.0,9757089000.0,0.0,0.8884408602150538,0.33916990920881973,0.0,0.013819668648368144,0.0,0.0,2.2276803594351735,21.6920375,0.0,2.5833333333333335,30.044117647058822,0.02977282946949236,0.1683960224816256,0.7641129032258065,0.00432338953739732,54.800936842105266,0.1258023106546855,1.2439024390243902,-0.5760886198352758,1.4644375416709594,0.0,0.10526315789473684,4.0,4.2631578947368425,-0.7616133704110223,1.527697243879132,0.0,Oil & Gas Midstream,Energy,DCP
2017Q3,2017,Q3,2017-11-08,2017-09-30,-20000000.0,2055000000.0,-19000000.0,-0.41,266000000.0,0.12944038929440388,13771000000.0,0.0,1311000000.0,1784000000.0,6728000000.0,62000000.0,0.0,4963912000.0,9862912000.0,0.0,0.7348654708520179,0.3784038922373103,0.0,-0.0040512590886799295,0.0,0.0,2.4155289537712896,-62.0489,0.0,-6.7,28.85483870967742,0.02699483794233258,0.1492266356836831,0.649103139013453,-0.0014523273545857236,22.06183111111111,0.12944038929440388,-2.242424242424242,-7.302002254549358,1.3996292792230065,0.0,-0.10738255033557047,-1.2272727272727273,-1.2435897435897436,-1.1335515075679188,0.9247888980677434,0.0,Oil & Gas Midstream,Energy,DCP
2017Q2,2017,Q2,2017-08-09,2017-06-30,88000000.0,1949000000.0,78000000.0,0.33,298000000.0,0.15289892252437148,13570000000.0,0.0,1065000000.0,1435000000.0,6371000000.0,51000000.0,0.0,4847839000.0,9806839000.0,0.0,0.7421602787456446,0.38393515106853354,0.0,0.014642171647929804,0.0,0.0,2.4873468445356592,13.772269886363635,0.0,1.5340909090909092,32.372549019607845,0.027847459455646113,0.1436256448047163,0.6557491289198606,0.006484893146647015,46.169895238095236,0.15289892252437148,-0.19512195121951212,-0.5970720853848644,1.0859440344860014,0.0,-0.12352941176470589,-0.12871287128712872,-0.22772277227722773,1.2954496234088122,0.767782703355808,0.0,Oil & Gas Midstream,Energy,DCP
2017Q1,2017,Q1,2017-05-10,2017-03-31,101000000.0,2121000000.0,101000000.0,0.41,340000000.0,0.1603017444601603,13579000000.0,0.0,980000000.0,1390000000.0,6329000000.0,64000000.0,0.0,5621659000.0,10654659000.0,0.0,0.7050359712230215,0.3836070402827896,0.0,0.019199424826563376,0.0,0.0,2.6504757190004713,13.914997524752474,0.0,1.198019801980198,27.828125,0.02152389534833045,0.15619706900360852,0.5949640287769784,0.007437955666838501,58.55894791666667,0.1603017444601603,0.07894736842105256,0.418705018733771,0.30753883154348105,0.0,1.65625,0.3466666666666667,1.148936170212766,-0.1667123057761445,0.2613360262019856,0.0,Oil & Gas Midstream,Energy,DCP
2016Q4,2016,Q4,2017-02-15,2016-12-31,75000000.0,413000000.0,47000000.0,0.38,128000000.0,0.3099273607748184,5161000000.0,0.0,227000000.0,734000000.0,2528000000.0,44000000.0,0.0,4406024114.8,6655024114.8,0.0,0.30926430517711173,0.4359620228637861,0.0,0.021153305203938117,0.0,0.0,10.66833926101695,14.686747049333334,0.0,1.6133333333333333,6.4772727272727275,0.027462400760258316,0.08002325130788607,0.21389645776566757,0.01453206742879287,39.69391094414414,0.3099273607748184,-0.5128205128205129,21.426829268292682,-0.5642417103406572,0.0,0.19626168224299065,-0.375,-0.45348837209302323,1.0485938277750122,-0.6166676533270187,0.0,Oil & Gas Midstream,Energy,DCP
2016Q3,2016,Q3,2016-11-03,2016-09-30,120000000.0,366000000.0,86000000.0,0.78,107000000.0,0.2923497267759563,5144000000.0,0.0,193000000.0,190000000.0,2468000000.0,34000000.0,0.0,4052351229.4,6281351229.4,0.0,1.0157894736842106,0.43370917573872475,0.0,0.03854773644105782,0.0,0.0,11.071997894535519,8.442398394583334,0.0,1.0,7.617647058823529,0.029612438114789832,0.07115085536547434,0.7210526315789474,0.02332814930015552,32.68025185,0.2923497267759563,5.500000000000001,-0.3041063249791902,-0.6328720597591103,0.0,0.0,1.6666666666666667,3.7777777777777777,87.83522231909328,-0.6237962669414283,0.0,Oil & Gas Midstream,Energy,DCP
2016Q2,2016,Q2,2016-08-04,2016-06-30,45000000.0,368000000.0,18000000.0,0.12,107000000.0,0.2907608695652174,5302000000.0,0.0,319000000.0,212000000.0,2624000000.0,29000000.0,0.0,3956003229.3999996,6322003229.4,0.0,1.5047169811320755,0.44643530743115806,0.0,0.007442763530458701,0.0,0.0,10.750008775543478,21.977795718888885,0.0,2.688888888888889,9.0,0.030586425991960542,0.06940777065258392,0.660377358490566,0.008487363259147491,31.6480258352,0.2907608695652174,-0.6666666666666666,-0.5830926145733764,-0.608713766578454,0.0,0.0,-0.375,-0.6170212765957447,-0.7026770603620699,-0.647717365459301,0.0,Oil & Gas Midstream,Energy,DCP
2016Q1,2016,Q1,2016-05-05,2016-03-31,72000000.0,370000000.0,47000000.0,0.36,107000000.0,0.2891891891891892,5354000000.0,0.0,223000000.0,175000000.0,2600000000.0,37000000.0,0.0,3123281000.0,5499281000.0,0.0,1.2742857142857142,0.4439671273813971,0.0,0.019772822885990745,0.0,0.0,8.4413,10.844725694444444,0.0,1.6805555555555556,7.108108108108108,0.038741310820256,0.0691072095629436,0.7828571428571428,0.013447889428464699,17.546522471910112,0.2891891891891892,-0.5412,5.394071490845685,-0.7136776134717109,0.0,-0.09322033898305085,-0.2,-0.25396825396825395,-0.2141372141372141,-0.7127222982216141,0.0,Oil & Gas Midstream,Energy,DCP
2015Q4,2015,Q4,2016-02-25,2015-12-31,90000000.0,407000000.0,63000000.0,0.7846556233653008,118000000.0,0.28992628992628994,5477000000.0,0.0,306000000.0,200000000.0,2672000000.0,43000000.0,0.0,2829649000.0,5251649000.0,0.0,1.53,0.44257805367902137,0.0,0.026555101162290144,0.0,0.0,6.952454545454546,7.860136111111111,0.0,1.3333333333333333,6.72093023255814,0.04240808665668427,0.07431075406244295,0.78,0.016432353478181488,23.385528925619834,0.28992628992628994,1.2418732096151452,107.02092414995641,-0.5793674308358949,0.0,0.07272727272727272,0.2676056338028169,0.46511627906976744,-0.20558194275146058,-0.46378830083565464,0.0,Oil & Gas Midstream,Energy,DCP
2015Q3,2015,Q3,2015-11-05,2015-09-30,71000000.0,421000000.0,43000000.0,0.35,110000000.0,0.26128266033254155,5569000000.0,0.0,368000000.0,510000000.0,2737000000.0,40000000.0,0.0,2773446000.0,5201446000.0,0.0,0.7215686274509804,0.43616448195367213,0.0,0.0177027583367641,0.0,0.0,6.587757719714964,9.765654929577465,0.0,1.704225352112676,7.775,0.04362803530337349,0.07559705512659365,0.3803921568627451,0.012749147064104866,30.146152173913045,0.26128266033254155,2.206896551724138,6.435175537457206,-0.449203805857788,0.0,0.0891089108910891,36.5,2.5357142857142856,26.95050633760311,-0.3858178441802968,0.0,Oil & Gas Midstream,Energy,DCP
2015Q2,2015,Q2,2015-08-06,2015-06-30,-2000000.0,436000000.0,-28000000.0,-0.29,101000000.0,0.231651376146789,5583000000.0,0.0,361000000.0,490000000.0,2700000000.0,39000000.0,0.0,3520143114.7,5908143114.7,0.0,0.736734693877551,0.4320257925846319,0.0,-0.003869541182974019,0.0,0.0,8.073722740137613,-440.0178893375,0.0,-60.5,8.58974358974359,0.034373602452328726,0.07809421457997492,0.38571428571428573,-0.0003582303421099767,106.67100347575757,0.231651376146789,-1.8787878787878787,-1.023204345784991,-0.48422654153204436,0.0,-0.1440677966101695,-1.0289855072463767,-1.4057971014492754,-1.0114408278838767,-0.41701138338063526,0.0,Oil & Gas Midstream,Energy,DCP
2015Q1,2015,Q1,2015-05-07,2015-03-31,69000000.0,549000000.0,69000000.0,0.33,118000000.0,0.21493624772313297,5644000000.0,0.0,470000000.0,525000000.0,2638000000.0,36000000.0,0.0,4219690114.2,6498690114.2,0.0,0.8952380952380953,0.40963855421686746,0.0,0.029417943648047454,0.0,0.0,7.6861386415300545,15.288732297826087,0.0,1.7391304347826086,11.972222222222221,0.028438107243036373,0.0972714386959603,0.44952380952380955,0.01222537207654146,34.30642369268293,0.21493624772313297,-0.777027027027027,-0.1897120514804708,-0.58797497925277,0.0,-0.078125,-0.6532663316582915,-0.6515151515151515,0.21618574445855865,-0.5753155514592245,0.0,Oil & Gas Midstream,Energy,DCP
2014Q4,2014,Q4,2015-02-25,2014-12-31,199000000.0,731000000.0,198000000.0,1.48,128000000.0,0.17510259917920656,5739000000.0,0.0,590000000.0,601000000.0,2713000000.0,63000000.0,0.0,5147219000.0,7433219000.0,0.0,0.9816971713810316,0.40268339431956784,0.0,0.08567719601903938,0.0,0.0,7.04133926128591,6.466355527638191,0.0,0.5879396984924623,9.571428571428571,0.022730721191385094,0.12737410698728002,0.4908485856905158,0.034675030493117265,-1715.7396666666666,0.17510259917920656,0.922077922077922,7.752378150436404,-0.2566245169952142,0.0,-0.08571428571428572,0.7155172413793104,0.7837837837837838,55.91674021771109,-0.21850723596390773,0.0,Oil & Gas Midstream,Energy,DCP
2014Q3,2014,Q3,2014-11-06,2014-09-30,116000000.0,827000000.0,111000000.0,0.77,140000000.0,0.16928657799274485,5617000000.0,0.0,573000000.0,393000000.0,2752000000.0,64000000.0,0.0,6043950111.0,8257950111.0,0.0,1.4580152671755726,0.4114295887484422,0.0,0.04721706796529494,0.0,0.0,7.308283084643289,13.025754549568966,0.0,0.9568965517241379,10.734375,0.018365472573636868,0.1472316183015845,1.0458015267175573,0.020651593377247642,151.098752775,0.16928657799274485,37.5,2.346255346255346,0.14817345298628726,0.0,0.07692307692307693,3.0,2.0,-0.30487954017365776,-0.14279972641569313,0.0,Oil & Gas Midstream,Energy,DCP
2014Q2,2014,Q2,2014-08-06,2014-06-30,29000000.0,834000000.0,37000000.0,0.02,130000000.0,0.15587529976019185,5468000000.0,0.0,486000000.0,379000000.0,2737000000.0,32000000.0,0.0,6178800000.0,8431800000.0,0.0,1.2823218997361479,0.422457937088515,0.0,0.015483405483405483,0.0,0.0,7.40863309352518,53.265517241379314,0.0,3.6551724137931036,22.0,0.01715543471224186,0.15252377468910022,0.9868073878627969,0.0053035844915874176,93.61818181818182,0.15587529976019185,-0.96,1.3821823932525041,-0.5143871068418238,0.0,-0.2972972972972973,-0.6329113924050633,-0.6574074074074074,-0.7157115547059085,-0.061688722528818254,0.0,Oil & Gas Midstream,Energy,DCP
2014Q1,2014,Q1,2014-05-07,2014-03-31,79000000.0,1096000000.0,108000000.0,0.5,185000000.0,0.1687956204379562,5437000000.0,0.0,504000000.0,374000000.0,2726000000.0,33000000.0,0.0,4679339813.2,6983339813.2,0.0,1.3475935828877006,0.4287290785359573,0.0,0.044821218734262216,0.0,0.0,4.2694706324817515,14.808037383544304,0.0,1.0886075949367089,27.606060606060606,0.01837866097208877,0.20158175464410522,1.0240641711229947,0.014530071730733861,56.37758811084337,0.1687956204379562,4.555555555555556,0.07928725764725258,0.3753624504050367,0.0,0.2847222222222222,1.8214285714285714,1.5116279069767442,6.920770877944325,0.04155132812474825,0.0,Oil & Gas Midstream,Energy,DCP
2013Q4,2013,Q4,2014-02-26,2013-12-31,28000000.0,824000000.0,43000000.0,0.09,144000000.0,0.17475728155339806,4526000000.0,0.0,503000000.0,722000000.0,2353000000.0,67000000.0,0.0,4420729824.4,6333729824.4,0.0,0.6966759002770083,0.4253203711886876,0.0,0.01906873614190687,0.0,0.0,5.3649633791262135,39.47080200357143,0.0,2.9285714285714284,10.149253731343284,0.01854897341778388,0.18205921343349535,0.4903047091412742,0.0061864781263809105,-170.02807016923074,0.17475728155339806,1.3749999999999998,-0.9352077356843231,-0.3007766540383903,-1.0,0.2857142857142857,29.0,3.3,42.902809415337885,0.11251173604554766,0.0,Oil & Gas Midstream,Energy,DCP
2013Q3,2013,Q3,2013-11-06,2013-09-30,-1000000.0,704000000.0,10000000.0,-0.24,112000000.0,0.1590909090909091,4331000000.0,0.0,420000000.0,358000000.0,2198000000.0,54000000.0,0.0,4121779999.9999995,5921780000.0,0.0,1.1731843575418994,0.41583929808358344,0.0,0.0037016472330186935,0.0,0.0,5.854801136363636,-1030.445,0.0,-72.0,10.962962962962964,0.01746818122267564,0.1625490648810898,0.776536312849162,-0.00023089355806972986,-46.83840909090909,0.1590909090909091,-1.2162162162162162,-1.002225010059886,-0.4395727238852316,-1.0,0.037037037037037035,-1.0098039215686274,-0.9107142857142857,0.8942109903026741,0.27281949808404116,0.0,Oil & Gas Midstream,Energy,DCP
2013Q2,2013,Q2,2013-08-06,2013-06-30,102000000.0,704000000.0,112000000.0,1.11,108000000.0,0.1534090909090909,3939000000.0,0.0,420000000.0,410000000.0,2189000000.0,36000000.0,0.0,4291696000.0000005,6022696000.0,0.0,1.024390243902439,0.44173648134044174,0.0,0.06436781609195402,0.0,0.0,6.096159090909092,10.518862745098039,0.0,0.6764705882352942,16.555555555555557,0.016077560013570392,0.17872556486417873,0.6951219512195121,0.025894897182025894,147.98951724137933,0.1534090909090909,1.3125000000000002,1.233589872899628,-0.22758513359725308,-1.0,-0.136,0.9615384615384616,0.8666666666666667,0.7559956214548713,0.235745630723182,0.0,Oil & Gas Midstream,Energy,DCP
2013Q1,2013,Q1,2013-05-07,2013-03-31,52000000.0,731000000.0,60000000.0,0.48,125000000.0,0.17099863201094392,3846000000.0,0.0,473000000.0,424000000.0,2205000000.0,30000000.0,0.0,3042774130.2,4744774130.2,0.0,1.115566037735849,0.45215808632345295,0.0,0.03388647005668282,0.0,0.0,4.162481710259918,14.628721779807691,0.0,1.0961538461538463,20.2,0.01873290542149227,0.19006760270410816,0.8608490566037735,0.013520540821632865,66.1472637,0.17099863201094392,-0.5140279937791602,3.425536697763291,-0.25400459354051813,-1.0,-0.04580152671755725,-0.19129082426127528,-0.08256880733944955,0.07122018599888068,-0.037604158462029615,0.0,Oil & Gas Midstream,Energy,DCP
2012Q4,2012,Q4,2013-02-27,2012-12-31,64300000.0,430800000.0,65400000.0,0.9877112135176651,131000000.0,0.30408542246982356,2972000000.0,0.0,309100000.0,233400000.0,1888800000.0,74700000.0,0.0,2717925000.0,4336925000.0,0.0,1.3243359040274207,0.5451884253028264,0.0,0.04036289576004443,0.0,0.0,6.3090181058495824,10.567360031104199,0.0,0.8180404354587869,4.0133868808567605,0.01935299907098246,0.1449528936742934,0.7823479005998286,0.021635262449528937,-33.22646699266504,0.30408542246982356,7.173195084485406,1.6163912084358363,-0.3917458956575879,-1.0,1.7813163481953291,48.46153846153846,45.714285714285715,4.797200887523468,-0.2375427951464817,0.0,Oil & Gas Midstream,Energy,DCP
2012Q3,2012,Q3,2012-11-07,2012-09-30,1300000.0,350800000.0,1400000.0,-0.16,47100000.0,0.13426453819840364,2517400000.0,0.0,270600000.0,295700000.0,1375900000.0,71600000.0,0.0,2755377941.3,3785277941.3,0.0,0.9151166723030099,0.4124493525065544,0.0,0.001164490907339795,0.0,0.0,7.854555134834664,529.8803733269231,0.0,37.92307692307692,4.2416201117318435,0.017892282311275248,0.13935012314292525,0.5032127155901251,0.0005164058155239533,79.86602728405798,0.13426453819840364,-1.1203007518796992,-0.9341510505394661,-0.29338206203334544,-1.0,0.3652173913043478,-0.9835651074589128,-0.9843400447427293,-0.9290864350489563,-0.0790279421495885,0.0,Oil & Gas Midstream,Energy,DCP
2012Q2,2012,Q2,2012-08-08,2012-06-30,79100000.0,338400000.0,89400000.0,1.33,34500000.0,0.10195035460992907,2333500000.0,0.0,254700000.0,226500000.0,1213900000.0,74000000.0,0.0,2187585103.8,3130385103.8,0.0,1.124503311258278,0.40638525819584315,0.0,0.09368695295205459,0.0,0.0,6.464494987588653,6.9139857895069525,0.0,0.5398230088495575,4.106756756756757,0.01951924061186323,0.1450182129847868,0.5532008830022075,0.0338975787443754,-61.10572915642459,0.10195035460992907,4.115384615384616,136.16763005780348,-0.37204835821449445,-1.0,-0.5299727520435967,2.3948497854077253,1.8745980707395498,3.177263969171484,-0.5884558459579529,0.0,Oil & Gas Midstream,Energy,DCP
2012Q1,2012,Q1,2012-05-10,2012-03-31,23300000.0,530900000.0,31100000.0,0.26,73400000.0,0.13825579205123376,2288900000.0,0.0,291400000.0,304500000.0,1228400000.0,69000000.0,0.0,2149896000.0,3008996000.0,0.0,0.9569786535303777,0.37799816505745115,0.0,0.035648376336814114,0.0,0.0,4.049530985119608,23.06755364806867,0.0,1.5751072961373391,6.630434782608695,0.017070593182181834,0.231945475992835,0.6006568144499179,0.010179562235134781,282.88105263157894,0.13825579205123376,9.129333333333335,-0.27923031213953653,-0.16551028400568704,-1.0,1.0445682451253482,16.533333333333335,4.867924528301887,-0.3660720315680807,0.32676304973174747,0.0,Oil & Gas Midstream,Energy,DCP
2011Q4,2011,Q4,2012-02-29,2011-12-31,-1500000.0,387200000.0,5300000.0,-0.031982942430703626,35900000.0,0.09271694214876033,1903600000.0,0.0,239900000.0,269200000.0,1062700000.0,64700000.0,0.0,2226343046.9,2966443046.9,0.0,0.8911589895988113,0.3923093086782938,0.0,0.006794949230190658,0.0,0.0,5.749852910382232,-371.05717448333337,0.0,-23.266666666666666,5.42967542503864,0.015675931006497577,0.20340407648665687,0.62444279346211,-0.0007879806682076066,-856.2857872692308,0.09271694214876033,-1.0236910684671878,-1.0622085803322479,-0.6947382814953255,-1.0,-0.6201058201058202,-1.0226244343891402,-0.9180834621329211,-1.0064979753353447,-0.38489999521171264,-1.0,Oil & Gas Midstream,Energy,DCP
2011Q3,2011,Q3,2011-11-09,2011-09-30,66300000.0,383300000.0,64700000.0,1.35,94500000.0,0.24654317766762326,1839400000.0,0.0,198200000.0,692000000.0,979100000.0,57400000.0,0.0,1764882000.0000002,2012682000.0000002,0.0,0.2864161849710983,0.13580515385451777,0.0,0.25822352284247974,0.0,0.0,4.604440386120533,6.654909502262444,0.0,0.5143288084464555,5.031358885017422,0.019321405057108634,0.20838316842448626,0.1869942196531792,0.036044362292051754,40.94853828306265,0.24654317766762326,0.6875,1.7123220422189493,0.49120759414877085,-1.0,0.4405487804878049,0.5975903614457831,0.30443548387096775,-0.7223580984456651,-0.425718366071827,-1.0,Oil & Gas Midstream,Energy,DCP
2011Q2,2011,Q2,2011-08-09,2011-06-30,41500000.0,361600000.0,49600000.0,0.8,65600000.0,0.18141592920353983,1795000000.0,0.0,188300000.0,653600000.0,971800000.0,42400000.0,0.0,1806777044.1000001,2054177044.1000001,0.0,0.2880966952264382,0.13916434540389971,0.0,0.19855884707766214,0.0,0.0,4.996617931692478,10.884199060843375,0.0,0.8024096385542169,6.981132075471698,0.018430608308169835,0.2014484679665738,0.21878824969400246,0.023119777158774373,198.54692792307694,0.18141592920353983,3.857142857142857,0.8713924963924962,0.5104427736006684,-1.0,-0.00906344410876133,8.033898305084746,18.714285714285715,1.1665876645699083,-0.3045798168891616,-1.0,Oil & Gas Midstream,Energy,DCP
2011Q1,2011,Q1,2011-05-10,2011-03-31,-5900000.0,465300000.0,-2800000.0,-0.28,66200000.0,0.14227380184826993,1811300000.0,0.0,199900000.0,239800000.0,1000500000.0,42100000.0,0.0,1672650000.0,2343450000.0,0.0,0.8336113427856547,0.37310219179594767,0.0,-0.004519895611934676,0.0,0.0,3.594777562862669,-70.875,0.0,-5.101694915254237,9.479809976247031,0.017995396526469972,0.2568873185005245,0.6484570475396163,-0.003257328990228013,33.25347912524851,0.14227380184826993,-39.546666666666674,-1.462962962962963,0.6430084745762713,-1.0,0.9761194029850746,-20.666666666666668,-1.411764705882353,0.5662020905923345,-0.2515155782842052,-1.0,Oil & Gas Midstream,Energy,DCP
2010Q4,2010,Q4,2011-03-01,2010-12-31,300000.0,348400000.0,6800000.0,0.007263922518159807,33500000.0,0.09615384615384616,1700600000.0,0.0,233100000.0,211200000.0,962400000.0,65200000.0,0.0,1544620082.6000001,2185720082.6000004,0.0,1.1036931818181819,0.38092437963071857,0.0,0.010925518710108311,0.0,0.0,4.433467516073479,1287.1834021666666,0.0,91.66666666666667,4.829754601226994,0.017803730710085227,0.20486886981065505,0.7466856060606061,0.00017640832647300954,-482.69377581250006,0.09615384615384616,1.031582271818086,-0.9944970283953334,-0.644100485428959,-1.0,0.6341463414634146,1.0731707317073171,1.5185185185185186,1.0045331245790021,-0.22461314048678202,-1.0,Oil & Gas Midstream,Energy,DCP
2010Q3,2010,Q3,2010-11-09,2010-09-30,-4100000.0,239900000.0,2700000.0,-0.23,20500000.0,0.0854522717799083,1499200000.0,0.0,158400000.0,159800000.0,835000000.0,31800000.0,0.0,1206000000.0,1807000000.0,0.0,0.9912390488110138,0.4087513340448239,0.0,0.005035434539350988,0.0,0.0,5.027094622759483,-73.53658536585365,0.0,-6.170731707317073,6.89937106918239,0.02097844112769486,0.1600186766275347,0.7190237797246558,-0.002734791889007471,40.2,0.0854522717799083,-1.3650793650793651,-1.4012594233049236,-0.05547186247697321,-1.0,-0.2857142857142857,-1.1576923076923078,-0.9028776978417267,-1.3386296296296296,-0.21206403911865215,-1.0,Oil & Gas Midstream,Energy,DCP
2010Q2,2010,Q2,2010-08-09,2010-06-30,26000000.0,255000000.0,27800000.0,0.63,28700000.0,0.11254901960784314,1413200000.0,0.0,134700000.0,140800000.0,809400000.0,19600000.0,0.0,606192000.0,1216392000.0,0.0,0.9566761363636364,0.43518256439286723,0.0,0.04503645036450365,0.0,0.0,2.3772235294117645,5.828769230769231,0.0,0.8,11.545918367346939,0.03431256103676723,0.18044155108972545,0.7755681818181818,0.018397962071893575,24.7425306122449,0.11254901960784314,-0.015625000000000014,0.7078297425118233,-0.1413183193122081,0.0,-0.44701348747591524,0.007751937984496124,0.09019607843137255,66.6300578034682,-0.29021423468393653,-1.0,Oil & Gas Midstream,Energy,DCP
2010Q1,2010,Q1,2010-05-10,2010-03-31,25800000.0,403700000.0,25500000.0,0.64,51900000.0,0.1285608124845182,1464200000.0,0.0,173900000.0,181100000.0,863400000.0,43100000.0,0.0,397554000.0,1009954000.0,0.0,0.9602429596907786,0.42002458680508126,0.0,0.04098864271085459,0.0,0.0,0.9847758236314095,3.852267441860465,0.0,1.0968992248062015,8.162412993039442,0.07118529809786847,0.27571370031416476,0.6797349530646052,0.017620543641579018,10.246237113402062,0.1285608124845182,3.460444444444445,0.8379060490108281,0.6026964365114653,0.0,1.2370689655172413,3.8666666666666667,9.225806451612904,0.08182507343883262,-0.13987067045763688,-1.0,Oil & Gas Midstream,Energy,DCP
2009Q4,2009,Q4,2010-03-11,2009-12-31,-9000000.0,300300000.0,-3100000.0,-0.26011560693641617,23200000.0,0.07725607725607726,1481500000.0,0.0,197700000.0,191100000.0,876100000.0,34200000.0,0.0,496510000.0,1107410000.0,0.0,1.0345368916797488,0.41376982787715155,0.0,-0.006068515497553018,0.0,0.0,1.6533799533799534,-13.791944444444445,0.0,-0.7888888888888889,8.102339181286549,0.014299812692594309,0.20269996625042186,0.8090005232862376,-0.006074924063449207,-55.16777777777778,0.07725607725607726,-2.2386457473162675,-1.1970572779821333,-0.6338335628006534,-1.0,-0.3446327683615819,-1.9090909090909092,-1.2792792792792793,-1.5059391475576445,-0.6790856981395904,-1.0,Oil & Gas Midstream,Energy,DCP
2009Q3,2009,Q3,2009-11-06,2009-09-30,9900000.0,205700000.0,11100000.0,0.21,35400000.0,0.17209528439474964,1383600000.0,0.0,138700000.0,151700000.0,819400000.0,25300000.0,0.0,570600000.0,1170700000.0,0.0,0.9143045484508899,0.44304712344608266,0.0,0.018107667210440458,0.0,0.0,2.7739426349052017,14.409090909090908,0.0,3.8383838383838382,6.7312252964426875,0.06659656501927796,0.14867013587742123,0.6624917600527357,0.0071552471812662615,29.71875,0.17209528439474964,1.244186046511628,0.10032206252115698,-0.08026612508293837,-1.0,-0.5390625,1.4714285714285715,2.2758620689655173,-0.43656704283066117,0.1133017875920084,-1.0,Oil & Gas Midstream,Energy,DCP
2009Q2,2009,Q2,2009-08-10,2009-06-30,-21000000.0,475300000.0,-8700000.0,-0.86,76800000.0,0.16158215863665054,1391400000.0,0.0,121900000.0,130500000.0,825900000.0,16900000.0,0.0,503700000.0,1137100000.0,0.0,0.9340996168582375,0.4585309759954003,0.0,-0.013704206241519676,0.0,0.0,1.0597517357458448,-5.996428571428572,0.0,-0.9571428571428572,23.579881656804734,0.03990470518165575,0.3415983901106799,0.746360153256705,-0.015092712376024149,-7.4073529411764705,0.16158215863665054,-2.2835820895522385,-2.590909090909091,0.8459276520195294,0.0,0.5802469135802469,-1.9502262443438914,-1.2685185185185186,-2.392045454545454,1.9185087719298244,-1.0,Oil & Gas Midstream,Energy,DCP
2009Q1,2009,Q1,2009-05-11,2009-03-31,22100000.0,240600000.0,32400000.0,0.67,48600000.0,0.20199501246882792,1149500000.0,0.0,118300000.0,105800000.0,785800000.0,18000000.0,0.0,375906000.0,1008906000.0,0.0,1.1181474480151228,0.5611135276207047,0.0,0.050015101177891874,0.0,0.0,1.5623690773067331,4.252330316742082,0.0,0.9095022624434389,10.666666666666666,0.05347081451213867,0.20930839495432796,0.7911153119092628,0.019225750326228794,417.67333333333335,0.20199501246882792,-0.8638760806916427,0.9316252122665069,0.17196633154079952,0.0,-0.7361563517915309,-0.840778097982709,-0.7875409836065573,1.5397294457578146,0.24423758865248227,-1.0,Oil & Gas Midstream,Energy,DCP
2008Q4,2008,Q4,2009-03-05,2008-12-31,138800000.0,378500000.0,152500000.0,4.921985815602837,184200000.0,0.4866578599735799,1180000000.0,329100000.0,165200000.0,124800000.0,816200000.0,20900000.0,0.0,427794000.0,1036294000.0,11.670212765957446,1.3237179487179487,0.5563559322033899,1.9948343968398663,,11.670212765957446,0.42175630507444545,1.1302351387054161,0.7705223342939481,1.299890610756609,0.14985590778097982,9.296650717703349,0.04862153279382132,0.3207627118644068,1.0288461538461537,0.1176271186440678,14.853958333333333,0.4866578599735799,0.6572342813477565,2.728777133032452,-0.43373974982389196,1.024070598654661,0.038331454340473504,-0.09102815979043877,0.0006561679790026247,2.728777133032452,-0.43373974982389196,1.024070598654661,Oil & Gas Midstream,Energy,DCP
2008Q3,2008,Q3,2008-11-10,2008-09-30,152700000.0,426800000.0,152400000.0,2.97,177400000.0,0.415651358950328,1162300000.0,233400000.0,149500000.0,126800000.0,899800000.0,31800000.0,0.0,472632000.00000006,1106632000.0,8.27659574468085,1.1790220820189274,0.5635378129570678,2.8063410454155955,,8.27659574468085,0.6542416452442159,1.1073851921274602,0.7737917485265227,2.0249871465295635,0.10740013097576949,7.8427672955974845,0.034699300936034794,0.36720295964897187,0.8998422712933754,0.13137744128022025,13.092299168975071,0.415651358950328,1.5247349823321557,18.078042741669485,1.1451736579682732,0.398073605520414,4.264094955489615,1.9585687382297552,1.91973445986723,18.078042741669485,1.1451736579682732,0.398073605520414,Oil & Gas Midstream,Energy,DCP
2008Q2,2008,Q2,2008-08-08,2008-06-30,-159300000.0,332500000.0,-165700000.0,-5.66,33700000.0,0.10135338345864661,1245700000.0,102900000.0,226300000.0,228200000.0,1115200000.0,39300000.0,0.0,427230000.0,1076030000.0,3.648936170212766,0.9916739702015775,0.5298225897085975,6.41399416909621,,3.648936170212766,-1.5481049562682216,1.2849022556390977,-0.6704802259887006,4.151895043731779,-0.1431261770244821,7.603053435114504,0.05336703883154272,0.266918198603195,0.6415425065731815,-0.12787990687966605,-21.045812807881774,0.10135338345864661,-16.151515151515152,-13.838491295938104,0.37375933743188733,0.0,-0.02318840579710145,-18.426829268292682,-8.981927710843374,-13.838491295938104,0.37375933743188733,0.0,Oil & Gas Midstream,Energy,DCP
2008Q1,2008,Q1,2008-05-09,2008-03-31,-8200000.0,374800000.0,-16600000.0,-0.33,34500000.0,0.09204909284951975,1232500000.0,267000000.0,205200000.0,173300000.0,935900000.0,31000000.0,0.0,415332000.0,1017632000.0,10.72289156626506,1.1840738603577612,0.5314401622718052,2.453183520599251,,10.72289156626506,-0.030711610486891385,1.1081430096051228,-12.662560975609756,1.5555505617977528,-1.975609756097561,10.977419354838709,0.039004940625812605,0.3040973630831643,0.9567224466243508,-0.006653144016227181,26.121509433962263,0.09204909284951975,0.79375,-1.8116974942021609,1.0676111037556821,0.0,1.711340206185567,0.7944862155388471,-1.8137254901960784,-1.8116974942021609,1.0676111037556821,0.0,Oil & Gas Midstream,Energy,DCP
2007Q4,2007,Q4,2008-03-10,2007-12-31,-39900000.0,270900000.0,20400000.0,-1.6,-48500000.0,-0.1790328534514581,1120700000.0,168400000.0,218500000.0,219600000.0,925400000.0,37300000.0,0.0,669312000.0,1276112000.0,6.763052208835341,0.9949908925318761,0.5621486570893192,3.7410926365795723,,6.763052208835341,-0.23693586698337293,2.4706976744186044,-4.193684210526316,3.9745368171021376,-0.38095238095238093,8.563002680965148,0.022709887167718497,0.24172392254840724,0.726775956284153,-0.03560274828232355,3.699900497512438,-0.1790328534514581,-6.517241379310346,-2.2139466958744065,-0.541003938608823,0.17297734048184799,-2.91699604743083,-6.32,4.230769230769231,-2.2139466958744065,-0.541003938608823,0.17297734048184799,Oil & Gas Midstream,Energy,DCP
2007Q3,2007,Q3,2007-11-09,2007-09-30,7500000.0,188600000.0,3900000.0,0.29,25300000.0,0.13414634146341464,1067800000.0,231400000.0,190100000.0,156100000.0,813200000.0,28000000.0,0.0,526503000.0,1096903000.0,10.376681614349776,1.2178090967328636,0.589998126990073,2.7225583405358686,,10.376681614349776,0.032411408815903195,2.791638388123012,17.550099999999997,2.2752938634399307,1.7066666666666668,5.832142857142857,0.024311352451932847,0.17662483611163138,1.0019218449711724,0.007023787226072298,12.904485294117647,0.13414634146341464,27.999999999999996,0.18495071959235898,0.19873718730456516,0.7528178402617866,0.6428571428571429,36.5,-0.025,0.18495071959235898,0.19873718730456516,0.7528178402617866,Oil & Gas Midstream,Energy,DCP
2007Q2,2007,Q2,2007-08-09,2007-06-30,200000.0,186900000.0,4000000.0,0.01,15400000.0,0.08239700374531835,587000000.0,221000000.0,159300000.0,104400000.0,366000000.0,30300000.0,0.0,395820000.0,589820000.0,12.277777777777779,1.5258620689655173,0.424190800681431,1.1266968325791855,,12.277777777777779,0.0009049773755656109,2.117817014446228,494.7749999999999,1.7910407239819002,41.0,5.66006600660066,0.020716487292203527,0.31839863713798977,1.2030651340996168,0.00034071550255536625,-2.1009554140127387,0.08239700374531835,-0.9827586206896551,-0.9747474747474747,0.20977585441633362,0.0,-0.3185840707964602,-0.9836065573770492,-0.7222222222222222,-0.9747474747474747,0.20977585441633362,0.0,Oil & Gas Midstream,Energy,DCP
2007Q1,2007,Q1,2007-05-10,2007-03-31,12200000.0,240100000.0,14400000.0,0.58,22600000.0,0.0941274468971262,479400000.0,101400000.0,140600000.0,105000000.0,378000000.0,29900000.0,0.0,267093000.0,507693000.0,5.728813559322034,1.339047619047619,0.5590321234876929,2.6429980276134124,,5.728813559322034,0.1203155818540434,1.112423990004165,5.473217213114754,2.63405325443787,0.639344262295082,7.274247491638796,0.029203311206209073,0.500834376303713,0.9476190476190476,0.025448477263245724,24.730833333333333,0.0941274468971262,0.13725490196078421,0.6988939285430095,0.8633202955236853,0.0,-0.03418803418803419,0.34065934065934067,0.34579439252336447,0.6988939285430095,0.8633202955236853,0.0,Oil & Gas Midstream,Energy,DCP
