Quarters,Year,Quarter,FillingDate,Date,NetIncome,Revenue,OperatingIncome,EPSDiluted,GrossProfit,GrossProfitRatio,TotalAssets,CommonStockEquity,CurrentAssets,CurrentLiability,TotalLiability,Inventory,RetainedEarnings,MarketCap,EnterpriseValue,bookValuePerShare,currentRatio,debtToAssets,debtToEquity,roic,shareholdersEquityPerShare,roe,priceToSalesRatio,peRatio,pbRatio,payoutRatio,inventoryTurnover,dividendYield,assetTurnover,quickRatio,returnOnAssets,priceToFreeCashFlowsRatio,grossProfitMargin,epsdilutedGrowth,fiveYNetIncomeGrowthPerShare,fiveYRevenueGrowthPerShare,fiveYShareholdersEquityGrowthPerShare,grossProfitGrowth,netIncomeGrowth,operatingIncomeGrowth,threeYNetIncomeGrowthPerShare,threeYRevenueGrowthPerShare,threeYShareholdersEquityGrowthPerShare,Industry,Sector,Symbol
2023Q1,2023,Q1,2023-05-09,2023-03-31,-16010000.0,40131000.0,-16910000.0,-0.42,27605000.0,0.6878722185,259587000.0,157613000.0,230254000.0,20870000.0,101974000.0,17182000.0,-360172000.0,1507765064.26,1534060064.26,4.090422862415182,11.032774317201724,0.29555409169180274,0.48677456808765773,-0.06963196765728512,4.090422862415182,-0.1015779155272725,37.57108131519274,-23.54411405777639,9.566248115701116,0.0,0.7290187405424281,0.0,0.15459556911555664,10.015476760900814,-0.06167489126959362,-121.26146567958823,0.6878722184844633,-0.2727272727272726,-0.8477844187560716,3.3898013338711617,0.0,-0.051081090371592586,-0.27083664073662483,-0.3388756927949327,-0.30982417582549815,0.7239008779686977,1.00426754997036,Medical Devices,Healthcare,SILK
2022Q4,2022,Q4,2023-02-28,2022-12-31,-12598000.0,40070000.0,-12630000.0,-0.33,29091000.0,0.7260044921,269685000.0,163875000.0,254898000.0,24488000.0,105810000.0,19293000.0,-343712000.0,1987636654.15,2008718654.15,4.357332479211967,10.409098333877818,0.28344179320318147,0.46645308924485124,-0.05208965888151827,4.357332479211967,-0.07687566742944317,49.604109162715254,-39.44349607378155,12.128980345690314,0.0,0.5690665008034002,0.0,0.14858075161762796,9.461001306762496,-0.04671375864434433,-463.21059290375206,0.7260044921387572,-0.03125000000000003,0.35214545109365925,1.805983144725517,10.951315249622086,0.03652105750730421,-0.10392569225376797,-0.36895729460221116,-0.2520455401857018,0.771992972476107,0.8782941970162815,Medical Devices,Healthcare,SILK
2022Q3,2022,Q3,2022-11-09,2022-09-30,-11412000.0,37374000.0,-9226000.0,-0.32,28066000.0,0.7509498582,162544000.0,57198000.0,146987000.0,23933000.0,105346000.0,20293000.0,-331098000.0,1588678110.0,1613526110.0,1.6201582836689303,6.1416036435047845,0.46851314105719066,1.3314101891674535,-0.07548664767610745,1.6201582836689303,-0.19951746564565195,42.50757505217531,-34.80279771293375,27.775063988251336,0.0,0.458680333119795,0.0,0.22993158775470027,5.103873312998788,-0.07020868195688552,-310.59200586510264,0.7509498581901857,0.23809523809523805,0.1315620935761753,1.6482717372988835,0.0,0.16162410496254295,0.2205982789236443,0.350007045230379,-0.24198496013504817,0.9128519344900751,-0.35638956426244606,Medical Devices,Healthcare,SILK
2022Q2,2022,Q2,2022-08-09,2022-06-30,-14642000.0,33173000.0,-14194000.0,-0.42,24161000.0,0.7283332831,162721000.0,60029000.0,146919000.0,21241000.0,102692000.0,17616000.0,-320779000.0,1278860247.42,1267006247.42,1.7081266810872937,6.916764747422437,0.4657235390637963,1.2624398207533025,-0.09811658111670031,1.7081266810872937,-0.24391544087024605,38.5512388816206,-21.835477520489004,21.30404050408969,0.0,0.5115803814713896,0.0,0.20386428303660867,5.86836777929476,-0.08998223953884256,-112.34826033734517,0.7283332830916709,0.16000000000000003,-0.3096693031026731,1.922879365790822,0.0,0.24259411643694714,0.15869914962077683,0.11031716184029083,0.008526796209198271,0.7995278274023548,-0.4238806353053521,Medical Devices,Healthcare,SILK
2022Q1,2022,Q1,2022-05-10,2022-03-31,-17404000.0,28021000.0,-15954000.0,-0.5,19444000.0,0.6939081403,143000000.0,67707000.0,127768000.0,29499000.0,75293000.0,17726000.0,-305381000.0,1446111933.1299999,1401239933.1299999,1.9331989218490766,4.331265466625987,0.34076923076923077,0.7197187883084467,-0.14113301417895516,1.9331989218490766,-0.25704875419085177,51.60814864316048,-20.772694971414616,21.35838145435479,0.0,0.4838655082929031,0.0,0.19595104895104895,3.6434455405267974,-0.12170629370629371,-86.09346509079002,0.6939081403233289,-0.13636363636363635,-1.209916399196534,2.3722154655894916,0.0,-0.07550399391403576,-0.13551249429112025,-0.1347891030656519,0.3786272415725239,0.8931843328760886,1.3694343213031834,Medical Devices,Healthcare,SILK
2021Q4,2021,Q4,2022-03-01,2021-12-31,-15327000.0,28265000.0,-14059000.0,-0.44,21032000.0,0.7441004776,156625000.0,79240000.0,143326000.0,26086000.0,77385000.0,17851000.0,-288702000.0,1488251528.6299999,1428005528.6299999,2.2687135440795667,5.494364793375757,0.31913806863527533,0.6308051489146895,-0.1123640468230059,2.2687135440795667,-0.19342503785966683,52.65351242278436,-24.274997204769363,18.78156901350328,0.0,0.4051873844602543,0.0,0.18046288906624103,4.6792532392854405,-0.09785794094173983,-104.92467065919345,0.7441004776225013,-0.09999999999999995,0.15128814575592509,1.131286860762042,6.181308471623951,0.12923489932885907,-0.10385307886208138,-0.0577834624934166,0.15128814575592509,1.131286860762042,6.181308471623951,Medical Devices,Healthcare,SILK
2021Q3,2021,Q3,2021-11-09,2021-09-30,-13885000.0,24701000.0,-13291000.0,-0.4,18625000.0,0.7540180559491518,165531000.0,88179000.0,154456000.0,20919000.0,77352000.0,16049000.0,-274009000.0,1911522905.45,1855535905.45,2.5385468079743747,7.383526937234094,0.29997402299267206,0.5631159346329625,-0.09573096508855708,2.5385468079743747,-0.15746379523469306,77.38645825877495,-34.41704907184012,21.67775667052246,0.0,0.3785905663904293,0.0,0.14922280418773523,6.393470051149673,-0.08388156901124261,-250.62579067129934,0.7540180559491518,-0.29032258064516137,-0.0739060694954086,0.7788974159111357,0.0,-0.06209084499949642,-0.31748742764968213,-0.3355104501607717,-0.0739060694954086,0.7788974159111357,0.0,Medical Devices,Healthcare,SILK
2021Q2,2021,Q2,2021-08-06,2021-06-30,-10539000.0,26456000.0,-9952000.0,-0.31,19858000.0,0.750604777744179,168206000.0,96138000.0,158537000.0,16663000.0,72068000.0,12771000.0,-260124000.0,1652801978.1399999,1600524978.1399999,2.783857195753102,9.514313148892757,0.2947100579051877,0.5156337764463583,-0.06785392860064908,2.783857195753102,-0.10962366598015352,62.47361574463259,-39.20680278347092,17.191973809939878,0.0,0.5166392608253073,0.0,0.15728333115346657,8.395186941127047,-0.0626553155059867,-167.91648665447525,0.750604777744179,0.0,0.040701969401463894,1.37215589601619,0.0,0.20242204056917953,0.014494108846081915,0.020761586145823085,0.040701969401463894,1.37215589601619,0.0,Medical Devices,Healthcare,SILK
2021Q1,2021,Q1,2021-05-10,2021-03-31,-10694000.0,22053000.0,-10163000.0,-0.31,16515000.0,0.7488777037137805,169662000.0,101154000.0,163895000.0,16214000.0,68508000.0,11960000.0,-249585000.0,1739140331.45,1694011331.45,2.9459670432278156,10.108239792771679,0.2914382713866393,0.4888190284121241,-0.06709490862997781,2.9459670432278156,-0.10571999130039346,78.86184788690882,-40.65691816556013,17.192996139055303,0.0,0.46304347826086956,0.0,0.1299819641404675,9.077217219686691,-0.06303120321580555,-144.45886962787608,0.7488777037137805,0.3673469387755102,-0.38506067819812895,1.7070807659134057,0.0,0.03756989382421311,0.36181894133794834,0.3221955448846205,-0.38506067819812895,1.7070807659134057,0.0,Medical Devices,Healthcare,SILK
2020Q4,2020,Q4,2021-03-01,2020-12-31,-16757000.0,21134000.0,-14994000.0,-0.49,15917000.0,0.753146588435696,179314000.0,107500000.0,173328000.0,19555000.0,71814000.0,9989000.0,-238891000.0,2145295360.58,2125212360.58,3.15590576682624,8.863615443620557,0.2706592904067725,0.45146976744186046,-0.09557440895444376,3.15590576682624,-0.15587906976744187,101.50919658275764,-32.005958115712836,19.956235912372094,0.0,0.5222745019521473,0.0,0.1178602897710162,8.005727435438507,-0.09345059504556254,-147.7069237524098,0.753146588435696,-0.5806451612903225,0.04856363582941584,0.6340110408607118,8.207486078608346,0.09177584196446945,-0.6245273873000484,-0.6063852581958431,0.04856363582941584,0.6340110408607118,8.207486078608346,Medical Devices,Healthcare,SILK
2020Q3,2020,Q3,2020-11-16,2020-09-30,-10315000.0,20067000.0,-9334000.0,-0.31,14579000.0,0.7265161708277271,183828000.0,119738000.0,177697000.0,15054000.0,64090000.0,10946000.0,-222135000.0,2268848228.79,2252369228.79,3.5469939671953563,11.803972366148532,0.24566442544117328,0.37715679232992033,-0.05632154084729706,3.5469939671953563,-0.0861464196829745,113.0636482179698,-54.989050625060585,18.948439332459202,0.0,0.5013703636031427,0.0,0.10916182518441152,10.848146671980869,-0.05611223535043628,-500.7389602273229,0.7265161708277271,0.03125000000000003,0.1790851936888128,0.4870557921433198,0.0,0.4940561590489854,0.0036704336907176665,0.0062812732886191845,0.1790851936888128,0.4870557921433198,0.0,Medical Devices,Healthcare,SILK
2020Q2,2020,Q2,2020-08-13,2020-06-30,-10353000.0,15094000.0,-9393000.0,-0.32,9758000.0,0.6464820458460315,187523000.0,127080000.0,181095000.0,11684000.0,60443000.0,11621000.0,-211820000.0,1369064060.4,1425104060.4,3.8883360932319455,15.499400890106129,0.240322520437493,0.35462700661000945,-0.05430892428666416,3.8883360932319455,-0.08146836638338055,90.7025348085332,-33.05959771080846,10.77324567516525,0.0,0.45916874623526377,0.0,0.08049145971427504,14.174169804861348,-0.055209227668072715,-114.79658396780145,0.6464820458460315,0.0,0.0042390690397162605,0.43007268338974514,0.0,-0.28685229847255717,-0.041444522683834625,-0.027680525164113786,0.0042390690397162605,0.43007268338974514,0.0,Medical Devices,Healthcare,SILK
2020Q1,2020,Q1,2020-05-15,2020-03-31,-9941000.0,18933000.0,-9140000.0,-0.32,13683000.0,0.7227063856758041,126745000.0,63957000.0,120284000.0,14319000.0,62788000.0,12101000.0,-201467000.0,986529998.8000001,1074016998.8000002,2.04085670222804,8.400307284028214,0.3548226754507081,0.703159935581719,-0.08330523072996893,2.04085670222804,-0.15543255624872962,52.1063750488565,-24.80962676793079,15.424894832465561,0.0,0.43384844227749775,0.0,0.14937867371493946,7.422934562469446,-0.07843307428300919,-82.70014240925477,0.7227063856758041,-0.18518518518518512,-0.4107117984683186,1.5464348849591287,0.0,-0.01646060954571593,-0.19901097575684476,-0.21736814064997337,-0.4107117984683186,1.5464348849591287,0.0,Medical Devices,Healthcare,SILK
2019Q4,2019,Q4,2020-03-02,2019-12-31,-8291000.0,18633000.0,-7508000.0,-0.27,13912000.0,0.7466323190039178,137402000.0,71891000.0,112490000.0,16932000.0,65511000.0,10322000.0,-191526000.0,1251364287.9,1308570287.9,2.3198349258245603,6.643633356957241,0.3266255221903611,0.624264511552211,-0.06429733664468613,2.3198349258245603,-0.115327370602718,67.15849771373371,-37.73261029731034,17.40641092626337,0.0,0.45737260220887427,0.0,0.13560937977613136,5.864044412945901,-0.06034118862898648,-229.22958195640228,0.7466323190039178,-0.03846153846153849,0.48256311123455475,0.5835182127187312,6.298059944725382,0.0821406347230865,-0.03546896465592606,-0.015280594996619337,0.48256311123455475,0.5835182127187312,6.298059944725382,Medical Devices,Healthcare,SILK
2019Q3,2019,Q3,2019-11-13,2019-09-30,-8007000.0,17026000.0,-7395000.0,-0.26,12856000.0,0.7550804651709151,138569000.0,77443000.0,131987000.0,12441000.0,61126000.0,9275000.0,-183235000.0,1000764435.62,934021435.62,2.517296478905424,10.609034643517402,0.32319638591604183,0.5782962953397983,-0.06013319563820877,2.517296478905424,-0.10339217230737445,58.77859953130506,-31.24654788372674,12.922593851219606,0.0,0.4495956873315364,0.0,0.12287019463227707,9.581946788843341,-0.057783486927090476,-154.5104887478771,0.7550804651709151,0.38095238095238093,0.3007661652123433,0.3844624821966972,0.0,0.14468880776422402,0.3304624132452546,-0.22901778294831313,0.3007661652123433,0.3844624821966972,0.0,Medical Devices,Healthcare,SILK
2019Q2,2019,Q2,2019-08-13,2019-06-30,-11959000.0,14928000.0,-6017000.0,-0.42,11231000.0,0.752344587352626,142652000.0,84377000.0,135876000.0,9488000.0,58275000.0,8963000.0,-175228000.0,1335855743.4199998,1263028743.4199998,2.9648832963506218,14.320826306913997,0.3132798698931666,0.5296467046707041,-0.04635700362874334,2.9648832963506218,-0.14173293670075968,89.48658517015004,-27.92574093611506,15.831989089680837,0.0,0.41247350217561085,0.0,0.10464627204665901,13.03372681281619,-0.08383338474048734,-141.03206750633444,0.752344587352626,0.5008337265258146,-0.3209326264141879,0.6242479395331396,0.0,0.19136522753792298,0.5049672986174352,0.15799048418695774,-0.3209326264141879,0.6242479395331396,0.0,Medical Devices,Healthcare,SILK
2019Q1,2019,Q1,2019-05-15,2019-03-31,-24158000.0,12766000.0,-7146000.0,-0.841403,9427000.0,0.7384458718470939,38668000.0,-158074000.0,29052000.0,10792000.0,196742000.0,8056000.0,-163269000.0,1092923341.56,1122011341.56,-5.2328622717826985,2.6919940696812454,1.1533309196234613,-0.28212735807280137,0.06297311349436449,-5.2328622717826985,0.15282715690119816,85.61204304872317,-11.310159590611805,-6.913998137328087,0.0,0.4144736842105263,0.0,0.33014378814523637,1.816623424759081,-0.6247543188165925,-125.09137479226278,0.7384458718470939,-0.627316282900698,-2.556506733235661,0.7812398967333983,0.0,0.20812508009739844,-0.5467059350790704,0.02096177558569667,-2.556506733235661,0.7812398967333983,0.0,Medical Devices,Healthcare,SILK
2018Q4,2018,Q4,2018-12-31,2018-12-31,-15619000.0,11470000.0,-7299000.0,-0.5170494567289622,7803000.0,0.6802964254577157,40881000.0,-13227000.0,36662000.0,8838000.0,54108000.0,5744000.0,-139111000.0,1092923341.56,1112134341.56,-0.43786498265919604,4.1482235799954745,1.0812113206624103,-3.341725258940047,-0.2356492542132111,-0.43786498265919604,1.180842216678007,95.28538287358326,-17.49349096549075,-82.62821059650715,0.0,0.6384052924791086,0.0,0.28057043614392996,3.338990721882779,-0.3820601257307796,-198.7856205092761,0.6802964254577157,-0.38909638581742567,0.0,0.0,0.0,0.1590909090909091,-0.7447497765862378,-0.5586162716207559,0.0,0.0,0.0,Medical Devices,Healthcare,SILK
2018Q3,2018,Q3,2018-09-30,2018-09-30,-8952000.0,9614000.0,-4683000.0,-0.37222,6732000.0,0.700228832951945,,,,,,,,870139817.82,,,0.0,0.0,0.0,0.0,,0.0,90.50757414395673,-24.3001513019437,0.0,0.0,0.0,0.0,0.0,0.0,0.0,-115.54107260921525,0.700228832951945,-0.1700432220039293,0.0,0.0,0.0,0.25223214285714285,-0.1700431316167821,0.01741502308015107,0.0,0.0,0.0,Medical Devices,Healthcare,SILK
2018Q2,2018,Q2,2018-06-30,2018-06-30,-7651000.0,7767000.0,-4766000.0,-0.318125,5376000.0,0.6921591348010815,,,,,,,,870139817.82,,,0.0,0.0,0.0,0.0,,0.0,112.03036150637313,-28.432225128087833,0.0,0.0,0.0,0.0,0.0,0.0,0.0,-149.07312280623609,0.6921591348010815,-0.41475660627407024,0.0,0.0,0.0,0.4252386002120891,-0.4147559171597633,-0.02560791908758339,0.0,0.0,0.0,Medical Devices,Healthcare,SILK
2018Q1,2018,Q1,2018-03-31,2018-03-31,-5408000.0,5706000.0,-4647000.0,-0.224862,3772000.0,0.6610585348755695,,,,,,,,870139817.82,,,0.0,0.0,0.0,0.0,,0.0,152.4955867192429,-40.22465873798077,0.0,0.0,0.0,0.0,0.0,0.0,0.0,-170.44854413712048,0.6610585348755695,0.0,0.0,0.0,0.0,0.0,0.0,0.0,0.0,0.0,0.0,Medical Devices,Healthcare,SILK
