Quarters,Year,Quarter,FillingDate,Date,NetIncome,Revenue,OperatingIncome,EPSDiluted,GrossProfit,GrossProfitRatio,TotalAssets,CommonStockEquity,CurrentAssets,CurrentLiability,TotalLiability,Inventory,RetainedEarnings,MarketCap,EnterpriseValue,bookValuePerShare,currentRatio,debtToAssets,debtToEquity,roic,shareholdersEquityPerShare,roe,priceToSalesRatio,peRatio,pbRatio,payoutRatio,inventoryTurnover,dividendYield,assetTurnover,quickRatio,returnOnAssets,priceToFreeCashFlowsRatio,grossProfitMargin,epsdilutedGrowth,fiveYNetIncomeGrowthPerShare,fiveYRevenueGrowthPerShare,fiveYShareholdersEquityGrowthPerShare,grossProfitGrowth,netIncomeGrowth,operatingIncomeGrowth,threeYNetIncomeGrowthPerShare,threeYRevenueGrowthPerShare,threeYShareholdersEquityGrowthPerShare,Industry,Sector,Symbol
2023Q1,2023,Q1,2023-05-15,2023-03-31,-11324000.0,45807000.0,-7880000.0,-0.49,1938000.0,0.0423079442,560198000.0,50763000.0,32850000.0,127045000.0,509226000.0,1417000.0,-59927000.0,478788169.54999995,898472169.55,2.29541793196966,0.2585697981030344,0.775283024930471,8.5556803183421,-0.010680249797585284,2.29541793196966,-0.2230758623406812,10.452292652869648,-10.570208617758743,9.431833610109726,0.0,30.959068454481297,0.0,0.08176930299644054,0.15406352079971664,-0.020214281379083824,-41.44634431700138,0.04230794420066802,0.16949152542372878,-4.859674212441213,-0.3725778368057004,-0.7061725215964673,1.465648854961832,0.15900482733011512,0.06223967630608116,-0.8704202105414681,-0.08474786724449392,-0.5590361079893598,Entertainment,Communication Services,RDIB
2022Q4,2022,Q4,2023-03-31,2022-12-31,-13465000.0,47207000.0,-8403000.0,-0.59,786000.0,0.0166500731,587055000.0,62856000.0,47512000.0,121664000.0,523776000.0,1616000.0,-48816000.0,437115281.85,850779281.85,2.8543765267583496,0.3905181483429774,0.7556549216001908,7.057576046837215,-0.010867526494749036,2.8543765267583496,-0.2142198039964363,9.25954375092677,-8.115768322502786,6.954233197308133,0.0,28.725866336633665,0.0,0.08041324918448868,0.29735994213571804,-0.02293652213165717,-1844.3682778481013,0.01665007308238185,-1.4583333333333333,-2.8949205773928965,-0.3169634184208317,-0.6309923466859194,-0.7777149321266968,-1.5410454802792979,-5.916049382716049,0.5121660653959339,-0.312179128783515,-0.5353752013863055,Entertainment,Communication Services,RDIB
2022Q3,2022,Q3,2022-11-09,2022-09-30,-5299000.0,51196000.0,-1215000.0,-0.24,3536000.0,0.0690678959,589718000.0,68541000.0,58691000.0,138908000.0,520484000.0,1355000.0,-35599000.0,412219490.09999996,819528490.0999999,3.1093064029773783,0.4225170616523166,0.7578825811659132,6.520724821639603,-0.0017393425651840639,3.1093064029773783,-0.07731139026276243,8.051790962184546,-19.447985001887147,6.0142030332209915,0.0,35.17343173431734,0.0,0.08681437568464927,0.31897370921761165,-0.008985650768672485,-48.17336567722332,0.06906789592936949,-1.1818181818181819,-4.548304749717314,-0.1928456745101709,-0.5813915455932399,-0.6934812760055479,-1.169054441260745,-1.3047404063205417,-7.008774408342627,-0.25678140944169187,-0.5605088358518799,Entertainment,Communication Services,RDIB
2022Q2,2022,Q2,2022-08-09,2022-06-30,-2443000.0,64511000.0,3987000.0,-0.11,11536000.0,0.1788222164,627583000.0,81388000.0,74430000.0,151842000.0,545356000.0,1469000.0,-30422000.0,462850752.0,874831752.0,3.692654689691419,0.49018058244754414,0.7359759585584695,5.6751118100948545,0.01381418067855945,3.692654689691419,-0.03001671008011009,7.17475704918541,-47.36499713467049,5.686965547746596,0.0,36.06194690265487,0.0,0.10279277800705246,0.36429973261679904,-0.003892712199023874,-132.432260944206,0.1788222163662011,0.8405797101449275,-1.1348185028847622,-0.06431924727194245,-0.4970478471372907,26.078260869565216,0.8419077201837831,1.3384550084889644,-2.059987868798386,-0.11941046597654557,-0.512665050923282,Entertainment,Communication Services,RDIB
2022Q1,2022,Q1,2022-05-10,2022-03-31,-15453000.0,40200000.0,-11780000.0,-0.69,-460000.0,-0.0114427861,670617000.0,92628000.0,83523000.0,139136000.0,577123000.0,1350000.0,-27986000.0,417163715.0,835828715.0,4.218804121063118,0.6002975505979761,0.7245983922268597,5.2460163233579475,-0.013868190023898948,4.218804121063118,-0.16682860474154684,10.37720684079602,-6.748911457322203,4.50364592779721,0.0,30.118518518518517,0.0,0.05994479710475577,0.5120529553817847,-0.023042958946760967,-29.66603008106955,-0.011442786069651741,-43.59259259259259,-6.38338859352699,-0.38923943373329956,-0.35090889684802623,-1.0630309673883256,-44.77620396600567,-3.353288987435329,-6.570076207521181,-0.3181924021431288,-0.44958110648643546,Entertainment,Communication Services,RDIB
2021Q4,2021,Q4,2022-03-16,2021-12-31,353000.0,49918000.0,-2706000.0,0.0162,7298000.0,0.1461997676,687702000.0,104074000.0,100306000.0,106979000.0,582642000.0,1408000.0,-12632000.0,506414314.44,910239314.44,4.771978617295422,0.9376232718570935,0.7082660803662051,4.680093010742357,0.0001860024891150482,4.771978617295422,0.0033918173607241,10.144923964101126,358.6503643342776,4.865906128716105,0.0,30.269886363636363,0.0,0.07258667271579841,0.8290038231802503,0.0005133037274866149,118.82081521351478,0.146199767618895,1.034468085106383,1.3590677039196217,-0.20867576546568936,-0.21740423208434173,63.376068376068375,1.034607843137255,0.7528992786046936,-0.924989024298641,-0.2982649657240487,-0.3773685816451051,Entertainment,Communication Services,RDIB
2021Q3,2021,Q3,2021-11-09,2021-09-30,-10200000.0,31803000.0,-10951000.0,-0.47,-117000.0,-0.0036788982,695161000.0,102580000.0,105485000.0,100670000.0,591588000.0,1123000.0,-12981000.0,495073425.4,898711425.4,4.703476051292007,1.0478295420681434,0.7113819676305201,4.820871514915188,-0.011858163096317363,4.703476051292007,-0.09943458763891597,15.566878137282645,-12.134152583333332,4.826217833885747,0.0,28.423864648263578,0.0,0.045749114233968824,0.9307042813151882,-0.014672859956182812,-42.019472534374465,-0.0036788982171493253,-1.4653465346534653,-3.830986686045175,-0.5228562491780928,-0.27688031571033433,-1.0556348074179742,-1.4492996211787508,0.12615703798276412,-9.295800674033776,-0.5482424608902252,-0.38343869805606756,Entertainment,Communication Services,RDIB
2021Q2,2021,Q2,2021-08-09,2021-06-30,22702000.0,36033000.0,-12532000.0,1.01,2103000.0,0.0583631671,732426000.0,116101000.0,131458000.0,120118000.0,615227000.0,1097000.0,-2886000.0,504868071.4,892594071.4,5.323644536575461,1.094407166286485,0.68195012192358,4.302099034461374,-0.011621653965190971,5.323644536575461,0.19553664481787408,14.011269430799544,5.559731206501629,4.348524744834239,0.0,30.929808568824065,0.0,0.0491967789237411,0.9704124277793503,0.030995622765985914,-229.06899791288566,0.05836316709682791,0.17441860465116282,7.178742864916163,-0.4238489555473829,-0.12963868627913944,1.6510835913312694,0.1970471921961508,0.10338413107247621,3.775579694274074,-0.5500958639603967,-0.30929959446311106,Entertainment,Communication Services,RDIB
2021Q1,2021,Q1,2021-05-17,2021-03-31,18965000.0,21307000.0,-13977000.0,0.86,-3230000.0,-0.1515933731,668030000.0,94543000.0,79960000.0,92955000.0,572280000.0,896000.0,-25588000.0,444148275.87,878656275.87,4.344546033011712,0.8602011726104029,0.7116866009011571,5.028695937298372,-0.012864089024272213,4.344546033011712,0.20059655394899675,20.84518120195241,5.854841495781703,4.697844111885598,0.0,27.385044642857142,0.0,0.03189527416433394,0.48897853800225916,0.02838944358786282,-117.6863476073132,-0.15159337306988313,2.075,8.135840450306516,-0.6473516562813364,-0.28391150586013864,0.510235026535254,2.073774204506851,0.04937767802489288,5.569074222495143,-0.7034138639139368,-0.44387164188766315,Entertainment,Communication Services,RDIB
2020Q4,2020,Q4,2021-03-31,2020-12-31,-17662000.0,15021000.0,-14703000.0,-0.8,-6595000.0,-0.4390519939,690169000.0,77769000.0,56467000.0,120607000.0,608996000.0,1059000.0,-44553000.0,473526040.32000005,970837040.32,3.5737283610768418,0.46819007188637474,0.7594328345666062,6.739664905039283,-0.017534022813104223,3.5737283610768418,-0.22710848795792668,31.52426871180348,-6.702610694145624,6.088879120472168,0.0,20.411709159584515,0.0,0.021764234557043276,0.2890545324898223,-0.02559083354946397,-215.9261469767442,-0.43905199387524135,0.09090909090909087,-6.769216892847325,-0.7569313267914679,-0.3734592102547535,0.12475116124751161,0.08732947498966515,0.1537841726618705,-3.5152145555827663,-0.7800687659199069,-0.537996089955029,Entertainment,Communication Services,RDIB
2020Q3,2020,Q3,2020-11-09,2020-09-30,-19352000.0,10191000.0,-17375000.0,-0.88,-7535000.0,-0.7393778824,673437000.0,86306000.0,42147000.0,116995000.0,583230000.0,1020000.0,-27159000.0,528489303.3,1006224303.3,3.9683599779681673,0.36024616436599854,0.7506418566250443,5.857182582902695,-0.02052302436837619,3.9683599779681673,-0.22422543044516025,51.858434236090666,-6.827321508112857,6.123436415776423,0.0,17.37843137254902,0.0,0.01513281866009738,0.3118765759220479,-0.028736169827318664,-72.95545324406406,-0.7393778824452949,0.15384615384615388,-157.9798511657889,-0.811169942094627,-0.2088403896977508,0.3628984526929906,0.15445449381745097,0.21716602838477134,-14.134387823031288,-0.8371475348792671,-0.46573646285995024,Entertainment,Communication Services,RDIB
2020Q2,2020,Q2,2020-08-10,2020-06-30,-22887000.0,3422000.0,-22195000.0,-1.04,-11827000.0,-3.4561659848,687750000.0,101594000.0,57453000.0,112397000.0,582164000.0,1204000.0,-7930000.0,356812385.3369,827595385.3369,4.672563857966458,0.5111613299287348,0.7432162849872773,5.031271531783373,-0.024425116532339163,4.672563857966458,-0.22527905191251452,104.27013013936295,-3.8975442973838854,3.512140336406677,0.0,12.665282392026578,0.0,0.004975645219920029,0.4520316378551029,-0.03327808069792803,-19.18552453688031,-3.456165984804208,-2.8518518518518516,-2.5313989664863716,-0.9496883275419025,-0.16488733620383964,-3.8321360153256707,-2.843324937027708,-2.1531467538002556,-2.2803354406114016,-0.9496867013435827,-0.3635808790046644,Entertainment,Communication Services,RDIB
2020Q1,2020,Q1,2020-06-25,2020-03-31,-5955000.0,49228000.0,-7039000.0,-0.27,4176000.0,0.0848297717,677722000.0,113231000.0,69418000.0,233133000.0,560322000.0,1355000.0,14772000.0,369792460.484729,808793460.484729,5.205455534019717,0.2977613636851068,0.7287560386117021,4.361826708233611,-0.005560210241419058,5.205455534019717,-0.05259160477254462,7.511831894140103,-15.524452581222878,3.265823497847135,0.0,33.24870848708487,0.0,0.07263745311499406,0.276876289499985,-0.00878678868326541,-20.014746724655176,0.0848297716746567,0.784,-3.0407099226527388,-0.13179416377533112,0.012262415868381114,-0.7128712871287128,0.7843563280825638,-5.145465253239105,-3.0939726976048876,-0.24507561903839903,-0.19910600776270218,Entertainment,Communication Services,RDIB
2019Q4,2019,Q4,2020-03-16,2019-12-31,-27615000.0,68666000.0,1698000.0,-1.25,14544000.0,0.2118078816,674989000.0,135349000.0,26999000.0,111137000.0,535373000.0,1674000.0,20647000.0,600801922.89,1045367922.89,6.143401159978934,0.24293439628566543,0.6766051002312631,3.374247316197386,-0.8842289593329999,6.143401159978934,-0.20402810512083577,8.749627514199167,-5.43909037561108,4.438909211667615,0.0,32.33094384707288,0.0,0.10172906521439609,0.18838010743496766,-0.0409117778215645,460.03210022205207,0.21180788162991873,-32.25,-2.6917958193359954,0.17326766761465123,0.11827294087505368,0.0015149428453381077,-31.61529933481153,-0.41649484536082476,-183.68728806300874,0.07754798824503778,0.0075065573392154175,Entertainment,Communication Services,RDIB
2019Q3,2019,Q3,2019-11-12,2019-09-30,902000.0,70456000.0,2910000.0,0.04,14522000.0,0.2061144544,657816000.0,159514000.0,25097000.0,101162000.0,494103000.0,1195000.0,48859000.0,563670675.0,983771675.0,7.074787064272947,0.24808722642889622,0.6518676955258005,2.688221723485086,0.002148595358167766,7.074787064272947,0.005654676078588714,8.000321832065403,156.228014135255,3.5336752573441825,0.0,46.806694560669456,0.0,0.10710593843871234,0.19041735038848578,0.001371204105707371,-251.75108307280036,0.20611445441126378,-0.6,-0.7625385290242773,0.12349242353355327,0.3740388919523551,-0.1665040463754807,-0.6232247284878863,-0.4997421351211965,-0.7578399387407062,0.02248620987003096,0.08768870778631097,Entertainment,Communication Services,RDIB
2019Q2,2019,Q2,2019-08-09,2019-06-30,2394000.0,76096000.0,5817000.0,0.1,17423000.0,0.2289607864,672835000.0,173474000.0,28762000.0,109138000.0,495138000.0,1221000.0,47957000.0,532287429.75,951521429.75,7.5772416829274185,0.26353790613718414,0.6357427898370328,2.4657873802414194,0.004041828134870172,7.5772416829274185,0.013800338955693648,6.994946248817284,55.58557119360902,3.0683988940705813,0.0,48.053235053235056,0.0,0.11309756478185588,0.20398944455643314,0.003558078875207146,-109.70474644476505,0.22896078637510514,2.0845986984815617,-0.4842596149327697,0.11575973681294921,0.35755039332820937,0.6166836782035817,2.1234162365086813,5.403482210446631,-0.1784192803057983,0.1590479902308048,0.23880134750234389,Entertainment,Communication Services,RDIB
2019Q1,2019,Q1,2019-05-10,2019-03-31,-2131000.0,61551000.0,-1321000.0,-0.0922,10777000.0,0.1750905753,674543000.0,175679000.0,30549000.0,107785000.0,494597000.0,1165000.0,45563000.0,610429843.395,1026459843.395,7.664715311883003,0.2834253374773855,0.6355087815009569,2.4401209023275405,-0.0010400493015373788,7.664715311883003,-0.012130078153905703,9.917464271823366,-71.61307407261849,3.4746887413692016,0.0,43.58283261802575,0.0,0.09124844524366868,0.22166349677598923,-0.0031591759161387783,-39.853094169550175,0.17509057529528357,-1.4390476190476191,-2.8723441640964595,0.08662589196645187,0.4438067576890263,-0.3617789885111927,-1.429550493852046,-1.252629565882578,-1.9746310943058214,-0.032801065262251565,0.263334397654486,Entertainment,Communication Services,RDIB
2018Q4,2018,Q4,2019-03-18,2018-12-31,4961000.0,74990000.0,5229000.0,0.21,16886000.0,0.2251766902,439028000.0,176210000.0,30258000.0,85528000.0,258481000.0,1419000.0,47616000.0,632490030.27,788094030.27,7.664211083186028,0.3537788794312974,0.3843285621873776,0.9575563248396799,0.020000490123442717,7.664211083186028,0.028153907269734976,8.434324980264035,31.873111785426325,3.589410534419159,0.0,40.94714587737843,0.0,0.17080915112475742,0.2796511084089421,0.011299962644751587,3904.259446111111,0.22517669022536338,2.5,0.5934406409743231,0.20583108388223137,0.5369355753361758,0.0017203535623183247,2.824980724749422,0.1520158625247852,0.533797745554867,0.14856447604997364,0.3436781925380351,Entertainment,Communication Services,RDIB
2018Q3,2018,Q3,2018-11-06,2018-09-30,1297000.0,74261000.0,4539000.0,0.06,16857000.0,0.2269966739,435657000.0,175503000.0,29644000.0,54270000.0,255794000.0,1231000.0,42655000.0,655672140.0,809962140.0,7.628561890703485,0.5462318039432468,0.3902244196696025,0.9686672022700467,0.005721077596217902,7.628561890703485,0.007390187062329419,8.829293168688814,126.38244795682344,3.735959727184151,0.0,46.63200649878148,0.0,0.1704574929359565,0.4591855537129169,0.0029771127285915296,-205.153986232791,0.22699667389342992,-0.7272727272727273,-0.44911702444233137,0.15283528137715977,0.48002645428498414,-0.21099929791715422,-0.7405481096219244,-0.47060881735479354,8.945945866034233,0.30077797652321964,0.5208827037172514,Entertainment,Communication Services,RDIB
2018Q2,2018,Q2,2018-08-09,2018-06-30,4999000.0,84222000.0,8574000.0,0.22,21365000.0,0.2536748118,435712000.0,176763000.0,30447000.0,66638000.0,254544000.0,1418000.0,40918000.0,601318680.6464111,752880680.6464111,7.707603027158113,0.45690146763108136,0.3770931257344301,0.9295157923321057,0.01752585153928149,7.707603027158113,0.02828080537216499,7.139686550383642,30.071948422004954,3.4018356819380244,0.0,44.32792665726375,0.0,0.19329740746180962,0.35029562711966145,0.011473174941245593,-85.04011888649569,0.25367481180689133,0.6923076923076923,0.23058589455604114,0.2310016224798648,0.6050698436145865,0.15548945375878853,0.6406301279947489,0.519404572036151,-0.6828801655024309,0.1739648365555289,0.3775556827370313,Entertainment,Communication Services,RDIB
2018Q1,2018,Q1,2018-05-10,2018-03-31,3047000.0,75822000.0,5643000.0,0.13,18490000.0,0.2438606209,426555000.0,179423000.0,25645000.0,66175000.0,242800000.0,1342000.0,35920000.0,635273775.42,779098775.42,7.812128206801715,0.3875330562901398,0.3574990329500299,0.8499077598747095,0.011835141358605807,7.812128206801715,0.016982215212096554,8.378488768695101,52.12288935182146,3.540648497795712,0.0,42.721311475409834,0.0,0.17775433414213876,0.29955421231582924,0.00714327577920784,-30.572875278887334,0.24386062092796287,-0.59375,4.028694198535612,0.2892782708466961,0.4262566048980565,0.18026298991446443,-0.5871273712737127,0.5536894273127754,-0.011060293410622764,0.2664953358195704,0.5191607574033067,Entertainment,Communication Services,RDIB
2017Q4,2017,Q4,2018-03-16,2017-12-31,7380000.0,71780000.0,3632000.0,0.32,15666000.0,0.218250209,423026000.0,176910000.0,33475000.0,80446000.0,241785000.0,1432000.0,32679000.0,526022512.0,648965512.0,7.735277306914956,0.4161176441339532,0.32293759721624676,0.7722062065457012,0.0354019750617243,7.735277306914956,0.04171612684415805,7.328260128169407,17.819190785907857,2.973390492340738,0.0,39.185754189944134,0.0,0.16968224175346197,0.35365338239315813,0.01744573619588394,-81.35207423445716,0.21825020897185846,3.571428571428571,4.4704776739882846,0.12123974122022387,0.4185047088315546,0.1506426735218509,3.7429305912596402,-0.0016492578339747114,-0.5644591013788616,0.18148575211459086,0.4080394682409954,Entertainment,Communication Services,RDIB
2017Q3,2017,Q3,2017-11-07,2017-09-30,1556000.0,66087000.0,3638000.0,0.07,13615000.0,0.2060163118,418061000.0,170600000.0,50585000.0,56962000.0,243266000.0,1169000.0,25298000.0,517239742.84,661976742.8399999,7.427720033470892,0.8880481724658544,0.3674894333602034,0.9005451348182884,0.007053759742252556,7.427720033470892,0.009120750293083235,7.826648854388911,83.10407179305912,3.031885948651817,0.0,44.88622754491018,0.0,0.15807980175141906,0.7923176854745269,0.0037219448836413823,-29.915543252747252,0.20601631183137378,-0.9135802469135802,-0.3380162368777888,0.027639699052495907,0.4410608843530931,-0.24074280615659158,-0.9182429592265657,-0.5311855670103093,-0.5978777161460012,0.034499139944294335,0.44258422363860783,Entertainment,Communication Services,RDIB
2017Q2,2017,Q2,2017-08-09,2017-06-30,19032000.0,72413000.0,7760000.0,0.81,17932000.0,0.2476350931,404022000.0,169959000.0,54411000.0,60977000.0,229682000.0,1408000.0,23743000.0,416681910.0,540331910.0,7.34196020172798,0.8923200551027437,0.3384097895659147,0.8044587223977547,0.01892006143881005,7.34196020172798,0.11197994810513123,5.754241779790921,5.47343828814628,2.451661341853035,0.0,38.69389204545455,0.0,0.1792303389419388,0.7915935516670219,0.04710634569404636,-30.131022488972448,0.24763509314625826,5.230769230769231,3.6414439362292566,0.04855085638264508,0.5289265510028588,0.1468406242005628,5.283261802575107,0.4037626628075253,3.05492228383483,0.05006578777815744,0.3153969975793568,Entertainment,Communication Services,RDIB
2017Q1,2017,Q1,2017-05-09,2017-03-31,3029000.0,69454000.0,5528000.0,0.13,15636000.0,0.2251274225,410423000.0,150584000.0,75909000.0,56478000.0,255432000.0,1326000.0,4709000.0,428151126.48,572079126.48,6.4995562265091715,1.3440454690321895,0.377559249847109,1.029053551506136,0.011007089354463645,6.4995562265091715,0.020115018859905433,6.1645279822616414,35.337663129745785,2.8432710412792863,0.0,40.586726998491706,0.0,0.16922540890739554,0.4889691561315911,0.007380190681321466,-52.42452877188686,0.2251274224666686,18.117647058823533,6.688063227211879,0.0866707277616672,0.1554654524701782,0.016909469302809572,17.93125,2.5390524967989756,6.445258114788018,0.21302819810277568,0.2243250818807413,Entertainment,Communication Services,RDIB
2016Q4,2016,Q4,2017-03-13,2016-12-31,160000.0,67451000.0,1562000.0,0.0068,15376000.0,0.2279580733,405766000.0,142197000.0,72641000.0,65986000.0,259151000.0,1391000.0,1680000.0,440284838.2448,571048838.2448,6.0976289585681815,1.1008547267602218,0.3691314698619401,1.0533344585328805,-0.01995832963986044,6.0976289585681815,0.0011251995471071824,6.52747680901395,687.9450597575,3.0963018786950496,0.0,37.43709561466571,0.0,0.1662312761542367,0.44426090382808475,0.0003943159357856499,201.22707415210238,0.22795807326800197,-0.9575,1.0746618699083956,0.13459577538474324,0.11902434917036388,-0.09103807046583116,-0.9584954604409858,-0.7636913767019667,-0.9493335706291559,0.06931379079660462,0.22278245861251714,Entertainment,Communication Services,RDIB
2016Q3,2016,Q3,2016-11-08,2016-09-30,3855000.0,71315000.0,6610000.0,0.16,16916000.0,0.2372011498,401456000.0,151780000.0,26648000.0,63554000.0,245245000.0,1163000.0,-425000.0,350023380.0,488639380.0,6.5044226474242945,0.419296975800107,0.3701426806424614,0.9790222690736592,0.015885480759926577,6.5044226474242945,0.0253986032415338,4.90813124868541,22.699311284046694,2.3061232046382925,0.0,46.77472055030095,0.0,0.17764088717069865,0.28665386915064356,0.009602546729903152,-68.03175510204082,0.23720114982822688,0.23076923076923075,24.671375240004586,0.044132167322517235,0.23467751572903076,0.06242934304735586,0.29797979797979796,0.08574244415243101,0.614283593233442,0.09149921552311943,0.261930849610054,Entertainment,Communication Services,RDIB
2016Q2,2016,Q2,2016-08-08,2016-06-30,2970000.0,66918000.0,6088000.0,0.13,15922000.0,0.2379329926,383222000.0,142730000.0,24392000.0,77186000.0,236246000.0,1037000.0,-4280000.0,293786290.28,426512290.28,6.116591411693699,0.31601585779804625,0.37145570974526515,0.9973376304911371,0.012783087740322318,6.116591411693699,0.02080851958242836,4.390243137571356,24.729485713804713,2.058335950956351,0.0,49.1764705882353,0.0,0.1746194112029059,0.22719145959111756,0.0077500769788790835,-18.073595218701936,0.23793299261783077,0.44444444444444453,-0.8336041892419944,-0.026041069821383496,0.007315879795360064,0.08379279831189164,0.33423180592991913,0.29752770673486784,-0.28145913043542464,-0.03873693060587524,0.2737496191784778,Entertainment,Communication Services,RDIB
2016Q1,2016,Q1,2016-05-10,2016-03-31,2226000.0,64789000.0,4692000.0,0.09,14691000.0,0.2267514547,380302000.0,141574000.0,34645000.0,75888000.0,234438000.0,969000.0,-7252000.0,291686150.0,409075150.0,6.067051863792641,0.4565280413240565,0.35161266572355654,0.9445166485371608,0.010163354801836121,6.067051863792641,0.015723226016076397,4.502093719612898,32.759001572327044,2.060308743130801,0.0,51.70072239422085,0.0,0.17036197548264273,0.3658154121863799,0.005853242949024722,1246.5220085470085,0.22675145472225222,-0.3571428571428572,1.816877072430566,0.16499612823606627,0.225698406135749,0.1280810873070721,-0.3207201708880073,0.08762169680111266,3.1777653731631608,0.08431548737174818,0.10765883046560076,Entertainment,Communication Services,RDIB
2015Q4,2015,Q4,2016-04-29,2015-12-31,3277000.0,66149000.0,4314000.0,0.14,13023000.0,0.1968737245,375091000.0,132865000.0,36921000.0,75435000.0,237895000.0,1122000.0,-9478000.0,319589509.12,442822509.12,5.703903751469926,0.4894412408033406,0.38106752761329915,1.0757912166484778,0.013457810479587422,5.703903751469926,0.024664132766341777,4.8313581327004185,24.381256417454992,2.405370181161329,0.0,47.349376114082,0.0,0.17635453796545372,0.4232252932988666,0.008736546598025545,-10.145376626773754,0.19687372447051354,24.000000000000004,4.741028605876865,0.1943127453596909,0.1587553410991576,0.2108786610878661,23.825757575757574,0.38269230769230766,2.5130296056753503,0.01451016591780261,0.04598891664156526,Entertainment,Communication Services,RDIB
2015Q3,2015,Q3,2015-11-06,2015-09-30,132000.0,57788000.0,3120000.0,0.0056,10755000.0,0.1861113034,364423000.0,116807000.0,77560000.0,67757000.0,243245000.0,818000.0,-12755000.0,333476269.68,423972269.68,5.0158778662274255,1.1446787785763832,0.41868103824401864,1.3062316470759459,0.0022971668827316554,5.0158778662274255,0.001130069259547801,5.770683700422233,631.5838440909091,2.85493394813667,0.0,57.497555012224936,0.0,0.1585739648704939,1.0351845565771802,0.0003622164352963452,-177.28669307814994,0.18611130338478576,-0.9917647058823529,-0.8959247622068639,-0.06677176087520953,0.10253550817595233,-0.4423415949393342,-0.9917484528349065,-0.7024604234217051,-0.9446123090777164,-0.1137340098127184,-0.026863511125748772,Entertainment,Communication Services,RDIB
2015Q2,2015,Q2,2015-08-10,2015-06-30,15997000.0,72803000.0,10486000.0,0.68,19286000.0,0.2649066659,386179000.0,130215000.0,86829000.0,56601000.0,251460000.0,890000.0,-13136000.0,326984497.90000004,415401497.90000004,5.595129927411767,1.5340541686542641,0.40917294829599743,1.213485389548055,0.03227152745551618,5.595129927411767,0.12285067004569367,4.491360217298738,5.110090921735326,2.511112374918404,0.0,60.1314606741573,0.0,0.1885213851607674,1.3899754421299977,0.041423795700957326,30.505130879746247,0.2649066659340961,4.230769230769231,2.1333071134656754,0.25045396150160776,0.4800501810634033,0.44963920625375825,4.130532392559333,0.28520652040691263,2.880507494921369,0.048584748152836185,0.1651578689186001,Entertainment,Communication Services,RDIB
2015Q1,2015,Q1,2015-05-07,2015-03-31,3118000.0,60585000.0,8159000.0,0.13,13304000.0,0.2195923083,371164000.0,119522000.0,68018000.0,77606000.0,247144000.0,852000.0,-29133000.0,282628398.72,401308398.72,5.142397319527226,0.8764528515836404,0.42685174208705584,1.3255467612657084,0.015224135733534898,5.142397319527226,0.026087247536018474,4.66498966278782,22.661032610647855,2.36465586854303,0.0,55.494131455399064,0.0,0.16322973133170243,0.629422982759065,0.00840059919604272,-150.17449453772585,0.2195923083271437,-0.821917808219178,13.040142652520391,0.018053348155909,0.05783561993068513,0.01743652493117161,-0.818931475029036,0.6586704614759097,6.836522363035925,-0.05511551266250312,-0.08580490136320339,Entertainment,Communication Services,RDIB
2014Q4,2014,Q4,2015-03-17,2014-12-31,17220000.0,61742000.0,4919000.0,0.73,13076000.0,0.2117845227,401586000.0,127686000.0,83931000.0,92750000.0,269288000.0,1010000.0,-32251000.0,302152071.0,423105071.0,5.4936509106369815,0.9049164420485175,0.42631217223707996,1.3407969550303087,0.11055648706946052,5.4936509106369815,0.1348620835487054,4.893784959994817,4.386644468641115,2.3663680513133785,0.0,48.18415841584159,0.0,0.15374539949101812,0.6646900269541779,0.042879980875827346,41.481613261943984,0.21178452269119885,3.294117647058823,6.854657944485033,0.014859435868070403,0.1458147697492795,-0.09508650519031142,3.3716679360243718,-0.20314271828932448,9.062305379517582,0.04203109740742829,0.008183537669412556,Entertainment,Communication Services,RDIB
2014Q3,2014,Q3,2014-11-12,2014-09-30,3939000.0,65031000.0,6173000.0,0.17,14450000.0,0.2222017192,377714000.0,120385000.0,66801000.0,75405000.0,252533000.0,780000.0,-49470000.0,235210123.68,361506123.68,5.148898699818073,0.8858961607320469,0.44195343566825696,1.386651160858911,0.015487623387074649,5.148898699818073,0.032720023258711636,3.616892307976196,14.928289139375476,1.9538158714125513,0.0,64.8474358974359,0.0,0.1721699486913379,0.6510443604535509,0.01042852528632775,281.68877087425153,0.22220171918008336,-0.15,0.2111184834270407,0.12087748585119319,0.044860692320214716,-0.18499717992103779,-0.17230510611473,-0.2736792563831039,25.13975477645924,-0.04973925946809264,-0.022629709041242493,Entertainment,Communication Services,RDIB
2014Q2,2014,Q2,2014-08-12,2014-06-30,4759000.0,69922000.0,8499000.0,0.2,17730000.0,0.2535682618,401814000.0,131009000.0,72045000.0,81624000.0,266169000.0,838000.0,-53410000.0,217583363.51999998,349300363.52,5.581554629696535,0.8826448103498971,0.4339420727003041,1.330931462723935,0.019245447618426528,5.581554629696535,0.03632574861269073,3.111801200194502,11.430098945156544,1.6608276035997525,0.0,62.28162291169451,0.0,0.17401583817388144,0.6542193472508085,0.011843788419517488,31.092221137467845,0.2535682617774091,9.333333333333334,-0.5355915161270446,0.239995404812417,0.3736526965239888,0.570694542877392,9.437943262411348,1.4967685076380728,-0.7349294452889475,0.01174572208113119,-0.0807970920389177,Entertainment,Communication Services,RDIB
2014Q1,2014,Q1,2014-05-12,2014-03-31,-564000.0,58053000.0,3404000.0,-0.024,11288000.0,0.194443009,387395000.0,124704000.0,49752000.0,141163000.0,258156000.0,753000.0,-58167000.0,213294312.04,355871312.03999996,5.308685023854047,0.35244362899626674,0.45475806347526426,1.4127133051064922,-0.006060883259668295,5.308685023854047,-0.004522709776751347,3.674130743286307,-94.54535108156028,1.710404734731845,0.0,62.10491367861886,0.0,0.14985479936498922,0.2949143897480218,-0.001455878367041392,-126.35918959715639,0.19444300897455774,-1.1714285714285713,0.8600961961083444,0.20961009949555487,0.9274742982374984,-0.16329404788377436,-1.177302734988997,-0.4900374531835206,0.794400042641327,0.03695579364890799,0.07248906363346305,Entertainment,Communication Services,RDIB
2013Q4,2013,Q4,2014-03-07,2013-12-31,3181000.0,63540000.0,6675000.0,0.14,13491000.0,0.2123229462,386807000.0,117140000.0,55117000.0,126911000.0,265060000.0,941000.0,-57952000.0,211415067.0,349876067.0,4.986683375787971,0.4342964754828187,0.45541316470487864,1.503815946730408,0.013580674884782307,4.986683375787971,0.027155540379033637,3.3272752124645892,16.615456381640996,1.8048067867508963,0.0,53.18703506907545,0.0,0.1642679682632424,0.3690617834545469,0.008223739487651465,138.99741420118343,0.2123229461756374,0.4000000000000001,1.188589488272957,0.3936199085218418,0.7098256125419196,-0.037319823034108746,0.3292937735060593,0.14572605561277033,4.601000937343775,0.13759315956382476,0.013051104618583153,Entertainment,Communication Services,RDIB
2013Q3,2013,Q3,2013-11-06,2013-09-30,2393000.0,65472000.0,5826000.0,0.1,14014000.0,0.2140456989,393011000.0,120525000.0,65233000.0,130970000.0,267885000.0,823000.0,-61133000.0,186831768.0,330919768.0,5.1543415785692295,0.49807589524318546,0.46292597408215036,1.5095208462974488,0.014022156446828946,5.1543415785692295,0.019854801908317777,2.8536132697947214,19.518571667363144,1.550149495955196,0.0,62.52490886998785,0.0,0.16659075700171241,0.34309383828357637,0.00608888809727972,-75.21407729468599,0.2140456989247312,-0.4444444444444444,2.116084953580345,0.11333159510486594,0.16710294405646467,-0.11399127521021686,-0.42128174123337364,-0.24980685037342262,0.879031894273544,0.052988887599743094,0.1329710896478593,Entertainment,Communication Services,RDIB
2013Q2,2013,Q2,2013-08-08,2013-06-30,4135000.0,69642000.0,7766000.0,0.18,15817000.0,0.2271186927,386964000.0,112099000.0,70643000.0,134327000.0,270230000.0,810000.0,-63525000.0,152203251.64,292145251.64,4.802035910039116,0.525903206354642,0.471113591962043,1.6262767732093952,0.018356025212394964,4.802035910039116,0.03688703735091303,2.185509486229574,9.20213129625151,1.357757443331341,0.0,66.45061728395062,0.0,0.17997022978881758,0.379432280926396,0.010685748545084297,19.027784928116013,0.22711869274288504,5.109589041095891,2.6905738630641913,0.24748184615949953,-0.16233526192064174,0.4560434502439473,5.057899901864573,2.064719810576164,1.292051262611629,0.1925158779053195,0.2702572076666824,Entertainment,Communication Services,RDIB
2013Q1,2013,Q1,2013-05-09,2013-03-31,-1019000.0,59567000.0,2534000.0,-0.0438,10863000.0,0.1823660752,427367000.0,127420000.0,68531000.0,84621000.0,297664000.0,848000.0,-67661000.0,172146274.0,330445274.0,5.477365138905069,0.8098580730551518,0.4892212080015537,1.6408491602574165,0.0576916597591029,5.477365138905069,-0.007997174697849632,2.8899604478990044,-42.23412021589794,1.3510145503060744,0.0,57.43396226415094,0.0,0.13938137479028564,0.698550005317829,-0.0023843675342270225,-88.9644826873385,0.1823660751758524,0.5290322580645161,-3.3563796471935565,0.44874138131849783,-0.030429585929083465,-0.18884408602150538,0.5288950531668978,-0.434375,-5.5844359466762645,6.324950175914686e-05,0.12674139847153248,Entertainment,Communication Services,RDIB
2012Q4,2012,Q4,2013-03-19,2012-12-31,-2163000.0,65117000.0,4480000.0,-0.093,13392000.0,0.2056605802,428588000.0,126856000.0,65718000.0,87133000.0,297634000.0,918000.0,-66993000.0,139578060.0,305577060.0,5.453120640880092,0.7542262977287595,0.4772182142290498,1.6123005612663177,-0.02984107177384361,5.453120640880092,-0.017050829286750332,2.1434964755747345,-16.13246185852982,1.1002874124992117,0.0,56.34531590413943,0.0,0.15193379189338013,0.6323666119610251,-0.0050468048568788676,14.29517206063089,0.20566058018643366,-5.65,0.461377155191869,1.2028298368911081,0.009923002111438999,0.10595424890577257,-6.958677685950414,0.07770026461390425,0.2652472593693434,0.06938946221463933,0.13736134188049243,Entertainment,Communication Services,RDIB
2012Q3,2012,Q3,2012-08-23,2012-08-22,363000.0,63934000.0,4157000.0,0.02,12109000.0,0.1893984421,430157000.0,129356000.0,60787000.0,68782000.0,296062000.0,796000.0,-65718000.0,155688816.808,327465816.80799997,5.606660169281643,0.8837631938588584,0.47032130129231886,1.5639939392065307,0.01735424024580651,5.606660169281643,0.0028062092210643496,2.4351490100416053,107.22370303581268,1.2035685767030522,0.0,65.10678391959799,0.0,0.1486294538970655,0.5433543659678404,0.0008438779329407635,19.5172140915131,0.18939844214346044,3.631578947368421,-0.593318178563934,0.9139395045564072,0.02115699608954342,-0.13716688043323358,3.0742857142857143,-0.27082967900368354,-0.8868946985136179,0.11672252354210588,0.1377537542711372,Entertainment,Communication Services,RDIB
2012Q2,2012,Q2,2012-05-09,2012-05-07,-175000.0,63144000.0,5701000.0,-0.0076,14034000.0,0.2222538959,427057000.0,125208000.0,50142000.0,67937000.0,297227000.0,758000.0,-66082000.0,155312160.75,328256160.75,5.441647298696796,0.7380661495208797,0.4768028623813683,1.6262698869081849,-0.03611922067126885,5.441647298696796,-0.0013976742700146955,2.4596503349486887,-221.87451535714285,1.240433205146636,0.0,64.78891820580475,0.0,0.14785848259131684,0.5518200685929612,-0.00040978136408020474,40.01859333934553,0.22225389585708855,0.6695652173913044,-1.104672847631771,1.0476291057654112,0.005162138925420966,0.03771073646850044,0.6647509578544061,0.16180965966985938,-1.0174207461227025,0.14230633792746192,0.33922069769184365,Entertainment,Communication Services,RDIB
2012Q1,2012,Q1,2012-03-15,2012-03-31,-522000.0,62652000.0,4907000.0,-0.023,13524000.0,0.2158590308,431524000.0,127749000.0,48357000.0,75738000.0,299650000.0,769000.0,-66318000.0,136264278.0,314629278.0,5.625054572262878,0.6384773825556523,0.48076584384646043,1.6239814010285796,-0.006927759250365719,5.625054572262878,-0.004086137660568772,2.1749389963608503,-65.26066954022988,1.0666563182490667,0.0,63.88556566970091,0.0,0.1451877531724771,0.4691568301249043,-0.0012096662062828487,-31.404535146347083,0.21585903083700442,0.7497279651795429,0.7755162601126594,1.2170962603318283,0.16663744949392656,0.23113336367774237,0.7498802108289411,0.9834276475343573,0.8660682392231129,0.35026289188846543,1.0423415715006468,Entertainment,Communication Services,RDIB
2011Q4,2011,Q4,2011-12-31,2011-12-31,-2087000.0,57896000.0,2474000.0,-0.0919,10985000.0,0.1897367694,430764000.0,123752000.0,52472000.0,77963000.0,305777000.0,1035000.0,-66079000.0,96747637.38,274764637.38,5.449058336477591,0.6730372099585701,0.4866098374051685,1.69382313013123,0.012490480771594061,5.449058336477591,-0.01686437390910854,1.6710590952742848,-11.589319283660757,0.7817864550067878,0.0,45.32463768115942,0.0,0.1344030606085931,0.53158549568385,-0.004844880259260291,9.310714789721874,0.18973676937957717,-12.318840579710145,-1.168520090717018,1.1084092042253293,0.13794583419492779,-0.2933419105821808,-12.125786163522013,-0.6503180212014135,0.8720209392104853,0.31343428174300497,0.8683639617428556,Entertainment,Communication Services,RDIB
2011Q3,2011,Q3,2011-11-03,2011-09-30,-159000.0,66684000.0,7075000.0,-0.0069,15545000.0,0.2331143903,418483000.0,120021000.0,46003000.0,101613000.0,297587000.0,805000.0,-61045000.0,152870803.14,332877803.14,5.268114600421534,0.4527275053388838,0.4940798073040004,1.722731855258663,0.017385863469680046,5.268114600421534,-0.001324768165571025,2.2924660059384556,-240.36289801886792,1.273700461919164,0.0,63.52670807453416,0.0,0.15934697466802714,0.3360987275250214,-0.00037994374920845053,102.32316140562249,0.23311439025853278,-1.009078947368421,-1.0256733883264322,1.6198104809290774,0.15893738406920732,-0.049060989784058234,-1.0091211564938045,-0.030689135498013425,0.9238879190181302,0.16383787484511683,0.19286468815780994,Entertainment,Communication Services,RDIB
2011Q2,2011,Q2,2011-08-05,2011-06-30,17432000.0,67102000.0,7299000.0,0.76,16347000.0,0.2436141993,459997000.0,138383000.0,63899000.0,91094000.0,321026000.0,917000.0,-61083000.0,136738308.0,328057308.0,6.072168159342735,0.7014622258326564,0.4990315154229267,1.6588236994428507,0.1624495526997343,6.072168159342735,0.12596923032453408,2.0377679949926977,1.9610243804497476,0.988114927411604,0.0,55.34896401308615,0.0,0.14587486440128958,0.5268843172986146,0.037895899321082525,17.1093978978979,0.24361419927871003,7.333333333333334,12.897714845018584,1.3602775992235887,0.44202863642079293,0.5875497717781878,7.57315233785822,2.775995861355406,8.300342527228219,0.2312205281929224,0.05922597124606223,Entertainment,Communication Services,RDIB
2011Q1,2011,Q1,2011-05-09,2011-03-31,-2652000.0,54123000.0,1933000.0,-0.12,10297000.0,0.1902518338,425923000.0,112410000.0,97829000.0,181262000.0,312562000.0,768000.0,-78515000.0,153290286.0,353198286.0,4.949873340310684,0.5397104743410092,0.532352091810022,2.0170892269371055,0.007497590973314176,4.949873340310684,-0.02359220709901254,2.832257746244665,-14.450441742081448,1.3636712570056044,-0.053167420814479636,57.065104166666664,0.000919823451826556,0.12707226423555432,0.189890876190266,-0.00622647755580234,-141.54227700831024,0.19025183378600594,-2.1914893617021276,0.16692827226972565,1.0628504220556954,0.2067883446356898,0.04241749341972059,-2.1053864168618266,0.3423611111111111,-10.613954006301574,0.3484102469409001,-0.12380302892806667,Entertainment,Communication Services,RDIB
2010Q4,2010,Q4,2011-03-16,2010-12-31,-854000.0,53998000.0,1440000.0,-0.0376,9878000.0,0.1829327012,430349000.0,111787000.0,104917000.0,162551000.0,317710000.0,989000.0,-76035000.0,210064466.0,404317466.0,4.92244009512775,0.6454405079021354,0.5317103095394669,2.046937479313337,0.01244994751778564,4.92244009512775,-0.007639528746634224,3.8902267861772657,-61.494281615925054,1.8791493286339198,-0.4426229508196721,44.61071789686552,0.0017994476038608073,0.12547490525131927,0.26467385620512945,-0.0019844358880815338,-69.76568116904683,0.18293270121115596,-1.7520000000000002,0.9441864824912474,1.0623002882563217,0.11171396113535324,-0.2757002493034169,-1.6876006441223832,-0.7412398921832885,0.7821582253587811,0.8711960263306342,-0.08835952732877611,Entertainment,Communication Services,RDIB
2010Q3,2010,Q3,2010-11-15,2010-09-30,1242000.0,60638000.0,5565000.0,0.05,13638000.0,0.2249084732,418581000.0,103746000.0,90015000.0,151863000.0,313754000.0,755000.0,-75505000.0,191556229.20000002,397132229.20000005,4.549402562576649,0.592738191659588,0.5501921969702399,2.21984462051549,0.009175345041235848,4.549402562576649,0.011971545890925915,3.159012981958508,38.558017149758456,1.8463962870857673,0.22302737520128824,62.25165562913907,0.0014460505991208976,0.14486562935250286,0.21950047081909352,0.002967167644971941,2059.7444,0.22490847323460536,1.0819672131147542,1.2672847510050946,1.4048855772814568,-0.02464685681234521,0.05385982536125493,1.089824256888696,1.505628095452499,0.4077809425031073,0.836566039943837,-0.17140434509372632,Entertainment,Communication Services,RDIB
2010Q2,2010,Q2,2010-08-06,2010-06-30,-13827000.0,57032000.0,2221000.0,-0.61,12941000.0,0.2269077009,388901000.0,86183000.0,85153000.0,140107000.0,301634000.0,762000.0,-76746000.0,182380272.0,374563272.0,3.7803650166724174,0.6077712034373729,0.5622973455969514,2.5373681584535235,0.06195182582211474,3.7803650166724174,-0.16043767332304515,3.1978586056950484,-3.297538728574528,2.116197765220519,-0.03203876473566211,57.86220472440945,0.0024289907847050477,0.14664914721227254,0.2546196835275896,-0.03555403560289122,40.385356953055805,0.22690770093982326,-65.21052631578947,-2.270097707923773,1.2132896360002778,-0.23609510648627804,0.028042580235144582,-64.71889400921658,-0.504019651630192,-9.34714139770615,0.8666015534185799,-0.3017041389309991,Entertainment,Communication Services,RDIB
2010Q1,2010,Q1,2010-05-10,2010-03-31,217000.0,58150000.0,4478000.0,0.0095,12588000.0,0.2164746346,405383000.0,110404000.0,41893000.0,52059000.0,293690000.0,811000.0,-63032000.0,224839474.20000002,424932474.20000005,4.861244244984095,0.8047215659155957,0.5598212061186582,2.0555595811745953,0.00360513455666494,4.861244244984095,0.001965508496068983,3.8665429785038694,259.0316523041475,2.0365156534183546,1.4193548387096775,56.18002466091245,0.001369866217201819,0.14344459437124893,0.7274630707466528,0.0005352962507061223,123.87849818181819,0.21647463456577817,1.073076923076923,1.0749096246605483,1.0123173760826074,0.06659574120937511,-0.085041430440471,1.0755045233124565,0.30401863715783345,1.0933184512733711,1.057750575759316,0.008223034012946037,Entertainment,Communication Services,RDIB
2009Q4,2009,Q4,2010-03-12,2009-12-31,-2874000.0,59447000.0,3434000.0,-0.13,13758000.0,0.2314330412,406417000.0,108889000.0,41449000.0,57678000.0,296154000.0,860000.0,-63385000.0,153299641.5,355534641.5,4.794536652585714,0.718627552966469,0.558522404328559,2.0846274646658522,0.012535530467153945,4.794536652585714,-0.026393850618519777,2.5787616111830705,-13.335041884133611,1.4078524139261082,-0.15066109951287404,53.12674418604651,0.0028245336764208934,0.1462709483117094,0.6473178681646382,-0.007071554585561136,26.68865625,0.2314330411963598,-1.9285714285714286,0.5572521935943351,1.1753656263222871,0.03433581210717339,0.11077022444695624,-1.914412981228126,-0.48974739970282316,-1.2320648698570742,1.1648593679218169,0.0012597909222704668,Entertainment,Communication Services,RDIB
2009Q3,2009,Q3,2009-11-06,2009-09-30,3143000.0,56067000.0,6730000.0,0.14,12386000.0,0.2209142633,402235000.0,111342000.0,33945000.0,36658000.0,289019000.0,733000.0,-59837000.0,162454577.23000002,370024577.23,4.927832712688658,0.925991598014076,0.5639066714731438,2.0371737529413876,0.01728906680331139,4.927832712688658,0.028228341506349806,2.8975079321169317,12.921935828030545,1.4590592699071332,0.07158765510658606,59.59208731241473,0.0013850025270845364,0.13938866582967668,0.7655354902067761,0.00781384016806096,47.71059536857563,0.22091426329213262,-0.6818181818181818,2.409015154811238,0.9340107485776649,0.0862098785785306,-0.020637305289792046,-0.6822042467138524,0.48205241136313587,-0.488283510687399,1.2210304686157483,0.08407845811043733,Entertainment,Communication Services,RDIB
2009Q2,2009,Q2,2009-08-07,2009-06-30,9890000.0,54422000.0,4541000.0,0.44,12647000.0,0.2323876374,379016000.0,92046000.0,33790000.0,43956000.0,285186000.0,700000.0,-62981000.0,158571350.0,362183350.0,4.063293905235719,0.7687232687232687,0.5931438250627942,2.4423766377680725,0.013445176888807708,4.063293905235719,0.10744627686156921,2.9137361728712654,4.008375884732052,1.7227402603046302,0.04580384226491405,59.67857142857143,0.0028567581722675627,0.14358760580028285,0.6691691691691691,0.02609388521856597,28.006243376898624,0.23238763735254125,3.5882352941176467,17.371436791011813,1.0989051532694625,-0.09894940422267699,0.2731024763438695,3.5529168817759422,1.7322503008423586,7.7908618883580525,0.9258142043676674,-0.03504217673408183,Entertainment,Communication Services,RDIB
2009Q1,2009,Q1,2009-05-14,2009-03-31,-3874000.0,46120000.0,1662000.0,-0.17,9934000.0,0.2153946227,361345000.0,62173000.0,49063000.0,36595000.0,297154000.0,645000.0,-72870000.0,95938382.25,318147382.25,2.754218320165598,1.3407022817324772,0.655107999280466,3.8074405288469273,0.006114518292054878,2.754218320165598,-0.062310005951136345,2.0801904217259324,-6.191170769876097,1.5430875500619239,-0.009292720702116675,56.10232558139535,0.00037524084892519646,0.12763425535153386,0.6600901762535866,-0.010721056054463185,-38.08590005954744,0.21539462272333043,0.7638888888888888,-1.7472620872425941,0.917132973990537,-0.44116162589994184,0.09950193691200886,0.760996976988093,1.1957597173144876,-0.2242662953660845,0.7684084296864033,-0.32851644095820176,Entertainment,Communication Services,RDIB
2008Q4,2008,Q4,2009-03-16,2008-12-31,-16209000.0,43814000.0,-8490000.0,-0.72,9035000.0,0.2062126261,370076000.0,65836000.0,66738000.0,34103000.0,302423000.0,797000.0,-71205000.0,88037574.3,296325574.3,2.9164865347726874,1.9569539336715245,0.6462510403268518,3.6326933592563337,-0.0288803524008825,2.9164865347726874,-0.2462026854608421,2.00934802346282,-1.3578501804553025,1.3372254435263382,0.0,43.637390213299874,0.0,0.11839189788043537,1.2269301820954168,-0.0437991115338471,-1.8237813701524692,0.2062126261012462,-5.545454545454545,-4.179418800538233,0.7119762719365873,-0.4112969333301181,-0.2777777777777778,-6.864628820960698,-3.623609394313968,-0.06572498131271491,0.6834279465591651,-0.3413228529933144,Entertainment,Communication Services,RDIB
2008Q3,2008,Q3,2008-11-07,2008-09-30,-2061000.0,56528000.0,3236000.0,-0.11,12510000.0,0.2213062553,392148000.0,99266000.0,62228000.0,26940000.0,290594000.0,695000.0,-54676000.0,177567541.6,393302541.6,4.416355562136138,2.309873793615442,0.6141915807297245,2.4263494046299843,0.013116127081198232,4.416355562136138,-0.020762395986541213,3.141231630342485,-21.539003105288693,1.7888052465093789,0.0,63.33525179856115,0.0,0.14414965778226588,1.3520415738678544,-0.005255668778114385,-63.57591894020766,0.22130625530710443,-0.09999999999999995,0.21591728853499,1.328175814003846,-0.03576166444427771,0.2930232558139535,0.12484076433121019,5.246719160104987,0.5500014847611862,1.2745404872730173,-0.0531709999907948,Entertainment,Communication Services,RDIB
2008Q2,2008,Q2,2008-08-07,2008-06-30,-2355000.0,53751000.0,-762000.0,-0.1,9675000.0,0.1799966512,436843000.0,128849000.0,41912000.0,29756000.0,305650000.0,816000.0,-52614000.0,207906283.75,440768283.75,5.732646596834763,1.4085226508939375,0.5942958912011866,2.0148701192869174,-0.002371413404888188,5.732646596834763,-0.018277208204953085,3.86795192182471,-22.070730759023355,1.6135653652725281,0.0,54.01470588235294,0.0,0.12304420581307243,1.3041739481113053,-0.005390952813711105,-57.14851120120946,0.17999665122509348,-2.8461538461538467,-2.6123758072281458,1.2411034218981511,0.22290008432084726,-0.05202821869488536,-9.420353982300885,-3.942084942084942,-1.2194128558020831,1.1157686915118061,0.1584058070565765,Entertainment,Communication Services,RDIB
2008Q1,2008,Q1,2008-05-19,2008-03-31,-226000.0,39726000.0,259000.0,-0.026,10206000.0,0.2569098324,439664000.0,126975000.0,43557000.0,125336000.0,309647000.0,769000.0,-52896000.0,229256573.3645,458769573.3645,5.64927008849967,0.34752186123699497,0.5912560500746025,2.047284898602087,0.002330853980962916,5.64927008849967,-0.0017798779287261273,5.770945309482454,-253.60240416426987,1.8055252873754675,0.0,38.387516254876466,0.0,0.09035536227664762,0.3224692027829195,-0.0005140288947923869,59.51624438330737,0.2569098323516085,0.8470588235294118,0.887191863247635,0.7554819724029478,0.3067079871262561,0.3325499412455934,0.9417525773195876,22.545454545454547,0.9211688594984877,0.3890986204332083,0.23949489342207939,Entertainment,Communication Services,RDIB
2007Q4,2007,Q4,2008-03-28,2007-12-31,-3880000.0,28561000.0,11000.0,-0.17,7659000.0,0.2681628795,346071000.0,121362000.0,35499000.0,29154000.0,221874000.0,654000.0,-52670000.0,236001727.5,392414727.5,5.39954098429216,1.2176373739452562,0.5120192099309101,1.4600533939783458,4.3517283634025985e-05,5.39954098429216,-0.03197046851568036,8.263076485417177,-15.206296875,1.9446097419291046,0.0,31.960244648318042,0.0,0.08252930756983394,1.0628387185291899,-0.011211572191833467,-9.322236036498657,0.2681628794509996,-14.492063492063492,0.07173649688433835,-0.19774289787221166,0.2910113466614693,-0.1760972461273666,-5.459770114942529,-0.9938956714761377,0.39603348186864196,0.05605664055112337,0.1648547114520057,Entertainment,Communication Services,RDIB
2007Q3,2007,Q3,2007-11-09,2007-09-30,870000.0,32559000.0,1802000.0,0.0126,9296000.0,0.2855124543,346809000.0,123470000.0,39055000.0,28911000.0,220886000.0,531000.0,-48709000.0,227128224.29999998,378116224.29999995,5.490497730272618,1.3508699111064992,0.5136429562093255,1.442747226046813,0.0021712313971623707,5.490497730272618,0.007046246051672471,6.975896811941398,65.26673112068966,1.839541785858913,0.0,43.80979284369115,0.0,0.09388164667006911,1.2558195842412923,0.00250858541733346,-75.03410118929632,0.2855124543137074,-0.772972972972973,1.528618355576889,0.800307068460986,0.30775836167985615,0.11409395973154363,-0.4675642594859241,0.8908709338929696,1.3918716684238621,0.12843345286912408,0.21023444192390447,Entertainment,Communication Services,RDIB
2007Q2,2007,Q2,2007-08-08,2007-06-30,1634000.0,30139000.0,953000.0,0.0555,8344000.0,0.2768505923,339022000.0,121743000.0,49908000.0,29538000.0,211987000.0,529000.0,-49579000.0,211386664.20000002,357999664.20000005,5.4137010219209465,1.6896201503148487,0.4985045218304417,1.3882030178326474,0.002419071116873918,5.4137010219209465,0.013421716238305282,7.0137252131789385,32.3419008873929,1.7363352652719255,0.0,41.20037807183365,0.0,0.08889983540891151,1.545906967296364,0.004819746211160338,-54.06308547314578,0.2768505922558811,1.555,2.099558038075643,0.6285542759430691,0.23300411270710866,0.06252387622564624,1.7098175499565595,-0.21239669421487603,3.7247051212689444,0.1709115935779244,0.20050841630644695,Entertainment,Communication Services,RDIB
2007Q1,2007,Q1,2007-05-10,2007-03-31,-2302000.0,27975000.0,1210000.0,-0.1,7853000.0,0.280714924,306649000.0,108403000.0,38335000.0,33171000.0,195871000.0,457000.0,-51213000.0,188855553.6,325266553.6,4.821596096287634,1.1556781526031774,0.47426862634477857,1.341604937132736,0.006086113349505358,4.821596096287634,-0.021235574661217862,6.750868761394102,-20.509942832319723,1.7421616892521423,0.0,44.030634573304155,0.0,0.09122808161774537,1.0496216574718882,-0.007506954204970504,60.4724795389049,0.2807149240393208,-1.1818181818181817,-1.607084578266903,0.6539918873251592,0.1302960800797945,-0.1446465526631086,-1.1877650897226755,-0.5020576131687243,-0.639074833859431,0.1675783139915455,-0.021685062767804804,Entertainment,Communication Services,RDIB
