Year,Date,FillingDate,NetIncome,Revenue,OperatingIncome,EPSDiluted,GrossProfit,GrossProfitRatio,TotalAssets,CommonStockEquity,CurrentAssets,CurrentLiability,TotalLiability,Inventory,RetainedEarnings,EnterpriseValue,bookValuePerShare,currentRatio,debtToAssets,debtToEquity,roic,shareholdersEquityPerShare,roe,priceToSalesRatio,peRatio,pbRatio,payoutRatio,inventoryTurnover,dividendYield,assetTurnover,quickRatio,returnOnAssets,priceToFreeCashFlowsRatio,grossProfitMargin,epsdilutedGrowth,fiveYNetIncomeGrowthPerShare,fiveYRevenueGrowthPerShare,fiveYShareholdersEquityGrowthPerShare,grossProfitGrowth,netIncomeGrowth,operatingIncomeGrowth,threeYNetIncomeGrowthPerShare,threeYRevenueGrowthPerShare,threeYShareholdersEquityGrowthPerShare,Industry,Sector,Price,MarketCap,AvgVolume,Symbol
2022,2022-12-31,2023-02-23,19570000.0,573152000.0,-24324000.0,-0.48,238353000.0,0.4158635057,929318000.0,272177000.0,279608000.0,114007000.0,657141000.0,4547000.0,-48547000.0,959235168.1999999,10.765304596849177,2.452551159139351,0.5301048726055021,1.8099839442715586,-0.03540481443969286,10.765304596849177,0.07190174041157041,1.0123669954915973,29.649472059274398,2.131848643346058,0.0,73.63074554651419,0.0,0.6167447526035221,2.2747462875086617,0.0210584536186752,-19.88213295641447,0.4158635056669086,0.5596330275229359,0.6321197024321799,0.7515009395104779,0.7668595639040953,0.09074559657335841,1.7152254952123382,-9.873491282968262,6.026750636080747,1.2066399159756978,-0.0975916958121941,Software—Infrastructure,Technology,13.56,346636992,407232,BAND
2021,2021-12-31,2022-02-25,-27362000.0,490907000.0,-2237000.0,-1.09,218523000.0,0.4451413404,1065539000.0,412595000.0,412885000.0,93498000.0,652944000.0,0.0,-76867000.0,1972276132.16,16.443999095130685,4.415976812338232,0.4722539484711493,1.219610029205395,-0.0021040193071654293,16.443999095130685,-0.06631684824101117,3.667749965186889,-65.80382034061837,4.3639019672075525,0.0,0.0,0.0,0.4607123718606264,4.203565851675972,-0.025679022541643243,-130.2274072153913,0.4451413404168203,0.40437158469945356,-1.656199429435607,0.7301790449071034,398.896510824243,0.3842747733765781,0.3778111285444664,0.8343576453165494,-2.1300671294505644,0.7803101500653753,1.8079019669192018,Software—Infrastructure,Technology,13.56,346636992,407232,BAND
2020,2020-12-31,2021-03-01,-43977000.0,343113000.0,-13505000.0,-1.83,157861000.0,0.4600845785,890608000.0,429923000.0,193599000.0,92189000.0,460685000.0,0.0,-49505000.0,3935055846.58,17.84462714527721,2.100022779290371,0.3423649911071987,0.709227001114153,-0.027060055884216828,17.84462714527721,-0.10229041014321169,10.790339761477997,-84.18732170407257,8.611555665968092,0.0,0.0,0.0,0.38525703788872323,1.8158999446788662,-0.049378626735892786,-367.5110032340679,0.4600845785499238,-19.3,-2.7001483661660983,0.4036316277192136,87.3232241560542,0.46663260091977515,-18.633119486768244,0.23670378115638954,-4.84882956771266,0.10032158951875912,1.9287559726980383,Software—Infrastructure,Technology,13.56,346636992,407232,BAND
2019,2019-12-31,2020-02-21,2494000.0,232594000.0,-17693000.0,0.1,107635000.0,0.4627591425,341416000.0,270090000.0,226949000.0,45738000.0,71326000.0,0.0,-5528000.0,1289861527.05,11.929527406707841,4.96193537102628,0.07247463504932398,0.09161390647561923,0.009069686526011062,11.929527406707841,0.009233959050686809,6.234561196978426,581.4440766038492,5.369030793624347,0.0,0.0,0.0,0.6812627410549008,4.70486247758975,0.0073048714764393,-53.684344996668145,0.4627591425402203,-0.8823529411764706,1.223299589160375,0.012540529257874546,58.04602627112388,0.12157177392464155,-0.8608491881939407,-3.6204087677725116,-0.9337149314280921,-0.09150700874309035,289.65954707555323,Software—Infrastructure,Technology,13.56,346636992,407232,BAND
2018,2018-12-31,2019-02-15,17923000.0,204113000.0,6752000.0,0.85,95968000.0,0.4701709347273324,150420000.0,108770000.0,91414000.0,32723000.0,41650000.0,0.0,-7848000.0,715591480.25,5.856329490439032,2.7935702716743576,0.0,0.0,0.1577466430797716,5.856329490439032,0.16477889123839293,3.7080072325133626,42.22800202254087,6.958283352486899,0.0,0.0,0.0,1.3569538625182822,2.526357607798796,0.11915303815981917,74.30320834969567,0.4701709347273324,1.2972972972972974,2.9561575036937473,0.08314404042062198,27.986310451022987,0.3022675152321116,2.001674761346508,-0.5380721078196621,2.9561575036937473,0.08314404042062198,27.986310451022987,Software—Infrastructure,Technology,13.56,346636992,407232,BAND
2017,2017-12-31,2018-02-26,5971000.0,162955000.0,14617000.0,0.37,73693000.0,0.45222914301494277,104494000.0,76711000.0,65252000.0,24518000.0,27783000.0,0.0,-25771000.0,253550909.52000004,6.092903373181455,2.661391630638714,0.0008804333263153865,0.0011993064879873812,0.08816737486919152,6.092903373181455,0.07783759825839841,1.7862962751679914,48.749942977725674,3.7945784766200417,0.0,0.0,0.0,1.5594675292361284,2.4003589199771596,0.05714203686336058,43.70659302102103,0.45222914301494277,-0.7873563218390806,1.961369762175538,0.2756558092558298,29.15724935071623,0.10125976956528236,-0.7329367564182843,-0.04113093676200472,1.961369762175538,0.2756558092558298,29.15724935071623,Software—Infrastructure,Technology,13.56,346636992,407232,BAND
2016,2016-12-31,2016-12-31,22358000.0,152135000.0,15244000.0,1.74,66917000.0,0.4398527623492293,69973000.0,-556000.0,28043000.0,30470000.0,70529000.0,0.0,-31742000.0,307058360.0,-0.04132732669876125,0.9203478831637676,0.6398896717305246,-80.53057553956835,0.6092434497188498,-0.04132732669876125,-40.21223021582734,1.7686354882177013,12.034679309419447,-483.9412949640288,1.3418015922712228,0.0,0.11149458641752137,2.174195761222186,0.7753856252051198,0.3195232446800909,-296.660815876516,0.4398527623492293,5.071680293535389,4.368776618494912,0.1145276177166915,-1.2045524801425302,0.14272784712853703,4.3370149253731345,0.9145943230344135,4.368776618494912,0.1145276177166915,-1.2045524801425302,Software—Infrastructure,Technology,13.56,346636992,407232,BAND
2015,2015-12-31,2015-12-31,-6700000.0,137801000.0,7962000.0,-0.427342,58559000.0,0.4249533747940871,63146000.0,2744000.0,32141000.0,59113000.0,60402000.0,0.0,-54520000.0,278708380.0,0.2020377688403717,0.5437213472501818,0.27083267348684004,6.232507288629738,0.3764279306898586,0.2020377688403717,-2.441690962099125,1.9711930972924725,-40.542146268656715,98.99139212827987,0.0,0.0,0.0,2.182260158996611,0.3866154652952819,-0.10610331612453679,-30.482816743350913,0.4249533747940871,0.0,0.0,0.0,0.0,0.0,0.0,0.0,0.0,0.0,0.0,Software—Infrastructure,Technology,13.56,346636992,407232,BAND
TTM,,,,,,,,,,,,,,,,688677992.0,11.37236166663497,2.210295820612696,0.49625836989416133,1.4765919511832735,-0.04383798331731968,11.37236166663497,0.12292768290846201,0.5980294255665664,11.504617740290048,1.192364470766286,0.0,93.41002465078061,0.0,0.6731125206416745,1.9658490367407095,0.03483246276369666,-12.621504223711039,0.411626687277445,,,,,,,,,,,Software—Infrastructure,Technology,13.56,346636992,407232,BAND
