Year,Date,FillingDate,NetIncome,Revenue,OperatingIncome,EPSDiluted,GrossProfit,GrossProfitRatio,TotalAssets,CommonStockEquity,CurrentAssets,CurrentLiability,TotalLiability,Inventory,RetainedEarnings,EnterpriseValue,bookValuePerShare,currentRatio,debtToAssets,debtToEquity,roic,shareholdersEquityPerShare,roe,priceToSalesRatio,peRatio,pbRatio,payoutRatio,inventoryTurnover,dividendYield,assetTurnover,quickRatio,returnOnAssets,priceToFreeCashFlowsRatio,grossProfitMargin,epsdilutedGrowth,fiveYNetIncomeGrowthPerShare,fiveYRevenueGrowthPerShare,fiveYShareholdersEquityGrowthPerShare,grossProfitGrowth,netIncomeGrowth,operatingIncomeGrowth,threeYNetIncomeGrowthPerShare,threeYRevenueGrowthPerShare,threeYShareholdersEquityGrowthPerShare,Industry,Sector,Price,MarketCap,AvgVolume,Symbol
2023,2023-01-31,2023-04-24,5309085.0,7496319.0,5115712.0,0.41,7163968.0,0.9556647736,14117298.0,11438217.0,14117295.0,380960.0,2679081.0,0.0,11438214.0,288187330.3,0.8718146556290735,37.057158231835366,0.0,0.0,0.4635374349030117,0.8718146556290735,0.46415319800280064,40.306960029315725,56.912599873612876,26.4161652379912,8.97059248439232,0.0,0.15762050063278646,0.5310023915341306,36.72317828643427,0.37606948581803684,21.793162558559143,0.9556647736042183,-0.9217557251908397,-0.8414988765528286,-0.7825580137276167,0.08858535506452866,-0.8985923439029252,-0.922794626888722,-0.9242299318541984,-0.8233587700617173,-0.7635816722914025,-0.03320086514963165,Steel,Basic Materials,19.1652,251447424,36914,MSB
2022,2022-01-31,2022-04-27,68765745.0,70936425.0,67516265.0,5.24,70645238.0,0.995895099,53913213.0,30794752.0,53913210.0,23118461.0,23118461.0,0.0,30794749.0,319370357.8,2.347159186616474,2.33204147975075,0.0,0.0,2.219586018276805,2.347159186616474,2.2330345443275528,5.175026508595549,5.338382937609416,11.920793510530624,0.545667454049978,0.0,0.10221586956711157,1.3157521329697044,2.326740737629551,1.2754896466660224,5.841494775062246,0.9958950990270513,1.943820224719101,6.153328183422808,5.610169420452563,2.0174742513159365,1.7488729639361689,1.9377470106243486,1.8384595124028666,0.5093763819978311,0.5082013057378257,0.8324001177696225,Steel,Basic Materials,19.1652,251447424,36914,MSB
2021,2021-01-31,2021-04-27,23407647.0,25915078.0,23786235.0,1.78,25699710.0,0.9916894713,22928926.0,16477049.0,22928923.0,6451877.0,6451877.0,0.0,16477046.0,317204910.3,1.2558716799758536,3.5538375886583085,0.0,0.0,1.4202496961363742,1.2558716799758536,1.4206213139258128,12.722549061978514,14.085390611879953,20.01000611820721,0.9360367148393856,0.0,0.0664544378378765,1.1302351448995038,3.539177513768474,1.020878474639414,15.8452262357303,0.9916894712800015,-0.22270742358078602,1.7349084998774953,1.6676925645666638,0.8329895306205791,-0.18248585000640977,-0.22119243597698038,-0.2094537115226517,-0.30117179386752874,-0.24829425819208864,0.5681355088892469,Steel,Basic Materials,19.1652,251447424,36914,MSB
2020,2020-01-31,2020-04-13,30055752.0,31707859.0,30088352.0,2.29,31436410.0,0.9914390625,23647374.0,11831017.0,23647371.0,9304637.0,11816357.0,0.0,11831014.0,257601749.1,0.9017536571999564,2.541460886652537,0.0,0.0,2.540416993769765,0.9017536571999564,2.540419982491784,8.445206095435204,8.909422865213953,22.633675879258732,1.4667153894535727,0.0,0.16462518522723085,1.340861737967184,2.534189888332022,1.270997447750435,7.741696445435157,0.9914390624734392,-0.34043778801843316,0.213498726251873,0.21620969868259216,6.343317441765919,-0.3278439739152298,-0.3402901079311497,-0.3426172628898262,2.126537171313514,1.954678360938285,0.1592815933176248,Steel,Basic Materials,19.1652,251447424,36914,MSB
2019,2019-01-31,2019-04-12,45559044.0,47033791.0,45769915.0,3.472,46769513.0,0.9943811035772132,35454014.0,16805692.0,35454011.0,18648322.0,18648322.0,0.0,16805689.0,359131264.40000004,1.2809206700299771,1.9011904127352584,0.0,0.0,2.723476962448199,1.2809206700299771,2.7109293684544498,7.654349495238435,7.902120913687302,21.42209165799302,0.8034590892644718,0.0,0.10167638511741783,1.3266139907317687,1.898269399252115,1.285017939012491,7.91295542899585,0.9943811035772132,0.35996866431649044,1.1636786995087314,1.1337687116727793,16.077271854298917,0.3648354665979524,0.3601514492947679,0.365665511940674,4.323038948848331,3.841648345958383,0.8695494254361945,Steel,Basic Materials,19.1652,251447424,36914,MSB
2018,2018-01-31,2018-04-13,33495567.0,34475030.0,33514733.0,2.553,34267510.0,0.9939805708653481,26123020.0,10507414.0,26123017.0,15615606.0,15615606.0,0.0,10507411.0,325061413.0,0.8008693590934763,1.6728788495303992,0.0,0.0,3.1896271527894493,0.8008693590934763,3.1878031074058755,9.438026536887712,9.714009259792498,30.96634890373597,0.5836239464165511,0.0,0.060080645468626834,1.3197183939682318,1.669379785837322,1.2822241456003172,11.026012411099675,0.9939805708653481,2.482946793997271,0.0926718112114287,0.09231344371957707,7.887829304912348,2.250379246371324,2.4843625040465565,2.4281202407794185,0.3523809981392005,0.32234932192594046,5.521778854180956,Steel,Basic Materials,19.1652,251447424,36914,MSB
2017,2017-01-31,2017-04-14,9613112.0,10731408.0,9776417.0,0.733,10542619.0,0.9824078070650188,14249882.0,10205473.0,14249879.0,1944994.0,4044409.0,0.0,10205470.0,166048969.0,0.7778555809027584,7.326438539142023,0.0,0.0,0.957958244561521,0.7778555809027584,0.9419565364584277,16.74935264785385,18.69780951267394,17.61252388791779,0.7506420397473784,0.0,0.04014598818319176,0.753087499250871,7.298876500390232,0.6746099371208828,14.284283358565087,0.9824078070650188,0.12423312883435576,-0.7107736565618443,-0.6858333163047862,8.893712233800706,0.10670488153956263,0.12317917811535464,0.1281030019345172,-0.5434564941619104,-0.5131512443342073,9.37039336569464,Steel,Basic Materials,19.1652,251447424,36914,MSB
2016,2016-01-31,2016-04-14,8558841.0,9714417.0,8666245.0,0.652,9526134.0,0.9806181884100713,9816961.0,8989167.0,9360900.0,827794.0,827794.0,0.0,8989164.0,54878478.8,0.6851494015629561,11.308248187350959,0.0,0.0,0.9640765379039015,0.6851494015629561,0.9521283785249512,5.915501033155155,6.714185226714692,6.392766293028042,1.042384827571864,0.0,0.15525112763114993,0.9895544048713242,11.241891098510015,0.8718422126766114,6.98992275227512,0.9806181884100713,-0.6546610169491525,-0.7363524673511793,-0.7086421154949583,8.100143246895895,-0.631450759016601,-0.6544374384080522,-0.6540321441600033,-0.7207987463731951,-0.6922065539319906,6.603600837404048,Steel,Basic Materials,19.1652,251447424,36914,MSB
2015,2015-01-31,2015-04-15,24767848.0,26071046.0,25049278.0,1.888,25847656.0,0.9914314907042855,10097620.0,1611127.0,9841858.0,8486493.0,8486493.0,0.0,1611124.0,215371827.79999998,0.12279922042742346,1.1597084920708707,0.0,0.0,15.547674391900825,0.12279922042742346,15.37299542494167,8.595350213412994,9.047607640356965,139.08883086187492,0.9376033799949031,0.0,0.10362997791954545,2.581900091308645,1.1532326722004014,2.4528401742192716,9.232781057901697,0.9914314907042855,0.17632398753894077,0.993602852363498,0.9688640457634154,0.4285130360380731,0.18408529338980442,0.17626842982635735,0.18324579581359823,-0.2548184072054881,-0.23675867488354094,0.5619096645600484,Steel,Basic Materials,19.1652,251447424,36914,MSB
2014,2014-01-31,2014-04-15,21056289.0,22042591.0,21169970.0,1.605,21829218.0,0.9903199673758861,8553797.0,984097.0,8043221.0,7569700.0,7569700.0,0.0,984094.0,255861037.9,0.07500733612245722,1.0625547908107322,0.0,0.0,21.512076553429186,0.07500733612245722,21.39655846933788,11.957804819769146,12.51792283531063,267.8404678603837,0.9595620576826239,0.0,0.07665505454114846,2.5769364178270773,1.0552955863508462,2.4616306653057114,12.39268696486862,0.9903199673758861,-0.3129280821917808,-0.39266167932682594,-0.3785410993595694,-0.7404933410404136,-0.3028672535374207,-0.3131146745770482,-0.31187180787459656,-0.35137962703238634,-0.3388915996945702,-0.0037537773143485205,Steel,Basic Materials,19.1652,251447424,36914,MSB
2013,2013-01-31,2013-04-10,30654737.0,31561481.0,30764573.0,2.336,31312857.0,0.9921225496357411,7645960.0,1182225.0,7440902.0,6463735.0,6463735.0,0.0,1182222.0,316943185.70000005,0.09010854412458527,1.1511768350651752,0.0,0.0,26.02260398824251,0.09010854412458527,25.929697815559646,10.25524267064654,10.55858501412033,273.78091877603674,1.110641595130958,0.0,0.10518848819663447,4.127863734573553,1.1424244651118896,4.009272478537685,10.546292654979803,0.9921225496357411,-0.07777339123568894,0.6813367550882058,0.6728838204371757,-0.2878265615436885,-0.08330235503929555,-0.07770163381344808,-0.07439703644083105,1.4674477621815534,1.3834972011458677,0.048225139315591456,Steel,Basic Materials,19.1652,251447424,36914,MSB
2012,2012-01-31,2012-04-13,33237332.0,34158326.0,33237332.0,2.533,34158326.0,1.0,11169040.0,1031511.0,10695221.0,10137529.0,10137529.0,0.0,1031508.0,410374046.6,0.07862120531920326,1.0550126169799365,0.0,0.0,,0.07862120531920326,32.22198502972823,12.314055454591072,12.655273311347615,407.7780271853621,0.955263918295247,0.0,0.07548346802108886,3.0583045633286297,1.0497088590326105,2.9758450144327533,12.701972475787054,1.0,0.02384801940177838,0.938413683453098,0.9079678766471831,-0.09490934712203548,0.0244873780478606,0.023846636902086715,0.023846636902086715,-0.04131704306790474,-0.03695551381970306,-0.727990255747084,Steel,Basic Materials,19.1652,251447424,36914,MSB
2011,2011-01-31,2011-04-11,32463194.0,33341871.0,32463194.0,2.474,33341871.0,1.0,9645576.0,987805.0,9645573.0,8657771.0,8657771.0,0.0,987802.0,428596242.29999995,0.07528995785826383,1.1140942628304675,0.0,0.0,,0.07528995785826383,32.86397011555925,13.115338767281536,13.47032991578093,442.68851979894816,0.9638984691401592,0.0,0.07155715377178111,3.456700875095484,1.1082951951489592,3.365604500965002,14.404157732485015,1.0,1.6124604012671597,0.5656323401387914,0.5450476841039502,-0.8018456068542859,1.5179507960816723,1.613013296723623,1.613013296723623,0.7805261633710612,0.7672515601851344,-0.40494535018770816,Steel,Basic Materials,19.1652,251447424,36914,MSB
2010,2010-01-31,2010-04-15,12423662.0,13241669.0,12423662.0,0.947,13241669.0,1.0,11199575.0,1127835.0,11199572.0,10071740.0,10071740.0,0.0,1127832.0,179302646.1,0.08596296801603047,1.1119798565094015,0.0,0.0,,0.08596296801603047,11.015496061037297,14.178525614860181,15.112077509835668,166.46703028368512,0.7497955916701533,0.0,0.04961565285660759,1.1823367404566691,1.1089593257967343,1.1092976295975516,11.03364749456846,1.0,-0.6416950435111615,-0.04562481510590252,-0.02459414529711801,-0.7391544778325192,-0.6266703374669307,-0.6416573682242332,-0.6416573682242332,-0.27544736685254156,-0.26036542056555034,-0.01039066331951955,Steel,Basic Materials,19.1652,251447424,36914,MSB
2009,2009-01-31,2009-04-16,34669785.0,35469105.0,34669785.0,2.643,35469105.0,1.0,5346932.0,3792184.0,5346929.0,1554748.0,1554748.0,0.0,3792181.0,109384058.09,0.28903819433064454,3.4390968825816146,0.0,0.0,,0.28903819433064454,9.1424321710128,3.147476235726839,3.220042036314907,29.43901590481897,1.0917641687134778,0.0,0.33905276900140063,6.633543310444195,3.4195290812401753,6.48405197597426,3.388945096699601,1.0,0.9014388489208633,4.120077414514704,3.878484569941863,1.6921901167624005,0.0,0.9015522400830173,0.9015522400830173,0.6720516355124749,0.6436227750233285,-0.23928516335016844,Steel,Basic Materials,19.1652,251447424,36914,MSB
TTM,,,,,,,,,,,,,,,,238344567.0,0.949797751678543,67.77004719717466,0.0,0.0,-0.5977816831113921,0.949797751678543,-0.45256517723215395,-602.3515162549139,-41.75931454154663,20.178190531752723,-4.09635772950735,0.0,0.04382944086156158,-0.028586063503965788,67.24695213918758,-0.41233607420380364,-2577.8903424236214,0.67053465982182,,,,,,,,,,,Steel,Basic Materials,19.1652,251447424,36914,MSB
