Quarters,Year,Quarter,FillingDate,Date,NetIncome,Revenue,OperatingIncome,EPSDiluted,GrossProfit,GrossProfitRatio,TotalAssets,CommonStockEquity,CurrentAssets,CurrentLiability,TotalLiability,Inventory,RetainedEarnings,MarketCap,EnterpriseValue,bookValuePerShare,currentRatio,debtToAssets,debtToEquity,roic,shareholdersEquityPerShare,roe,priceToSalesRatio,peRatio,pbRatio,payoutRatio,inventoryTurnover,dividendYield,assetTurnover,quickRatio,returnOnAssets,priceToFreeCashFlowsRatio,grossProfitMargin,epsdilutedGrowth,fiveYNetIncomeGrowthPerShare,fiveYRevenueGrowthPerShare,fiveYShareholdersEquityGrowthPerShare,grossProfitGrowth,netIncomeGrowth,operatingIncomeGrowth,threeYNetIncomeGrowthPerShare,threeYRevenueGrowthPerShare,threeYShareholdersEquityGrowthPerShare,Industry,Sector,Symbol
2024Q1,2024,Q1,2023-06-29,2023-05-31,-38409000.0,93226000.0,-39629000.0,-0.52,39023000.0,0.4185849441,875707000.0,454178000.0,348474000.0,112736000.0,421529000.0,3933000.0,-992703000.0,881087127.76,893615127.76,6.206313709181228,3.0910623048538177,0.36016384475629404,0.6944369828569416,-0.04951574288407612,6.206313709181228,-0.0845681649045088,9.45108797717375,-5.734900204118826,1.9399599446912883,0.0,13.781591660310196,0.0,0.10645798195058392,2.9198215299460686,-0.04386056066698108,-38.876064585245324,0.41858494411430286,-0.2380952380952382,-0.14302927242991587,0.5339326113927539,0.0,-0.18663109406590658,-0.262083922058292,-0.2706897104562799,-0.7540379556093377,0.6557951150495384,2.0864886003291394,Health Information Services,Healthcare,ACCD
2023Q4,2023,Q4,2023-04-28,2023-02-28,-30433000.0,99025000.0,-31187000.0,-0.42,47977000.0,0.4844938147,903069000.0,473786000.0,365949000.0,119414000.0,429283000.0,4022000.0,-954294000.0,800754760.9599999,796467760.9599999,6.573501297312848,3.0645401711692095,0.3507993298407984,0.6686478705575936,-0.037736664676681644,6.573501297312848,-0.06423364134862575,8.086389911234535,-6.578013677258239,1.6901190853254422,0.0,12.6921929388364,0.0,0.10965385812158318,2.912372083675281,-0.03369952905038264,-161.0528481415929,0.48449381469325925,0.2500000000000001,-1.10442166726708,0.3560377919094354,1.9871739418891698,0.1836236246114373,0.236732544141252,0.22770046060125798,-8.209420121051695,0.4423123831556587,13.900202779313567,Health Information Services,Healthcare,ACCD
2023Q3,2023,Q3,2023-01-09,2022-11-30,-39872000.0,90946000.0,-40382000.0,-0.56,40534000.0,0.4456930486,913791000.0,485953000.0,366231000.0,116616000.0,427838000.0,-3702000.0,-923861000.0,628946339.33,621464339.33,6.82246595881463,3.140486725663717,0.34817042409041016,0.6547032326171461,-0.048146824469302955,6.82246595881463,-0.08204908705162844,6.915601998218723,-3.943533929386537,1.2942534346531456,0.0,-13.617504051863857,0.0,0.09952604041843266,2.9997770460314195,-0.04363360987359254,-95.25160371497805,0.44569304862225934,0.15151515151515146,-0.05957334207637297,0.49132569926553854,1.8953194523410852,0.07195937904953323,0.14296154590202695,0.12037117713688246,-0.05957334207637297,0.49132569926553854,1.8953194523410852,Health Information Services,Healthcare,ACCD
2023Q2,2023,Q2,2022-10-06,2022-08-31,-46523000.0,87643000.0,-45908000.0,-0.66,37813000.0,0.4314434695,931684000.0,506314000.0,374787000.0,112662000.0,425370000.0,0.0,-883989000.0,717443420.04,706204420.04,7.184227182280981,3.3266496245406616,0.34281365784965717,0.6308219800361041,-0.05344479350107608,7.184227182280981,-0.09188566778718345,8.185975149641157,-3.8553157580121655,1.416993051821597,0.0,0.0,0.0,0.09406944843959969,3.206413875130923,-0.04993431249221839,-155.12290163027026,0.431443469529797,0.8658536585365854,-0.521528983556584,0.4525590353637809,0.0,-0.0026376177036900273,0.8642940068023639,0.009151342484675818,-0.521528983556584,0.4525590353637809,0.0,Health Information Services,Healthcare,ACCD
2023Q1,2023,Q1,2022-07-01,2022-05-31,-342822000.0,85528000.0,-46332000.0,-4.92,37913000.0,0.4432817323,944454000.0,534507000.0,377567000.0,95479000.0,409947000.0,3179000.0,-837466000.0,447722055.96,432735055.96,7.664431301339725,3.9544507169115723,0.3394988003650787,0.5998817602014567,-0.05120227237753724,7.664431301339725,-0.6413798135478114,5.234800953605837,-0.3264974651276756,0.8376355332296864,0.0,14.97798049701164,0.0,0.0905581425882044,3.8134668356392507,-0.36298432745268694,-14.109036522232376,0.44328173229819473,-8.647058823529411,-9.705622982106977,0.476714212840162,0.0,-0.2442038953013177,-8.920766292394953,-0.25404644616467276,-9.705622982106977,0.476714212840162,0.0,Health Information Services,Healthcare,ACCD
2022Q4,2022,Q4,2022-05-02,2022-02-28,-34556000.0,93756000.0,-36946000.0,-0.51,50163000.0,0.5350377576,1285529000.0,855794000.0,409137000.0,111753000.0,429735000.0,3015000.0,-494644000.0,1210087370.88,1163975370.88,12.715756308414436,3.66108292394835,0.24872328823387105,0.37361911861966784,-0.03424526648260294,12.715756308414436,-0.040378876224885896,12.906772589274288,-8.754538798472046,1.4139937541978562,0.0,14.458706467661692,0.0,0.07293184362235314,3.5493812246651095,-0.02688076270546989,-405.38940397989955,0.5350377575835147,-2.645161290322581,-1.558997687970589,0.3749422011817908,2.9095855787251317,0.3099441165717867,-2.535617473225792,-2.390463287042264,-1.558997687970589,0.3749422011817908,2.9095855787251317,Health Information Services,Healthcare,ACCD
2022Q3,2022,Q3,2022-01-11,2021-11-30,22503000.0,83450000.0,26571000.0,0.31,38294000.0,0.4588855602,1263352000.0,788700000.0,407556000.0,184602000.0,474652000.0,0.0,-460088000.0,1679298747.7600002,1593575747.7600002,12.056180609320316,2.2077550622420126,0.2218376192858364,0.35534296944338783,0.021656910098859193,12.056180609320316,0.028531761125903384,20.12341219604554,18.65638745678354,2.1291983615569925,0.0,0.0,0.0,0.06605443296880047,2.122864324330181,0.017812137868147594,-74.93858484358964,0.45888556021569804,1.3195876288659794,1.6511097782211055,0.4899305837578148,2.582145383446853,0.3225806451612903,1.360833172984414,1.3569260114985762,1.6511097782211055,0.4899305837578148,2.582145383446853,Health Information Services,Healthcare,ACCD
2022Q2,2022,Q2,2021-10-07,2021-08-31,-62364000.0,73288000.0,-74444000.0,-0.97,28954000.0,0.3950714987446785,1269794000.0,733558000.0,417610000.0,249397000.0,536236000.0,0.0,-482591000.0,3051472085.7400002,2947318085.7400002,11.38990528617976,1.6744788429692419,0.22038929149137576,0.38149539641037244,-0.060912994392501876,11.38990528617976,-0.08501577244062501,41.63672205190482,-12.23250627661792,4.159823879965865,0.0,0.0,0.0,0.05771644849479522,1.6147868659206004,-0.04911347824922783,-248.93719087453093,0.3950714987446785,-0.15476190476190477,-1.231886031758922,0.329152954908382,0.0,0.22733245729303547,-0.28039090890426427,-0.5504321566177236,-1.231886031758922,0.329152954908382,0.0,Health Information Services,Healthcare,ACCD
2022Q1,2022,Q1,2021-07-08,2021-05-31,-48707000.0,59527000.0,-48015000.0,-0.84,23591000.0,0.39630755791489575,891492000.0,437109000.0,453457000.0,167487000.0,454383000.0,0.0,-420227000.0,2974235944.6499996,2928161944.6499996,7.502570362697267,2.707416097965812,0.31344532536466957,0.6392776172533624,-0.06703538708570284,7.502570362697267,-0.1114298721829109,49.964485773682526,-15.265957381125917,6.804334718914504,0.0,0.0,0.0,0.06677233222507886,2.6481338850179417,-0.054635375303423925,-105.04100104714814,0.39630755791489575,-9.355029585798817,-0.8206582417608097,0.2302572242492735,0.0,-0.253709151877511,-9.306178586542531,-9.089304475730195,-0.8206582417608097,0.2302572242492735,0.0,Health Information Services,Healthcare,ACCD
2021Q4,2021,Q4,2021-05-07,2021-02-28,-4726000.0,59232000.0,-4759000.0,-0.08112,31611000.0,0.5336811183144247,475510000.0,390848000.0,453981000.0,79075000.0,84662000.0,0.0,-371520000.0,2742938849.64,2309054849.64,6.70854322633371,5.741144483085678,0.0,0.0,-0.011970916623521542,6.70854322633371,-0.012091657114786311,46.3083949493517,-145.0983310220059,7.017917066583428,0.0,0.0,0.0,0.12456520367605307,5.636686689851407,-0.009938802548842296,276.92466932256434,0.5336811183144247,0.7465,0.595715105370659,0.0034347528336418098,2.007453830393388,1.013311254060251,0.7152154263332329,0.7113833464734065,0.595715105370659,0.0034347528336418098,2.007453830393388,Health Information Services,Healthcare,ACCD
2021Q3,2021,Q3,2021-01-07,2020-11-30,-16595000.0,38444000.0,-16489000.0,-0.32,15701000.0,0.4084122359796067,467495000.0,388287000.0,444513000.0,73439000.0,79208000.0,0.0,-366794000.0,2677458778.33,2258520778.33,7.528025579005106,6.052819346668664,0.0,0.0,-0.042540350838022635,7.528025579005106,-0.042739004911315596,69.64568666970138,-40.33532356628502,6.895566367995837,0.0,0.0,0.0,0.08223403458860523,5.932869456283446,-0.03549770585781666,-209.30728410959975,0.4084122359796067,0.3191489361702127,0.3909942610724774,-0.12944023032294416,1.9879107905106457,-0.0010180059807851371,-0.07963047296857718,-0.2780189117966207,0.3909942610724774,-0.12944023032294416,1.9879107905106457,Health Information Services,Healthcare,ACCD
2021Q2,2021,Q2,2020-10-14,2020-08-31,-15371000.0,36788000.0,-12902000.0,-0.47,15717000.0,0.42723170599108407,266877000.0,192104000.0,242837000.0,68935000.0,74773000.0,0.0,-350199000.0,1110109630.67,887998630.6700001,5.816196222082271,3.522695292667005,0.0,0.0,-0.06724027831176327,5.816196222082271,-0.08001395077666264,30.175862527726434,-18.0552604038449,5.778690868852289,0.0,0.0,0.0,0.13784627375157843,3.3782693842025098,-0.057595821295952816,-70.01637531819615,0.42723170599108407,-0.5707086235245364,-0.07264783631321074,0.30096393100788227,0.0,0.15100695715854998,-0.10107449856733525,-0.02194059405940594,-0.07264783631321074,0.30096393100788227,0.0,Health Information Services,Healthcare,ACCD
2021Q1,2021,Q1,2020-08-13,2020-05-31,-13960000.0,35894000.0,-12625000.0,-0.299228,13655000.0,0.38042569788822644,120482000.0,-266497000.0,96754000.0,75393000.0,386979000.0,0.0,-334828000.0,25659398.05,20501398.049999997,-5.712267673403196,1.2833286909925326,0.6019488388306967,-0.27213814789659924,0.06526403080698359,-5.712267673403196,0.052383328893008174,0.7148659399899705,-0.45951644072349573,-0.09628400338465348,0.0,0.0,0.0,0.2979200212479873,1.072871486742801,-0.11586793047924171,-2.8977298757763976,0.38042569788822644,-5.526237731733914,0.34834404878494357,-0.0735975740894359,0.0,-0.3929222424754368,-5.5264142122487145,-9.556020066889632,0.34834404878494357,-0.0735975740894359,0.0,Health Information Services,Healthcare,ACCD
2020Q4,2020,Q4,2020-02-29,2020-02-29,-2139000.0,44441000.0,-1196000.0,-0.04585,22493000.0,0.5061317252087036,124414000.0,-23773000.0,100101000.0,69958000.0,148187000.0,0.0,-320868000.0,25659398.05,13648398.049999997,-0.5095657339475272,1.4308728093999257,0.5812046875753533,-3.0416859462415347,-0.025598392150036137,-0.5095657339475272,0.0899760232196189,0.5773812031682456,-2.9989946294997667,-1.0793504416775335,0.0,0.0,0.0,0.3572025656276625,1.2223048114583035,-0.017192598903660358,-2.309576782178218,0.5061317252087036,0.9132128471486114,0.7714924892549305,-0.059816855387084526,0.9234760911299645,0.8567772824830774,0.883095589440892,0.9314220183486238,0.7714924892549305,-0.059816855387084526,0.9234760911299645,Health Information Services,Healthcare,ACCD
2020Q3,2020,Q3,2019-11-30,2019-11-30,-18297000.0,29652000.0,-17440000.0,-0.528304,12114000.0,0.4085390530149737,68877000.0,-263912000.0,46207000.0,72913000.0,332789000.0,0.0,-318729000.0,19048398.6,348398.6000000015,-7.6201471340483184,0.6337278674584779,0.3042234708248036,-0.07939767801388342,0.07182906283015081,-7.6201471340483184,0.0693299281578708,0.6423984419263457,-0.2602666912608625,-0.07217708402800935,0.0,0.0,0.0,0.4305065551635524,0.5491201843292691,-0.2656474585130014,-3.8203767749699162,0.4085390530149737,-0.21768873686782303,0.0,0.0,0.0,-0.059982928532629785,-0.21768933847996805,-0.22257273045916579,0.0,0.0,0.0,Health Information Services,Healthcare,ACCD
2020Q2,2020,Q2,2019-08-31,2019-08-31,-15026000.0,29651000.0,-14265000.0,-0.433858,12887000.0,0.4346227783211359,,,,,,,,19048398.6,,,0.0,0.0,0.0,0.0,,0.0,0.6424201072476476,-0.3169239751098097,0.0,0.0,0.0,0.0,0.0,0.0,0.0,-4.254723832923833,0.4346227783211359,0.05514613005792926,0.0,0.0,0.0,0.13762358757062146,0.05514682764258316,0.06782983728680651,0.0,0.0,0.0,Health Information Services,Healthcare,ACCD
2020Q1,2020,Q1,2019-05-31,2019-05-31,-15903000.0,28763000.0,-15303000.0,-0.45918,11328000.0,0.39383930744359075,,,,,,,,19048398.6,,,0.0,0.0,0.0,0.0,,0.0,0.6622535410075445,-0.2994466232786267,0.0,0.0,0.0,0.0,0.0,0.0,0.0,-1.1212195302843018,0.39383930744359075,-1.2885765550239234,0.0,0.0,0.0,-0.3514627583443064,-1.2885307238451575,-1.4891021470396877,0.0,0.0,0.0,Health Information Services,Healthcare,ACCD
2019Q4,2019,Q4,2019-02-28,2019-02-28,-6949000.0,35090000.0,-6148000.0,-0.20064,17467000.0,0.49777714448560845,65762000.0,-230621000.0,46885000.0,56665000.0,296383000.0,0.0,-269503000.0,19048398.6,-4452601.3999999985,-6.658908849166985,0.8274066884320127,0.29196192329916976,-0.08325347648306096,0.029311413946229242,-6.658908849166985,0.03013168792087451,0.5428440752351098,-0.6852927975248237,-0.08259611483776412,0.0,0.0,0.0,0.5335908275295763,0.7612635665754875,-0.10566892734405887,19.1441191959799,0.49777714448560845,0.0,0.0,0.0,0.0,0.0,0.0,0.0,0.0,0.0,0.0,Health Information Services,Healthcare,ACCD
