Year,Date,FillingDate,NetIncome,Revenue,OperatingIncome,EPSDiluted,GrossProfit,GrossProfitRatio,TotalAssets,CommonStockEquity,CurrentAssets,CurrentLiability,TotalLiability,Inventory,RetainedEarnings,EnterpriseValue,bookValuePerShare,currentRatio,debtToAssets,debtToEquity,roic,shareholdersEquityPerShare,roe,priceToSalesRatio,peRatio,pbRatio,payoutRatio,inventoryTurnover,dividendYield,assetTurnover,quickRatio,returnOnAssets,priceToFreeCashFlowsRatio,grossProfitMargin,epsdilutedGrowth,fiveYNetIncomeGrowthPerShare,fiveYRevenueGrowthPerShare,fiveYShareholdersEquityGrowthPerShare,grossProfitGrowth,netIncomeGrowth,operatingIncomeGrowth,threeYNetIncomeGrowthPerShare,threeYRevenueGrowthPerShare,threeYShareholdersEquityGrowthPerShare,Industry,Sector,Price,MarketCap,AvgVolume,Symbol
2022,2022-12-31,2023-02-28,59425000.0,255751000.0,128479000.0,7.23,255751000.0,1.0,6267337000.0,575897000.0,788770000.0,0.0,5691440000.0,0.0,240810000.0,482658239.43,70.04828479331269,0.0,0.04112193105301343,0.44751926125678726,0.09451861677711385,70.04828479331269,0.1031868545937902,1.8860189771691998,8.116975000925537,0.8375651191619335,0.0,0.0,0.0,0.040806964744356335,0.0,0.009481698526822476,7.237512220238274,1.0,0.12093023255813957,3.789670814630372,3.0298019923045834,1.4237072032483273,0.41535047427198973,-0.018660721657996863,0.2137492560437588,0.9606827454660573,1.3492459657844729,0.9142051350117789,Banks—Regional,Financial Services,39.095,438305774,466095,MCB
2021,2021-12-31,2022-03-10,60555000.0,180698000.0,105853000.0,6.45,180698000.0,1.0,7116358000.0,556989000.0,2981033000.0,37157000.0,6559369000.0,0.0,181385000.0,-1342160599.0,61.80731715436599,80.22803240304653,0.008034025269667434,0.10264655136815988,0.11652192837007169,61.80731715436599,0.10871848456612249,5.312822504953015,15.853627297498143,1.72358233466011,0.0,0.0,0.0,0.02539192097980456,80.22803240304653,0.008509268364520166,28.844913196322338,1.0,0.38412017167381973,9.36559562269163,2.5987282038439217,3.3652603889134087,0.27320255911614666,0.5343586884913597,0.3910820826872027,1.1537173627142714,0.9695554497718742,0.9137738720436185,Banks—Regional,Financial Services,39.095,438305774,466095,MCB
2020,2020-12-31,2021-03-08,39466000.0,141924000.0,76094000.0,4.66,141924000.0,1.0,4330821000.0,340787000.0,1170909000.0,62357000.0,3990034000.0,0.0,120830000.0,-504492770.16999996,41.45106647518333,18.77750693586927,0.014228480004137784,0.18081969089196478,0.12885265245162722,41.45106647518333,0.1158084081845845,2.1010627506975568,7.555648655298232,0.8750076435720846,0.0,0.0,0.0,0.032770691746437916,18.77750693586927,0.009112821795220813,3.57727881077774,1.0,0.30898876404494385,7.6955755005822155,3.2758682754979387,3.2203180227695176,0.3112094531545931,0.3096834140837592,-0.0017971691306686256,2.180970102990362,1.2362595569746966,0.4342285281454632,Banks—Regional,Financial Services,39.095,438305774,466095,MCB
2019,2019-12-31,2020-03-09,30134000.0,108239000.0,76231000.0,3.56,108239000.0,1.0,3357572000.0,299124000.0,650771000.0,24785000.0,3058448000.0,0.0,81364000.0,214590916.89,36.59392795061207,26.25664716562437,0.06301368965430972,0.7073086746633503,0.10208707123339285,36.59392795061207,0.1007408298899453,3.6423000664270733,13.082860452976703,1.317978219367219,0.0,0.0,0.0,0.03223728337024493,26.25664716562437,0.008974937841988198,11.554143105125876,1.0,0.16339869281045752,5.677856498098232,2.2798752493458827,2.725791078170668,0.29807876810898976,0.1792283008530954,0.0,4.686768280546849,1.376533647842237,1.5845163891938017,Banks—Regional,Financial Services,39.095,438305774,466095,MCB
2018,2018-12-31,2019-03-13,25554000.0,83384000.0,0.0,3.06,83384000.0,1.0,2182644000.0,264517000.0,19245000.0,19721000.0,1918127000.0,0.0,51415000.0,229268377.25,32.29603980765251,0.9758632929364637,0.09600512039526372,0.792179708676569,0.0,32.29603980765251,0.09660626727204678,3.030238142209537,9.887820977146436,0.9552254760563593,0.0,0.0,0.0,0.03820320675291069,14.438618731301657,0.011707818590663433,10.068272921979599,1.0,1.0264900662251655,4.651674000236872,1.5217044992308342,2.288203910167666,0.3178865515006875,1.0659713800630608,0.0,4.651674000236872,1.5217044992308342,2.288203910167666,Banks—Regional,Financial Services,39.095,438305774,466095,MCB
2017,2017-12-31,2018-03-28,12369000.0,63271000.0,0.0,1.51,63271000.0,1.0,1759855000.0,236884000.0,20601000.0,22427000.0,1522971000.0,0.0,25861000.0,150520651.0,28.901298267147045,0.9185802826949659,0.037893462813697716,0.28151753600918594,0.0,28.901298267147045,0.05221543033721146,5.453756871236427,27.897538281186836,1.4566819667010014,0.0,0.0,0.0,0.03595239380517145,14.000490480224729,0.007028419955053115,11.792244241678628,1.0,1.323076923076923,1.7336237748376482,0.9120626056854096,1.9425701273887102,0.46844755958873907,1.4673847995212448,0.0,1.7336237748376482,0.9120626056854096,1.9425701273887102,Banks—Regional,Financial Services,39.095,438305774,466095,MCB
2016,2016-12-31,2016-12-31,5013000.0,43087000.0,0.0,0.65,43087000.0,1.0,1220301000.0,109491000.0,15721000.0,11128000.0,1110810000.0,0.0,13492000.0,303852376.52,14.158907292527156,1.412742631200575,0.08115866495233554,0.9045309660154716,0.0,14.158907292527156,0.045784585034386385,6.678241152087637,57.399835731099145,2.6280276599903187,0.6822262118491921,0.0,0.011885508088302124,0.035308501754894896,12.21971603163192,0.004108002861589067,21.508848596202718,1.0,0.18181818181818177,0.17427969079409691,0.38010890454836627,0.44158152517379406,0.38010890454836643,0.17427969079409697,0.0,0.17427969079409691,0.38010890454836627,0.44158152517379406,Banks—Regional,Financial Services,39.095,438305774,466095,MCB
2015,2015-12-31,2015-12-31,4269000.0,31220000.0,0.0,0.55,31220000.0,1.0,964788000.0,75952000.0,3916000.0,5801000.0,888836000.0,0.0,12105000.0,338865376.52,9.82178742254635,0.6750560248233063,0.12102866121883771,1.53737887086581,0.0,9.82178742254635,0.05620655150621445,9.216700080717489,67.40346135394707,3.788516122287761,0.0,0.0,0.0,0.032359440623224996,20.17410791242889,0.004424806278685058,77.53850081379682,1.0,0.0,0.0,0.0,0.0,0.0,0.0,0.0,0.0,0.0,0.0,Banks—Regional,Financial Services,39.095,438305774,466095,MCB
TTM,,,,,,,,,,,,,,,,346491774.0,55.03917562064584,0.0,0.03291435696646995,0.3416572487978851,0.119473560835999,55.03917562064584,0.11191598439021555,1.5381578635223105,6.594220758704949,0.7103122377678746,0.00019853390348197923,0.0,0.0,0.04515939982079188,0.0,0.010377208683004168,5.791107655312739,1.0,,,,,,,,,,,Banks—Regional,Financial Services,39.095,438305774,466095,MCB
