Quarters,Year,Quarter,FillingDate,Date,NetIncome,Revenue,OperatingIncome,EPSDiluted,GrossProfit,GrossProfitRatio,TotalAssets,CommonStockEquity,CurrentAssets,CurrentLiability,TotalLiability,Inventory,RetainedEarnings,MarketCap,EnterpriseValue,bookValuePerShare,currentRatio,debtToAssets,debtToEquity,roic,shareholdersEquityPerShare,roe,priceToSalesRatio,peRatio,pbRatio,payoutRatio,inventoryTurnover,dividendYield,assetTurnover,quickRatio,returnOnAssets,priceToFreeCashFlowsRatio,grossProfitMargin,epsdilutedGrowth,fiveYNetIncomeGrowthPerShare,fiveYRevenueGrowthPerShare,fiveYShareholdersEquityGrowthPerShare,grossProfitGrowth,netIncomeGrowth,operatingIncomeGrowth,threeYNetIncomeGrowthPerShare,threeYRevenueGrowthPerShare,threeYShareholdersEquityGrowthPerShare,Industry,Sector,Symbol
2023Q3,2023,Q3,2023-04-25,2023-03-31,18299000000.0,52857000000.0,22352000000.0,2.45,36729000000.0,0.694874851,380088000000.0,194683000000.0,163889000000.0,85691000000.0,185405000000.0,2877000000.0,108234000000.0,2145240300000.0,2179200300000.0,26.163553285848675,1.9125579115659754,0.15923154637873335,0.310874601274893,0.06743469108841339,26.163553285848675,0.09399382586050144,40.585736988478345,29.308163014372372,11.019145482656421,0.27646319471009345,5.605839416058394,0.0023582439692187394,0.13906516385679105,1.6553313650208306,0.04814411399465387,120.28935179993272,0.6948748510131109,0.11363636363636363,1.549975431729606,1.0389497946882478,1.5417664684620338,0.04169148302561048,0.11409436834094368,0.09573998725427717,0.738740067699234,0.5419508407843346,0.7370619652144664,Software—Infrastructure,Technology,MSFT
2023Q2,2023,Q2,2023-01-24,2022-12-31,16425000000.0,52747000000.0,20399000000.0,2.2,35259000000.0,0.668455078,364552000000.0,183136000000.0,157823000000.0,81718000000.0,181416000000.0,2980000000.0,99368000000.0,1786898820000.0,1831366820000.0,24.578714266541404,1.9313125627156809,0.164898286115561,0.3282478595142408,0.0645390119006688,24.578714266541404,0.08968744539577145,33.87678578876524,27.197851141552512,9.757223156561244,0.30843226788432265,5.868456375838926,0.002835079380711662,0.1446899207794773,1.65619569739837,0.04505530075270469,364.74766687078994,0.6684550780139155,-0.0638297872340425,3.6969121139737835,0.8874233576511573,1.4183497574659805,0.016988751081626768,-0.06442241968557758,-0.052002974254112835,0.4421622762404824,0.46183442476467385,0.7011723058543083,Software—Infrastructure,Technology,MSFT
2023Q1,2023,Q1,2022-10-25,2022-09-30,17556000000.0,50122000000.0,21518000000.0,2.35,34670000000.0,0.6917122222,359784000000.0,173566000000.0,160812000000.0,87389000000.0,186218000000.0,4268000000.0,92374000000.0,1736735300000.0,1774133300000.0,23.27557999195387,1.8401858357459178,0.16755053031819092,0.3473145662168858,0.07132986718032719,23.27557999195387,0.10114884251523916,34.650159610550254,24.731363921166555,10.006195337796573,0.26321485532011846,3.6204311152764763,0.002660739376921745,0.1393113645965357,1.5851308517090252,0.048795944233206594,102.67427135678392,0.691712222177886,0.05381165919282516,1.7595694634640062,1.1113818937871558,1.001273557151722,-0.021616435263573767,0.04874551971326165,0.04792052206097205,0.6831532816618361,0.5523128164426683,0.6753168238897976,Software—Infrastructure,Technology,MSFT
2022Q4,2022,Q4,2022-07-28,2022-06-30,16740000000.0,51865000000.0,20534000000.0,2.23,35436000000.0,0.6832353225,364840000000.0,166542000000.0,169684000000.0,95082000000.0,198298000000.0,3742000000.0,84281000000.0,1919547420000.0,1966886420000.0,22.28284720363928,1.7846069708251824,0.16793662975550927,0.36789518559882795,0.07011422378454815,22.28284720363928,0.10051518535864827,37.010458305215465,28.66707616487455,11.525905897611413,0.27670250896057347,4.390432923570283,0.002413068805562511,0.14215820633702445,1.567257735428367,0.045883126850126084,108.09479783759433,0.6832353224718017,0.004504504504504408,1.6531219481951678,1.2960669452446372,1.3746742295781014,0.050111127574455475,0.0007173601147776184,0.008348065213121194,0.3001742153314322,0.5754969175541459,0.6669128832586604,Software—Infrastructure,Technology,MSFT
2022Q3,2022,Q3,2022-04-26,2022-03-31,16728000000.0,49360000000.0,20364000000.0,2.22,33745000000.0,0.6836507293,344607000000.0,162924000000.0,153922000000.0,77439000000.0,181683000000.0,3296000000.0,79633000000.0,2310166830000.0,2358951830000.0,21.74349392766582,1.987654799261354,0.17783446070451267,0.3761447055068621,0.07162454382505287,21.74349392766582,0.10267363924283715,46.80240741491086,34.52544879842181,14.179413898504825,0.2776781444285031,4.737560679611651,0.0020106772981412775,0.14323562783112356,1.7726597709164633,0.04854225247891076,115.24328195151152,0.6836507293354943,-0.10483870967741928,2.592155010857457,1.3036802056447794,1.4088756556270488,-0.029423607915324435,-0.10855315747402078,-0.11614583333333334,0.944331317243958,0.6531732431149645,0.7584761913165392,Software—Infrastructure,Technology,MSFT
2022Q2,2022,Q2,2022-01-25,2021-12-31,18765000000.0,51728000000.0,23040000000.0,2.48,34768000000.0,0.6721311475,340389000000.0,160010000000.0,174188000000.0,77510000000.0,180379000000.0,3019000000.0,75045000000.0,2524081600000.0,2567509600000.0,21.320453031312457,2.2472971229518772,0.18811418700369284,0.40017498906318355,0.08177704370430615,21.320453031312457,0.11727392037997625,48.79526755335602,33.62751931787903,15.774524092244235,0.24790833999467093,5.617754223252732,0.001843046595640965,0.15196730799173885,2.049916139852922,0.055128103434599826,292.98683691236215,0.6721311475409836,-0.08487084870848707,2.728862168810536,1.2188093782227374,1.4028849897226834,0.09778661867323418,-0.08485735186539868,0.13845241624666468,1.2841522911882974,0.6327459026576495,0.7800986097262006,Software—Infrastructure,Technology,MSFT
2022Q1,2022,Q1,2021-10-26,2021-09-30,20505000000.0,45317000000.0,20238000000.0,2.71,31671000000.0,0.6988768012004325,335418000000.0,151978000000.0,174326000000.0,80528000000.0,183440000000.0,3411000000.0,66944000000.0,2118064960000.0,2162237960000.0,20.228670304805004,2.1647874031392806,0.18883303817922711,0.4167576886128255,0.08971745854833493,20.228670304805004,0.1349208438063404,46.73886091312311,25.823762009266034,13.93665504217716,0.20512070226773957,4.000586338317209,0.0019857747894568823,0.1351060467834165,1.9612184581760381,0.06113267624277767,113.08408756006406,0.6988768012004325,0.24884792626728114,3.5326819440475172,1.2970605769992485,1.2389744927545925,-0.015235844656571624,0.24589865111192125,0.0598586017282011,1.3732641752784143,0.5913247780315614,0.8055135953187711,Software—Infrastructure,Technology,MSFT
2021Q4,2021,Q4,2021-07-29,2021-06-30,16458000000.0,46152000000.0,19095000000.0,2.17,32161000000.0,0.6968495406482926,333779000000.0,141988000000.0,184406000000.0,88657000000.0,191791000000.0,2636000000.0,57055000000.0,2039064299999.9998,2092615299999.9998,18.86382356848678,2.0799936835218875,0.20305351744717312,0.4773290700622588,0.07381800203892523,18.86382356848678,0.11591120376369834,44.18149375975038,30.97375592417061,14.360821337014395,0.2560456920646494,5.307663125948407,0.0020666341909865225,0.13827113149718825,1.8991957769832049,0.04930807510358651,125.41913519498092,0.6968495406482926,0.06896551724137938,4.4922346177719215,1.3325618923519842,1.0546703949341407,0.12211716269495133,0.06476030277544155,0.12007273580478649,0.8932828181670076,0.5658473702747224,0.7521066330990103,Software—Infrastructure,Technology,MSFT
2021Q3,2021,Q3,2021-04-27,2021-03-31,15457000000.0,41706000000.0,17048000000.0,2.03,28661000000.0,0.6872152687862658,308879000000.0,134505000000.0,165614000000.0,72193000000.0,174374000000.0,2245000000.0,50735000000.0,1777470030000.0,1831098030000.0,17.841225626740947,2.29404512902913,0.217981798697872,0.5005761867588565,0.07242016735651723,17.841225626740947,0.11491766105349244,42.61904833836858,28.74862570356473,13.214899297423889,0.2730801578572815,5.810690423162583,0.00237472358394701,0.1350237471631286,2.101713462524067,0.050042249554032484,104.00643826799298,0.6872152687862658,0.0,3.309610437510533,1.127290628791654,0.8829569329080524,-0.007651824665881864,-0.00038802302269934683,-0.047438118120355366,1.1259419767210503,0.5878889337694632,0.7332595675696538,Software—Infrastructure,Technology,MSFT
2021Q2,2021,Q2,2021-01-26,2020-12-31,15463000000.0,43076000000.0,17897000000.0,2.03,28882000000.0,0.6704893676293063,304137000000.0,130236000000.0,173973000000.0,67486000000.0,173901000000.0,1924000000.0,44973000000.0,1680383100000.0,1735349100000.0,17.238385175380543,2.5779124559167825,0.22818006358976384,0.5328634171811174,0.07238038745357989,17.238385175380543,0.11873061211953684,39.00972931562819,27.167805406454118,12.902600663411038,0.2735562310030395,7.377338877338877,0.0025172831124045465,0.1416335401480254,2.360193225261536,0.05084221913150981,201.43647806281467,0.6704893676293063,0.11538461538461524,2.261326555771216,0.9082188899045814,0.788050267475002,0.10438972162740899,0.11300655006118189,0.12729906777525826,3.5040054306082067,0.5201520316992995,0.6961198277460948,Software—Infrastructure,Technology,MSFT
2021Q1,2021,Q1,2020-10-27,2020-09-30,13893000000.0,37154000000.0,15876000000.0,1.82,26152000000.0,0.7038811433493029,301001000000.0,123392000000.0,177077000000.0,70056000000.0,177609000000.0,2705000000.0,39193000000.0,1591356780000.0,1645456780000.0,16.30874966957441,2.527649309124129,0.2368929006880376,0.577873768153527,0.06756885434499081,16.30874966957441,0.11259238848547717,42.831371588523446,28.63594580004319,12.896758136670126,0.2775498452458072,4.06728280961183,0.0024230895600922376,0.12343480586443234,2.2957062921091698,0.0461559928372331,110.29642223454394,0.7038811433493029,0.2465753424657535,2.1780484120690304,0.9267668068116076,0.6838370760916392,0.017825173192184945,0.24022495982860204,0.18415752964869098,1.1523336729240108,0.5425589988905629,0.40225375587671147,Software—Infrastructure,Technology,MSFT
2020Q4,2020,Q4,2020-07-30,2020-06-30,11202000000.0,38033000000.0,13407000000.0,1.46,25694000000.0,0.675571214471643,301311000000.0,118304000000.0,181915000000.0,72310000000.0,183007000000.0,1895000000.0,34566000000.0,1542605800000.0,1600027800000.0,15.607387862796834,2.5157654542940118,0.2356302956081922,0.6001318636732486,0.05680718170176157,15.607387862796834,0.09468826075196105,40.55966660531644,34.42701749687556,13.039337638625913,0.345027673629709,6.511345646437995,0.002505500757225209,0.12622506314074164,2.3307702945650672,0.0371775341756524,110.74777801708666,0.675571214471643,0.0428571428571429,4.72858820468988,0.82355454056639,0.5710094971717504,0.06853530732762206,0.04185267857142857,0.03329479768786127,0.7505769868827393,0.6601779274138714,0.6632731629897171,Software—Infrastructure,Technology,MSFT
2020Q3,2020,Q3,2020-04-29,2020-03-31,10752000000.0,35021000000.0,12975000000.0,1.4,24046000000.0,0.6866166014676908,285449000000.0,114501000000.0,170505000000.0,58707000000.0,170948000000.0,1644000000.0,32012000000.0,1198911420000.0,1261059420000.0,15.061957379636938,2.904338494557719,0.2587432431012195,0.6450424013764072,0.0555323110095017,15.061957379636938,0.0939031100165064,34.23407155706576,27.876474609375002,10.470750648465952,0.36049107142857145,6.675790754257908,0.0032329327549486513,0.12268741526507362,2.7309349821997375,0.03766697378515952,87.27607337846692,0.6866166014676908,-0.07284768211920536,1.3171747286057065,0.7315039766173762,0.36478726666993816,-0.020449731138992993,-0.07700231779551893,-0.06594197681952343,1.275768975386113,0.6110293400428684,0.6686546595777274,Software—Infrastructure,Technology,MSFT
2020Q2,2020,Q2,2020-01-29,2019-12-31,11649000000.0,36906000000.0,13891000000.0,1.51,24548000000.0,0.6651492982170921,282794000000.0,110109000000.0,167074000000.0,59640000000.0,172685000000.0,1823000000.0,30739000000.0,1201831700000.0,1269747700000.0,14.448103923369636,2.8013749161636485,0.27150505314822804,0.6973090301428584,0.05920072703773484,14.448103923369636,0.10579516660763426,32.56466970140357,25.79259378487424,10.914927026855207,0.3335908661687699,6.778935820076796,0.003233397821009381,0.13050489048565386,2.6455063715627096,0.04119252883724549,168.4417238962859,0.6651492982170921,0.09420289855072472,1.1451174337326528,0.5053079576956817,0.29386474691153996,0.08384476135811736,0.09093463195354935,0.09498659940091439,1.279581596398615,0.5589422162625622,0.6283487033052586,Software—Infrastructure,Technology,MSFT
2020Q1,2020,Q1,2019-10-23,2019-09-30,10678000000.0,33055000000.0,12686000000.0,1.38,22649000000.0,0.6851913477537438,278955000000.0,106061000000.0,165896000000.0,58118000000.0,172894000000.0,2622000000.0,27240000000.0,1061355020000.0,1124392020000.0,13.89324076499869,2.8544684951305963,0.2729974368625764,0.7180207616371711,0.05653504452703919,13.89324076499869,0.1006779117677563,32.10875873544093,24.84910610601236,10.007024448194906,0.32871324218018355,3.9687261632341726,0.003307093228804816,0.11849581473714399,2.679428060153481,0.03827857539746554,101.73056838876641,0.6851913477537438,-0.19298245614035092,1.541459607436705,0.539499688662431,0.2709919382330508,-0.0281484659944218,-0.1902631379388792,0.022652156388553002,1.3229861583210112,0.6489583695859391,0.5377487113990622,Software—Infrastructure,Technology,MSFT
2019Q4,2019,Q4,2019-08-01,2019-06-30,13187000000.0,33717000000.0,12405000000.0,1.71,23305000000.0,0.6911943529970045,286556000000.0,102330000000.0,175552000000.0,69420000000.0,184226000000.0,2063000000.0,24150000000.0,1038630400000.0,1105640400000.0,13.36773350751143,2.5288389513108616,0.2734753416435182,0.7658164761067136,0.0694925105707632,13.36773350751143,0.1288673898172579,30.804353886763355,19.690422385682872,10.149813348969023,0.26700538409039204,5.047018904507998,0.003390041346758192,0.11766286519912338,2.3529674445404782,0.04601892823741258,86.14335240938874,0.6911943529970045,0.5000000000000001,2.080029265092681,0.5533359915941303,0.22772799722600076,0.14234596343316505,0.4969917130207742,0.19959384972439803,3.327078264238829,0.6755920731897819,0.4560296424282211,Software—Infrastructure,Technology,MSFT
2019Q3,2019,Q3,2019-04-24,2019-03-31,8809000000.0,30571000000.0,10341000000.0,1.14,20401000000.0,0.6673317850250237,263281000000.0,94864000000.0,159887000000.0,53861000000.0,168417000000.0,1951000000.0,18338000000.0,913121440000.0,980981440000.0,12.364963503649635,2.9685115389614007,0.30033310417386744,0.833530106257379,0.048286843779873995,12.364963503649635,0.09285925113847192,29.86887704033234,25.914446588716082,9.625584415584415,0.40027244863208084,5.2127114300358794,0.0038614798049205813,0.11611548117790498,2.801414752789588,0.03345854809120294,83.35202555910543,0.6673317850250237,0.05555555555555539,0.680512220105602,0.6178829995813758,0.1716617595195093,0.017607741420590583,0.046199524940617576,0.00809124585689218,1.4134847920768554,0.5322974619778155,0.30499407616118845,Software—Infrastructure,Technology,MSFT
2019Q2,2019,Q2,2019-01-30,2018-12-31,8420000000.0,32471000000.0,10258000000.0,1.08,20048000000.0,0.6174124603492347,258859000000.0,92128000000.0,156874000000.0,50318000000.0,166731000000.0,1961000000.0,16585000000.0,781276440000.0,853490440000.0,11.977119084763391,3.1176517349656185,0.3046137086212958,0.8558961444946162,0.04707850728341485,11.977119084763391,0.09139458145189301,24.060744664469834,23.197043942992874,8.480336488364014,0.42090261282660335,6.335033146353901,0.0045361664816105296,0.125438945526329,2.9282165427878692,0.032527360454919475,150.44799537839398,0.6174124603492347,-0.05263157894736828,0.3897536078326328,0.4334747287685055,0.17181543477955336,0.045309974451222694,-0.04578422484134179,0.03043696634856856,0.7442463204730667,0.4128097364607307,0.24232581910726295,Software—Infrastructure,Technology,MSFT
2019Q1,2019,Q1,2018-10-24,2018-09-30,8824000000.0,29084000000.0,9955000000.0,1.14,19179000000.0,0.6594347407509283,257619000000.0,85967000000.0,164195000000.0,56277000000.0,171652000000.0,3614000000.0,17279000000.0,887075530000.0,953820530000.0,11.203831617359572,2.91762176377561,0.3178414635566476,0.9524817662591459,0.04953491170981111,11.203831617359572,0.10264403782846906,30.500465204236008,25.132466285131457,10.318791280375027,0.3649138712601995,2.7407304925290537,0.003629905110785775,0.11289539979582251,2.7234927234927233,0.03425213202442366,88.22233018398806,0.6594347407509283,0.0,0.8287384324739,0.7058896344585555,0.14438519686384865,-0.05721869930688689,-0.0055223712385889774,-0.04085171981886502,0.9903575984378802,0.4872324539255193,0.15676722335085738,Software—Infrastructure,Technology,MSFT
2018Q4,2018,Q4,2018-08-03,2018-06-30,8873000000.0,30085000000.0,10379000000.0,1.14,20343000000.0,0.6761841449227189,258848000000.0,82718000000.0,169662000000.0,58488000000.0,176130000000.0,2662000000.0,13682000000.0,757620630000.0,827482630000.0,10.76636730443837,2.900800164136233,0.3160464828779824,0.9889987668947509,0.05069507226429413,10.76636730443837,0.10726806740975361,25.182670101379426,21.346236616702356,9.159078193379917,0.3635748901160825,3.6596543951915854,0.004258067787832018,0.1162265113116578,2.7398611681028586,0.03427880454938806,101.8581110513579,0.6761841449227189,0.19999999999999996,0.9410947568814054,0.6424030822570743,0.1380894704542233,0.15914529914529915,0.19517780172413793,0.2516883743367101,3.9137863669500184,0.4231365150208668,0.08372172422458837,Software—Infrastructure,Technology,MSFT
2018Q3,2018,Q3,2018-04-26,2018-03-31,7424000000.0,26819000000.0,8292000000.0,0.95,17550000000.0,0.6543868153174988,245497000000.0,79239000000.0,156659000000.0,46133000000.0,166258000000.0,2084000000.0,9974000000.0,702596460000.0,776283460000.0,10.293452844894778,3.395812108468992,0.33771492115993273,1.0463029568772952,0.04243143588968657,10.293452844894778,0.09369123790052877,26.19771281554122,23.659632947198276,8.86680119638057,0.4353448275862069,4.447696737044146,0.0046000801085732766,0.1092436974789916,3.240153469316975,0.030240695405646504,76.22832374959314,0.6543868153174988,2.158536585365854,0.33217087068203727,0.42219103024579807,0.12265855928828413,-0.017026996751428252,2.1780387178673437,-0.04459039059799516,0.5800013185829246,0.3094456859712942,-0.06729430852243765,Software—Infrastructure,Technology,MSFT
2018Q2,2018,Q2,2018-01-31,2017-12-31,-6302000000.0,28918000000.0,8679000000.0,-0.82,17854000000.0,0.6174009267584204,256003000000.0,78360000000.0,167633000000.0,58099000000.0,177643000000.0,2003000000.0,8567000000.0,659513400000.0,741554400000.0,10.163424124513618,2.8852992306235907,0.37069878087366165,1.21107708014293,-0.03334385232862013,10.163424124513618,-0.08042368555385401,22.80632823846739,-26.162860996509046,8.41645482388974,-0.513805141225008,5.523714428357464,0.00490968037950404,0.11295961375452632,2.7747121292965455,-0.0246168990207146,124.69529211571185,0.6174009267584204,-1.9761904761904763,-2.0757833711333307,0.46717641798955606,0.17534196810299268,0.0980319803198032,-1.9583333333333333,0.12597301504929942,-2.147092419143288,0.1658809792256804,-0.08983931370064915,Software—Infrastructure,Technology,MSFT
2018Q1,2018,Q1,2017-10-26,2017-09-30,6576000000.0,24538000000.0,7708000000.0,0.84,16260000000.0,0.6626456923954682,249097000000.0,89647000000.0,161031000000.0,51615000000.0,159450000000.0,3211000000.0,19702000000.0,574168920000.0,658527920000.0,11.630384016606124,3.1198488811392036,0.3662950577485879,1.0178031612881635,0.03401232921542815,11.630384016606124,0.07335437884145593,23.3991735267748,21.82819799270073,6.404775619931509,0.45666058394160586,2.5780130800373717,0.0052301681533023425,0.09850781021048026,2.964874551971326,0.02639935446833964,55.70129220023283,0.6626456923954682,0.012048192771084348,0.6038871566312826,0.6696783289725142,0.4185702859466707,0.0941390216001615,0.009672961768770152,0.4461538461538462,0.5501208196072962,0.13185828894917045,0.0639795691802585,Software—Infrastructure,Technology,MSFT
2017Q4,2017,Q4,2017-08-02,2017-06-30,6513000000.0,23317000000.0,5330000000.0,0.83,14861000000.0,0.6373461422996097,241086000000.0,72394000000.0,159851000000.0,64527000000.0,168692000000.0,2181000000.0,2648000000.0,531794950000.00006,610325950000.0,9.383538561244329,2.4772730794861064,0.35752387114971423,1.190623532336934,0.03947629762318829,9.383538561244329,0.08996601928336602,22.807177166873956,20.412826270535852,7.3458428875321164,0.46199907876554586,3.877120586886749,0.005658195889223844,0.0967165243937848,2.367582562338246,0.027015255966750456,60.9716750745242,0.6373461422996097,0.360655737704918,15.392573858337418,0.40378780763865463,0.18603923047055487,0.059230220955096224,0.3565923765882108,-0.04719342152306042,0.5093820454291237,0.06585571111112219,-0.13819100311836474,Software—Infrastructure,Technology,MSFT
2017Q3,2017,Q3,2017-04-27,2017-03-31,4801000000.0,22090000000.0,5594000000.0,0.61,14030000000.0,0.6351290176550475,225017000000.0,69729000000.0,146313000000.0,52005000000.0,155288000000.0,1979000000.0,531000000.0,508768500000.0,586063500000.0,9.02640776699029,2.8134410152869918,0.37334068092633,1.2047784996199573,0.029528922542010762,9.02640776699029,0.0688522709346183,23.03162064282481,26.49284003332639,7.296368799208365,0.6273692980629035,4.072764022233451,0.005920177841198895,0.098170360461654,2.6708970291318144,0.02133616571192399,56.7505298382599,0.6351290176550475,-0.07575757575757582,0.02214689566211263,0.3800800667365339,0.10445610408665187,-0.01120586369723025,-0.07673076923076923,-0.09438238627165291,-0.09038654270586753,0.16102959032453973,-0.14468839286983473,Software—Infrastructure,Technology,MSFT
2017Q2,2017,Q2,2017-01-26,2016-12-31,5200000000.0,24090000000.0,6177000000.0,0.66,14189000000.0,0.5889995848899958,224610000000.0,68809000000.0,144949000000.0,70787000000.0,155801000000.0,1961000000.0,120000000.0,481895700000.0,558397700000.0,8.872856221792391,2.0476782460056224,0.3783001647299764,1.2348675318635645,0.03282630416503065,8.872856221792391,0.07557150954090308,20.003972602739726,23.168062499999998,7.003381825051956,0.5815384615384616,5.0489546149923505,0.006275216815588933,0.10725257112328035,1.9371353497111052,0.023151239926984552,111.938606271777,0.5889995848899958,0.10000000000000009,-0.1494812447633909,0.24969259215868037,0.16264153671183654,0.12530732016813387,0.10874200426439233,0.18220095693779903,-0.14869235069347966,0.05484500513279757,-0.13189893181382553,Software—Infrastructure,Technology,MSFT
2017Q1,2017,Q1,2016-10-20,2016-09-30,4690000000.0,20453000000.0,5225000000.0,0.6,12609000000.0,0.6164865789859678,212524000000.0,70372000000.0,157909000000.0,58810000000.0,142152000000.0,3122000000.0,944000000.0,448646400000.0,509408400000.0,9.03479265631018,2.685070566230233,0.35144266059362705,1.0613596316716876,0.03172384830368469,9.03479265631018,0.06664582504405162,21.935481347479588,23.91505330490405,6.375353833911215,0.5970149253731343,2.5124919923126203,0.0062409951355900765,0.09623854247049744,2.5176160516918893,0.022068095838587643,47.79953121670573,0.6164865789859678,0.5384615384615383,-0.11936474032048036,0.2685014529691959,0.27662406714409654,-0.0020577760189948555,0.5022421524663677,0.6964285714285714,-0.04249195921530282,0.1817818263405729,-0.0771654443114294,Software—Infrastructure,Technology,MSFT
2016Q4,2016,Q4,2016-07-28,2016-06-30,3122000000.0,20614000000.0,3080000000.0,0.39,12635000000.0,0.6129329581837586,193694000000.0,71997000000.0,139660000000.0,59357000000.0,121697000000.0,2251000000.0,2282000000.0,401275140000.0,448452140000.0,9.180948737566947,2.3528817157201343,0.2771743058638884,0.7456838479381085,0.022858509511721206,9.180948737566947,0.043362917899356916,19.466146308334142,32.13285874439462,5.573498062419268,0.9035874439461884,3.5446468236339403,0.007030089130365764,0.10642559914091299,2.2156948632848694,0.016118207068881844,69.07817868824239,0.6129329581837586,-0.17021276595744672,-0.42933109366230926,0.27444976325851245,0.35423135382361987,-0.013584198610352096,-0.16879659211927583,-0.4169979178497066,-0.3308659211779061,0.10254418359299006,-0.02950170734956202,Software—Infrastructure,Technology,MSFT
2016Q3,2016,Q3,2016-04-21,2016-03-31,3756000000.0,20531000000.0,5283000000.0,0.47,12809000000.0,0.6238858311821148,181869000000.0,74806000000.0,128421000000.0,44354000000.0,107063000000.0,2450000000.0,4954000000.0,436040850000.0,475264850000.0,9.475110829639013,2.8953645668936288,0.2550957007516399,0.620190893778574,0.03251006613767016,9.475110829639013,0.05020987621313799,21.23816911012615,29.022953274760383,5.828955565061626,0.7566560170394037,3.1518367346938776,0.006517737959643002,0.1128889475391628,2.6558822203183476,0.020652227702357192,54.106073954584936,0.6238858311821148,-0.24193548387096778,-0.23437200411362444,0.3328625512012192,0.49256217139789876,-0.08007756391841425,-0.24849939975990396,-0.1232990375041487,-0.3428366634957475,0.06157633943804193,0.033405838972208265,Software—Infrastructure,Technology,MSFT
2016Q2,2016,Q2,2016-01-28,2015-12-31,4998000000.0,23796000000.0,6026000000.0,0.62,13924000000.0,0.5851403597243234,180098000000.0,76780000000.0,127812000000.0,42643000000.0,103318000000.0,2702000000.0,6728000000.0,441842720000.0,479086720000.0,9.640883977900552,2.9972562905986915,0.24669346689024865,0.5786532951289398,0.042438850443439056,9.640883977900552,0.06509507684292784,18.567940830391663,22.10097639055622,5.754659025787966,0.5738295318127251,3.6535899333826793,0.006490997520565689,0.13212806360981244,2.7471566259409514,0.027751557485369078,123.62695019585898,0.5851403597243234,0.08771929824561413,-0.19618676719340128,0.27241893890119434,0.6897050630189351,0.05709079866383237,0.08181818181818182,0.04022095632660107,-0.1740270845588904,0.16880260669657754,0.11491318378691764,Software—Infrastructure,Technology,MSFT
2016Q1,2016,Q1,2015-10-22,2015-09-30,4620000000.0,20379000000.0,5793000000.0,0.57,13172000000.0,0.6463516364885421,172896000000.0,77445000000.0,121656000000.0,49399000000.0,95451000000.0,3816000000.0,7614000000.0,353902960000.0,387038960000.0,9.685467733866933,2.4627219174477215,0.2230647325559874,0.49799212344244304,0.041846062335264216,9.685467733866933,0.059655239202014335,17.36606114137102,19.150593073593072,4.5697328426625345,0.5357142857142857,1.8886268343815513,0.006993442496214216,0.11786854525263743,2.242940140488674,0.026721265963353693,48.895131251726994,0.6463516364885421,2.425,-0.08002337582839489,0.35560761238909044,0.7773128341257244,-0.10467645459488853,2.4460093896713615,3.821724305893814,0.08623277155819274,0.33673536543384125,0.18134678211323685,Software—Infrastructure,Technology,MSFT
2015Q4,2015,Q4,2015-07-31,2015-06-30,-3195000000.0,22180000000.0,-2053000000.0,-0.4,14712000000.0,0.6633002705139766,176223000000.0,80083000000.0,124712000000.0,49858000000.0,96140000000.0,2902000000.0,9096000000.0,355893150000.0,385590150000.0,9.934623495844187,2.501343816438686,0.20026897737525748,0.44069278123946404,-0.03237602943753286,9.934623495844187,-0.03989610778816977,16.045678539224525,-27.847664319248825,4.444053669318083,-0.7812206572769953,2.573397656788422,0.007013340942358682,0.1258632528103596,2.2951983633519193,-0.018130437003115372,70.68384309831181,0.6633002705139766,-1.6557377049180328,-1.7691069242444686,0.5039948177427805,0.8862337669315861,0.009884678747940691,-1.6409227683049148,-1.3113436457385501,-5.757332050432526,0.27801910015290615,0.25569401448308615,Software—Infrastructure,Technology,MSFT
2015Q3,2015,Q3,2015-04-23,2015-03-31,4985000000.0,21729000000.0,6594000000.0,0.61,14568000000.0,0.6704404252381609,176683000000.0,90132000000.0,118398000000.0,40748000000.0,86551000000.0,2469000000.0,18186000000.0,332029385000.0,356483385000.0,11.036120974654096,2.9056149995091785,0.18036823010702785,0.3535703190875605,0.041343434699160075,11.036120974654096,0.055307770825012204,15.280472410143126,16.651423520561686,3.683812463941774,0.5079237713139418,2.9003645200486026,0.0076258310691386545,0.12298296949904632,2.6471237852164524,0.028214372633473508,40.59535212128622,0.6704404252381609,-0.1408450704225352,0.3358037817768267,0.6083121539915898,1.1166850270136175,-0.10811803599853068,-0.1497526863380522,-0.15200617283950618,0.0038820830895081393,0.28405681369808744,0.35036123899370897,Software—Infrastructure,Technology,MSFT
2015Q2,2015,Q2,2015-01-26,2014-12-31,5863000000.0,26470000000.0,7776000000.0,0.71,16334000000.0,0.6170759350207783,174848000000.0,91879000000.0,116362000000.0,47415000000.0,82969000000.0,2053000000.0,19731000000.0,382190600000.0,404072600000.0,11.166626154594068,2.45411789518085,0.16190062225475843,0.3081008717987788,0.04832245546867808,11.166626154594068,0.06381218776869578,14.438632414053645,16.296716697936212,4.159716583767782,0.4344192392972881,4.937165124208476,0.006664214138181315,0.15138863469985359,2.244753769904039,0.03353198206442167,134.1019649122807,0.6170759350207783,0.31481481481481466,-0.05276313740473951,0.4977560716100443,1.2331739318719388,0.09418542336548767,0.29140969162995595,0.33059548254620125,-0.09616747720168443,0.2942192521516013,0.4632022730602979,Software—Infrastructure,Technology,MSFT
2015Q1,2015,Q1,2014-10-23,2014-09-30,4540000000.0,23201000000.0,5844000000.0,0.54,14928000000.0,0.6434205422180078,169656000000.0,90170000000.0,112439000000.0,44694000000.0,79486000000.0,3141000000.0,18051000000.0,382423640000.0,399841640000.0,10.931021942053583,2.5157515550185705,0.13981232611873437,0.2630586669624044,0.039511452229668155,10.931021942053583,0.050349340135299986,16.48306710917633,21.058570484581498,4.241140512365531,0.5081497797356829,2.633874562241324,0.006032576856388899,0.13675319469986325,2.283975477692755,0.026760032064884236,54.07574095022625,0.6434205422180078,-0.018181818181818195,0.37269050875441445,0.9405083532031465,1.3643387749069598,-0.05441185785773105,-0.015611448395490026,-0.09842641160135761,-0.19506746722280865,0.35869211478881463,0.5445629158915268,Software—Infrastructure,Technology,MSFT
2014Q4,2014,Q4,2014-07-31,2014-06-30,4612000000.0,23382000000.0,6482000000.0,0.55,15787000000.0,0.675177486955778,172384000000.0,89784000000.0,114246000000.0,45625000000.0,82600000000.0,2660000000.0,17710000000.0,343858200000.0,357834200000.0,10.88818821246665,2.504021917808219,0.13136369964729905,0.2522164305444177,0.040428919596975914,10.88818821246665,0.05136772698921857,14.706107261996408,18.63932133564614,3.8298382785351515,0.5006504770164788,2.8552631578947367,0.006714977278424653,0.13563903842584,2.3069150684931508,0.02675422312975682,42.01590909090909,0.675177486955778,-0.19117647058823528,0.6330868486965069,0.9246457003297912,1.4472137468284794,0.0916194164016042,-0.18515901060070672,-0.07054774878118726,-0.19827741616719305,0.37475596558025887,0.6060568776863373,Software—Infrastructure,Technology,MSFT
2014Q3,2014,Q3,2014-04-24,2014-03-31,5660000000.0,20403000000.0,6974000000.0,0.68,14462000000.0,0.7088173307846886,156119000000.0,87424000000.0,109006000000.0,33903000000.0,68695000000.0,1920000000.0,16289000000.0,339561160000.0,350668160000.0,10.553355866731048,3.215231690410878,0.14526739218160506,0.2594138909224012,0.05153202614044261,10.553355866731048,0.06474194729136164,16.642707444983582,14.99828445229682,3.8840725658857984,0.41024734982332156,3.0942708333333333,0.006838237918612365,0.13068876946431887,3.006282629855765,0.03625439568534259,38.12295497922982,0.7088173307846886,-0.12820512820512817,1.0405541146212383,0.6044845361444796,1.5398556427768655,-0.1092085001539883,-0.13693199146081123,-0.12485882795833857,0.0995644675192736,0.2623545119760554,0.662412190336665,Software—Infrastructure,Technology,MSFT
2014Q2,2014,Q2,2014-01-23,2013-12-31,6558000000.0,24519000000.0,7969000000.0,0.78,16235000000.0,0.6621395652351237,153543000000.0,85100000000.0,106870000000.0,33742000000.0,68443000000.0,1594000000.0,14347000000.0,311475660000.0,324392660000.0,10.220994475138122,3.167269278643827,0.14963886338029087,0.2699882491186839,0.061380440386834496,10.220994475138122,0.07706227967097533,12.703440597087972,11.873881518755717,3.660113513513513,0.35559621835925587,5.196988707653701,0.0074869413552249965,0.1596881655301772,2.9615908956197026,0.042711162345401614,116.1789108541589,0.6621395652351237,0.2580645161290323,0.6800373403822965,0.5766546904772499,1.6392921228654418,0.2102124487513977,0.2505720823798627,0.25813072308178087,0.00884665149890245,0.2540757291766325,0.7913778605071806,Software—Infrastructure,Technology,MSFT
2014Q1,2014,Q1,2013-10-24,2013-09-30,5244000000.0,18529000000.0,6334000000.0,0.62,13415000000.0,0.7240002158778132,142348000000.0,81641000000.0,99450000000.0,34623000000.0,60707000000.0,2613000000.0,11680000000.0,277521920000.0,289430920000.0,9.790262621417437,2.872368079022615,0.11192289319133392,0.19514704621452456,0.05312373246252081,9.790262621417437,0.0642324322338041,14.9777062982352,13.230450038138825,3.3992959419899313,0.36536994660564454,1.957137389973211,0.0069039591539291735,0.13016691488464888,2.647921901626087,0.03683929524826481,39.793794092342985,0.7240002158778132,0.05084745762711869,0.3063103186334551,0.340174420720648,1.6473401694634753,-0.061494333286693716,0.056193353474320244,0.042977111806356,0.0012817753428592642,0.18184881085431226,0.7965430152292148,Software—Infrastructure,Technology,MSFT
2013Q4,2013,Q4,2013-07-30,2013-06-30,4965000000.0,19896000000.0,6073000000.0,0.59,14294000000.0,0.7184358665058304,142431000000.0,78944000000.0,101466000000.0,37417000000.0,63487000000.0,1938000000.0,9895000000.0,286734200000.0,298530200000.0,9.460035949670461,2.7117620333003716,0.10952671820039177,0.19760843129306851,0.05189991828878484,9.460035949670461,0.0628926834211593,14.411650583031765,14.437774420946626,3.632121503850831,0.38690835850956695,2.890608875128999,0.006699584493234501,0.13968869136634582,2.525803779030922,0.03485898435031699,69.78199075200779,0.7184358665058304,-0.18055555555555558,0.2886568066982231,0.4011228909191841,1.42640562706231,-0.08967010571901668,-0.18001651527663087,-0.20218076720966893,0.15450998084753043,0.30320623886705755,0.7961263707798792,Software—Infrastructure,Technology,MSFT
2013Q3,2013,Q3,2013-04-18,2013-03-31,6055000000.0,20489000000.0,7612000000.0,0.72,15702000000.0,0.7663624383815706,134105000000.0,76688000000.0,93524000000.0,31929000000.0,57417000000.0,2133000000.0,7657000000.0,239294040000.0,248249040000.0,9.168818747010999,2.92912399386138,0.10584989373997987,0.18510066764030877,0.06670298697704408,9.168818747010999,0.07895629042353432,11.67914685929035,9.880018166804295,3.1203583350719803,0.3179190751445087,2.244256915142991,0.008044496218961408,0.1527832668431453,2.7083215885245386,0.04515118750233026,27.391717032967033,0.7663624383815706,-0.05263157894736847,0.5354766564784527,0.5773512047686102,1.2723064408167268,-0.00393301192590713,-0.050493962678375415,-0.02046068717024836,0.5843100784022435,0.4808119070864245,0.7585437312414225,Software—Infrastructure,Technology,MSFT
2013Q2,2013,Q2,2013-01-24,2012-12-31,6377000000.0,21456000000.0,7771000000.0,0.76,15764000000.0,0.7347129008202834,128683000000.0,72576000000.0,89574000000.0,31910000000.0,56107000000.0,1661000000.0,4236000000.0,224174512100.0,232345512100.0,8.64720600500417,2.8070824193042934,0.11025543389569718,0.19549162257495592,0.07350768430133144,8.64720600500417,0.08786651234567901,10.448103658650261,8.788400192096598,3.088824295910494,0.30312058961894306,3.4268512944009633,0.008622746546394736,0.16673531080251472,2.5894390473205893,0.04955588539278693,58.227146,0.7347129008202834,0.43396226415094336,0.5110444526305737,0.46212566426657997,1.3509771837252484,0.3314189189189189,0.4278996865203762,0.46401657874905805,0.01002511599654376,0.1901808766819731,0.7293240381256223,Software—Infrastructure,Technology,MSFT
2013Q1,2013,Q1,2012-10-18,2012-09-30,4466000000.0,16008000000.0,5308000000.0,0.53,11840000000.0,0.7396301849075462,121876000000.0,68836000000.0,84051000000.0,31402000000.0,53040000000.0,1624000000.0,932000000.0,247598040000.0,254512040000.0,8.198666031443544,2.6766129545888795,0.09805047753454331,0.1736010227206694,0.05302423028762288,8.198666031443544,0.06487884246615143,15.467143928035982,13.860167935512761,3.5969266081701434,0.3752798925212718,2.5665024630541873,0.006769035813046016,0.13134661459188027,2.436628240239475,0.036643801897010074,31.4170841263799,0.7396301849075462,9.833333333333336,0.16330362380424984,0.299528865414282,1.3931379298254378,-0.14795624640184227,10.077235772357724,26.645833333333332,0.32667446565676156,0.3154512616209694,0.7733405077231812,Software—Infrastructure,Technology,MSFT
2012Q4,2012,Q4,2012-07-26,2012-06-30,-492000000.0,18059000000.0,192000000.0,-0.06,13896000000.0,0.7694778226922864,121271000000.0,66363000000.0,85084000000.0,32688000000.0,54908000000.0,1137000000.0,566000000.0,256588920000.0,261594920000.0,7.911659513590844,2.602912383749388,0.0984901584055545,0.1799798080255564,-0.0033602477328981543,7.911659513590844,-0.007413769721079517,14.20836812669583,-130.3805487804878,3.8664454590660458,-3.410569105691057,3.6613896218117854,0.006539643255055596,0.14891441482299972,2.4112824278022518,-0.004057029298018488,36.36979730687456,0.7694778226922864,-1.0999999999999999,-1.1879479510621198,0.5658890868632309,1.474222232680675,0.03277591973244147,-1.096319498825372,-0.9698776278631942,-1.1712655423769822,0.4613281297924035,0.7782133761903077,Software—Infrastructure,Technology,MSFT
2012Q3,2012,Q3,2012-04-19,2012-03-31,5108000000.0,17407000000.0,6374000000.0,0.6,13455000000.0,0.7729648991784914,118010000000.0,68659000000.0,76860000000.0,26170000000.0,49351000000.0,1412000000.0,3386000000.0,270974255000.00003,276524255000.0,8.17271753362695,2.9369507069163165,0.1011609185662232,0.17387378202420659,0.06348661148553586,8.17271753362695,0.07439665593731339,15.566970471649338,13.262248189115114,3.946667661923419,0.3294831636648395,2.7988668555240794,0.00621092214092442,0.14750444877552749,2.69354222392052,0.04328446741801542,30.635868287167895,0.7729648991784914,-0.23076923076923084,0.20036992676712354,0.39952411257373033,1.2726010926864175,-0.11753131763625631,-0.2288647342995169,-0.2026519889917438,0.8158989582354134,0.34981590458513234,0.966912042646163,Software—Infrastructure,Technology,MSFT
2012Q2,2012,Q2,2012-01-19,2011-12-31,6624000000.0,20885000000.0,7994000000.0,0.78,15247000000.0,0.7300454871917644,112243000000.0,64121000000.0,72513000000.0,25373000000.0,48122000000.0,1351000000.0,219000000.0,218115920000.0,219437920000.0,7.631635324922637,2.8578804240728335,0.10630507024936967,0.18608568175792642,0.08450718103049833,7.631635324922637,0.1033046895712793,10.443663873593488,8.232032004830918,3.401630043199576,0.25407608695652173,4.17320503330866,0.007716080513517767,0.186069509902622,2.5767154061403854,0.05901481606870807,40.66292319164803,0.7300454871917644,0.14705882352941171,1.9439797183168046,0.9434657655490596,1.042796746088098,0.12151526296432512,0.15440920181247822,0.1098153547133139,0.681595649927967,0.33082834571043673,0.9706609808511586,Software—Infrastructure,Technology,MSFT
2012Q1,2012,Q1,2011-10-20,2011-09-30,5738000000.0,17372000000.0,7203000000.0,0.68,13595000000.0,0.7825811650932535,107415000000.0,59391000000.0,75271000000.0,25543000000.0,48024000000.0,2270000000.0,-4101000000.0,208876880000.0,207922880000.0,7.077097235462345,2.946834749246369,0.11103663361727878,0.20082167331750603,0.07932227020633525,7.077097235462345,0.096613965078884,12.023766981349297,9.100596026490066,3.5169786668013674,0.23370512373649355,1.6638766519823789,0.006420049935636725,0.16172787785691012,2.644795051481815,0.053418982451240514,25.92489512225394,0.7825811650932535,-0.025263874702076805,0.9519603954805668,0.9011832914944958,0.9464418839064187,-0.004685555311516217,-0.023152877085461356,0.16723383568303354,0.4203413048743297,0.2485549550037664,0.9136855178585443,Software—Infrastructure,Technology,MSFT
2011Q4,2011,Q4,2011-07-28,2011-06-30,5874000000.0,17367000000.0,6171000000.0,0.6976247030878859,13659000000.0,0.7864916220418035,108704000000.0,57083000000.0,74918000000.0,28774000000.0,51621000000.0,1372000000.0,-8195000000.0,218920000000.0,221231000000.0,6.779453681710214,2.603669979842914,0.10966477774506918,0.2088362559781371,0.08313173925006184,6.779453681710214,0.10290279067323022,12.60551620890194,9.317330609465442,3.835117285356411,0.22982635342185903,2.7026239067055395,0.0061666362141421524,0.1597641301148072,2.35486897893932,0.054036649985281134,41.30566037735849,0.7864916220418035,0.14364705424243598,1.5415938175086592,0.8003096599164016,0.7416893896534095,0.0900167584390711,0.12270642201834862,0.08092485549132948,0.5110060767137431,0.21213086495633884,0.7388627960005777,Software—Infrastructure,Technology,MSFT
2011Q3,2011,Q3,2011-04-28,2011-03-31,5232000000.0,16428000000.0,5709000000.0,0.61,12531000000.0,0.7627830533235939,99727000000.0,53452000000.0,66263000000.0,24042000000.0,46275000000.0,1056000000.0,-9782000000.0,213783800000.0,218677800000.0,6.348218527315915,2.7561350969137344,0.11947616994394697,0.22291027463892837,0.07584241848783951,6.348218527315915,0.09788221207812617,13.013379595812028,10.215204510703364,3.999547257352391,0.25783639143730885,3.690340909090909,0.0063101133013820495,0.16472971211407142,2.5032443224357372,0.052463224603166644,26.676291489892687,0.7627830533235939,-0.20779220779220783,1.15050525924407,0.8442075878750898,0.5558707713719936,-0.17123015873015873,-0.21133554416641542,-0.300796080832823,0.31794940639229863,0.2563026220950928,0.5732776757130855,Software—Infrastructure,Technology,MSFT
2011Q2,2011,Q2,2011-01-27,2010-12-31,6634000000.0,19953000000.0,8165000000.0,0.77,15120000000.0,0.7577807848443843,92306000000.0,48481000000.0,59684000000.0,24312000000.0,43825000000.0,861000000.0,-13165000000.0,237151270000.0,242799270000.0,5.7056608214664,2.4549193813754524,0.10477108746993695,0.19948020874156885,0.10962292405468607,5.7056608214664,0.136837111445721,11.885494411867889,8.936963747362075,4.891633217136611,0.20545673801627978,5.613240418118467,0.00574738646771742,0.21616146296015426,2.226307996051333,0.07186965094360064,64.1816698240866,0.7577807848443843,0.24193548387096778,1.2569612095745872,1.094907515922635,0.36291572282585005,0.15808823529411764,0.22624768946395563,0.14741427768409218,0.5527012258091115,0.34306102767419255,0.5512384464507847,Software—Infrastructure,Technology,MSFT
2011Q1,2011,Q1,2010-10-28,2010-09-30,5410000000.0,16195000000.0,7116000000.0,0.62,13056000000.0,0.8061747452917567,91540000000.0,46942000000.0,59581000000.0,25857000000.0,44598000000.0,1242000000.0,-14993000000.0,210956860000.0,213460860000.0,5.4495008126306015,2.304250299725413,0.1165064452698274,0.22719526223850708,0.09243142492120203,5.4495008126306015,0.1152486046610711,13.026048780487805,9.748468576709795,4.493989604192407,0.2066543438077634,2.527375201288245,0.005299661741267859,0.17691719466899716,2.081409289554086,0.05909984706139393,27.648343381389253,0.8061747452917567,0.20308543603364307,1.1386802334988906,1.064400406087673,0.20611378094847416,0.01453104359313078,0.19743249225320939,0.2,0.37353329013811354,0.2814373251710468,0.5906742686315558,Software—Infrastructure,Technology,MSFT
2010Q4,2010,Q4,2010-07-30,2010-06-30,4518000000.0,16039000000.0,5930000000.0,0.5153416219915593,12869000000.0,0.8023567554086913,86113000000.0,46175000000.0,55676000000.0,26147000000.0,39938000000.0,740000000.0,-16681000000.0,201728670000.0,202162670000.0,5.266910003421923,2.1293456228247982,0.06896751942215461,0.12861938278289117,0.08534175077714241,5.266910003421923,0.0978451543042772,12.577384500280566,11.162498339973439,4.3687854899837575,0.2501106684373617,4.283783783783784,0.0056015835527989145,0.1862552692392554,1.9046926989712012,0.0524659459082833,41.62787247214197,0.8023567554086913,0.14520360442568733,0.5120401752271264,0.9546079647278453,0.18835238485188413,0.09542049710589036,0.12780828756864704,0.14633674850183645,0.6513005844704823,0.33061373491677953,0.6471267255130143,Software—Infrastructure,Technology,MSFT
2010Q3,2010,Q3,2010-04-22,2010-03-31,4006000000.0,14503000000.0,5173000000.0,0.45,11748000000.0,0.8100393022133352,84910000000.0,45710000000.0,54518000000.0,26424000000.0,39200000000.0,501000000.0,-16807000000.0,256763512500.0,254603512500.0,5.213870195049618,2.0632001211020286,0.07060416912024496,0.13115292058630496,0.07504094645206583,5.213870195049618,0.08763946619995625,17.704165517479144,16.02368400524214,5.617228451104791,0.2843235147279081,5.499001996007984,0.00443598854412774,0.17080438110940996,1.8469194671510747,0.04717936638794017,36.75927165354331,0.8100393022133352,-0.3918918918918919,0.9354464817498991,0.8668163807436078,0.1948108592966173,-0.23684552423021957,-0.39867907535274694,-0.3923411253377188,-0.09789904849789895,0.11736298716950738,0.44982951553648637,Software—Infrastructure,Technology,MSFT
2010Q2,2010,Q2,2010-01-28,2009-12-31,6662000000.0,19022000000.0,8513000000.0,0.74,15394000000.0,0.8092734728209442,82096000000.0,44283000000.0,52487000000.0,25715000000.0,37813000000.0,589000000.0,-19605000000.0,269930880000.0,266503880000.0,5.000338753387534,2.041104413766284,0.0730242642759696,0.13537926518076915,0.1269841762430628,5.000338753387534,0.1504414786712734,14.190457365156135,10.129498649054339,6.095587019849604,0.17292104473131192,6.159592529711375,0.004267759213025201,0.2317043461313584,1.8391989111413571,0.08114889885012667,58.77005878510777,0.8092734728209442,0.8499999999999999,1.3627820205914063,1.1596368084374749,0.15152194742115951,0.5274856122246477,0.8640179071068831,0.8993752788933512,1.8090805171824251,0.6793594480089805,0.33846486367085654,Software—Infrastructure,Technology,MSFT
2010Q1,2010,Q1,2009-10-23,2009-09-30,3574000000.0,12920000000.0,4482000000.0,0.4,10078000000.0,0.780030959752322,81612000000.0,41212000000.0,52231000000.0,28761000000.0,40400000000.0,1150000000.0,-22425000000.0,229268080000.0,226441080000.0,4.623289207987436,1.8160356037689926,0.07346958780571484,0.14549160438707173,0.07121113269257544,4.623289207987436,0.08672231388915849,17.745207430340557,16.037218802462228,5.563138891584974,0.32372691662003356,2.471304347826087,0.005046494043130644,0.15831005244326815,1.5755710858454157,0.043792579522619224,40.421029619181944,0.780030959752322,0.16794745484400656,0.7244644145321114,0.7150272322022315,-0.3380951787000317,-0.04137734233805764,0.17372742200328406,0.12415349887133183,0.14461083178949885,0.3311577570165687,0.2715614123184192,Software—Infrastructure,Technology,MSFT
2009Q4,2009,Q4,2009-07-30,2009-06-30,3045000000.0,13099000000.0,3987000000.0,0.342481160724328,10513000000.0,0.802580349645011,77888000000.0,39558000000.0,49280000000.0,27034000000.0,38330000000.0,717000000.0,-23793000000.0,211339070000.0,211009070000.0,4.44921831065122,1.8228896944588295,0.07377259654889072,0.14525506850700237,0.06469740915664492,4.44921831065122,0.07697558016077657,16.133985037025727,17.35131937602627,5.342511502098184,0.38029556650246304,3.6066945606694563,0.0054793465306722505,0.1681773829087921,1.577236073093142,0.0390945973705834,71.06222932078009,0.802580349645011,0.03782169916463023,0.3731075533129655,0.7100093309737344,-0.35870605438859454,-0.02962894591102086,0.022841787033926773,-0.10162235241099594,0.24773104630224582,0.28594392434812654,0.14303551402951142,Software—Infrastructure,Technology,MSFT
2009Q3,2009,Q3,2009-04-23,2009-03-31,2977000000.0,13648000000.0,4438000000.0,0.33,10834000000.0,0.7938159437280188,68853000000.0,36943000000.0,40724000000.0,23823000000.0,31910000000.0,657000000.0,-25679000000.0,163327670000.0,158041670000.0,4.155100663592397,1.709440456701507,0.029032867122710703,0.05411038627074141,0.08377083741506046,4.155100663592397,0.08058360176488104,11.9671504982415,13.715793584145114,4.42107219229624,0.38797447094390325,4.28310502283105,0.007071673770892586,0.19821939494284926,1.4491038072450992,0.043237041232771264,30.17880081300813,0.7938159437280188,-0.29787234042553185,1.7461396644532663,0.8043985942984316,-0.3650784831844148,-0.14840433894041818,-0.2867752755150934,-0.25273615086714935,0.15881228208300519,0.450960552832005,0.01836438786318249,Software—Infrastructure,Technology,MSFT
2009Q2,2009,Q2,2009-01-22,2008-12-31,4174000000.0,16629000000.0,5939000000.0,0.47,12722000000.0,0.7650490107643274,65786000000.0,34478000000.0,37730000000.0,23710000000.0,31308000000.0,968000000.0,-27499000000.0,173074320000.0,166728320000.0,3.8726272043131527,1.591311682834247,0.030401605204754812,0.05800800510470445,0.12053403061914444,3.8726272043131527,0.12106270665351819,10.40798123759697,10.366214662194539,5.019848019026626,0.27719214183037855,4.036157024793388,0.006684989431129932,0.2527741464749339,1.3356389708983551,0.0634481500623233,35.03528744939271,0.7650490107643274,-0.020833333333333353,2.271827117124257,0.9886624236954006,-0.39628945850878705,0.04167690166216327,-0.04550651726503544,-0.010001666944490749,0.3552840190588351,0.6662955347521572,-0.07494247019664109,Software—Infrastructure,Technology,MSFT
2009Q1,2009,Q1,2008-10-23,2008-09-30,4373000000.0,15061000000.0,5999000000.0,0.48,12213000000.0,0.8109023305225417,65117000000.0,33594000000.0,37202000000.0,24383000000.0,31523000000.0,1640000000.0,-28938000000.0,242451960000.0,235422960000.0,3.6981505944517834,1.5257351433375712,0.03033002134619224,0.058790260165505745,0.12310830852161644,3.6981505944517834,0.13017205453354766,16.097998804860236,13.860734049851361,7.217120914449009,0.2282186142236451,1.7365853658536585,0.00411627936519878,0.23129136784557028,1.2409055489480376,0.06715604220096134,93.53856481481482,0.8109023305225417,0.039646264835932,0.9909604635406613,1.18190070466945,-0.4004093269853295,-0.05843805412073086,0.01768675820339772,0.05541871921182266,0.639290075675597,0.8205161412869859,-0.1815047745927479,Software—Infrastructure,Technology,MSFT
2008Q4,2008,Q4,2008-07-31,2008-06-30,4297000000.0,15837000000.0,5684000000.0,0.46169549801224885,12971000000.0,0.819031382206226,72793000000.0,36286000000.0,43242000000.0,29886000000.0,36507000000.0,985000000.0,-27703000000.0,256035570000.0,245696570000.0,3.898785860105297,1.4468982132101988,0.0,0.0,0.11278504372250304,3.898785860105297,0.11842032739899686,16.16692365978405,14.89618163835234,7.056042826434438,0.2373749127298115,2.909644670050761,0.003983821466681367,0.2175621282266152,1.2464364585424614,0.059030401274847856,89.30434949424486,0.819031382206226,-0.01766915316542792,1.5752562525774316,1.2607420196026016,-0.3153803590457513,0.08634840871021776,-0.0207383773928897,0.28918122023134496,0.35463954768134415,0.8180113326829471,-0.12033213556472812,Software—Infrastructure,Technology,MSFT
2008Q3,2008,Q3,2008-04-24,2008-03-31,4388000000.0,14454000000.0,4409000000.0,0.47,11940000000.0,0.8260689082606891,70747000000.0,37554000000.0,41489000000.0,27028000000.0,33193000000.0,774000000.0,-25821000000.0,264132660000.0,252312660000.0,4.0350273987321374,1.535037738641409,0.0,0.0,0.10710393803539674,4.0350273987321374,0.1168450764232838,18.274018264840183,15.048579079307201,7.033409490333918,0.23313582497721058,3.248062015503876,0.0038730537904702886,0.2043054829180036,1.3397957673523753,0.06202383139921128,41.773313300648425,0.8260689082606891,-0.06000000000000005,0.8081009675601503,1.1238875104060464,-0.2581702999654293,-0.06893325015595758,-0.06777140429148078,-0.3197037494213856,0.9970003153789783,0.7525608225941307,-0.07533283852329216,Software—Infrastructure,Technology,MSFT
2008Q2,2008,Q2,2008-01-24,2007-12-31,4707000000.0,16367000000.0,6481000000.0,0.5,12824000000.0,0.7835278303904197,67339000000.0,34431000000.0,37775000000.0,22058000000.0,32908000000.0,755000000.0,-29725000000.0,333251600000.0,325791600000.0,3.678132678132678,1.7125306011424426,0.0,0.0,0.129912879437314,3.678132678132678,0.13670819900670908,20.361190199792265,17.69978755045677,9.67882431529726,0.21967282770342045,4.692715231788079,0.0031027607969474113,0.24305380240276808,1.4823193399220238,0.06990005791591797,86.06704545454545,0.7835278303904197,0.11111111111111108,1.1086583969574293,1.1908016631066067,-0.29471482976105634,0.15666997384323983,0.09745861506178596,0.09513349104427171,0.5793507466095948,0.7579599981032378,-0.1529672861608837,Software—Infrastructure,Technology,MSFT
2008Q1,2008,Q1,2007-10-25,2007-09-30,4289000000.0,13762000000.0,5918000000.0,0.45,11087000000.0,0.8056241825316087,65645000000.0,32135000000.0,35853000000.0,22744000000.0,33510000000.0,1178000000.0,-30094000000.0,279243538000.0,272606538000.0,3.4259061833688698,1.5763717903622934,0.0,0.0,0.12706961000877293,3.4259061833688698,0.13346818111093822,20.290912512716176,16.27672755887153,8.689700886883461,0.2186989974352996,2.270797962648557,0.0033590750450955826,0.20964277553507502,1.3434752022511431,0.06533627846751466,52.02003315946349,0.8056241825316087,0.4419275123558484,0.8011536229344839,1.033876704779742,-0.31259098966636284,0.09403986579830274,0.41317957166392094,0.4835798445725746,0.9666429802839329,0.7360404961805405,-0.5095215293528333,Software—Infrastructure,Technology,MSFT
2007Q4,2007,Q4,2007-08-03,2007-06-30,3035000000.0,13371000000.0,3989000000.0,0.31208226221079693,10134000000.0,0.7579089073367736,63171000000.0,31097000000.0,40168000000.0,23754000000.0,32074000000.0,1127000000.0,-31114000000.0,286595750000.0,280484750000.0,3.1976349614395887,1.6909994106255788,0.0,0.0,0.09087716616483339,3.1976349614395887,0.09759783901984115,21.43412983322115,23.60755766062603,9.216186448853588,0.31367380560131797,2.8722271517302573,0.0033217519799229405,0.21166357980719,1.4628694114675422,0.048044197495686315,80.00998045784478,0.7579089073367736,-0.37583547557840613,1.2162956719625777,1.0529816046334166,-0.33632835123819954,-0.17327459618208516,-0.38388144539179864,-0.3945970556988921,0.2512294416146635,0.5958248630272662,-0.5391046701085738,Software—Infrastructure,Technology,MSFT
2007Q3,2007,Q3,2007-04-26,2007-03-31,4926000000.0,14398000000.0,6589000000.0,0.5,12258000000.0,0.8513682455896653,63891000000.0,34973000000.0,42783000000.0,21627000000.0,28918000000.0,1750000000.0,-27389000000.0,271035750000.0,263424750000.0,3.5961953727506426,1.9782216673602442,0.0,0.0,0.13313306927433902,3.5961953727506426,0.14085151402510507,18.824541603000416,13.755366930572473,7.749857032567982,0.19813235891189607,1.2228571428571429,0.003601000974963635,0.22535255356779516,1.6964904979886253,0.07710006104146123,39.683125915080524,0.8513682455896653,0.923076923076923,1.0035482714006996,1.213108091565675,-0.28274777372210935,0.37390719569603226,0.8758568164508759,0.8977534562211982,3.1543128036204755,0.740310080342946,-0.4504821890745866,Software—Infrastructure,Technology,MSFT
2007Q2,2007,Q2,2007-01-25,2006-12-31,2626000000.0,12542000000.0,3472000000.0,0.26,8922000000.0,0.7113697974804656,66371000000.0,36634000000.0,45180000000.0,22215000000.0,29737000000.0,1725000000.0,-24518000000.0,,,,,,,,,,,,,,,,,,,,,,,,,,,,,,,Software—Infrastructure,Technology,MSFT
2007Q1,2007,Q1,2006-10-26,2006-09-30,3478000000.0,10811000000.0,4474000000.0,0.35,9115000000.0,0.8431227453519563,65354000000.0,36101000000.0,45358000000.0,21972000000.0,29253000000.0,2521000000.0,-21556000000.0,,,,,,,,,,,,,,,,,,,,,,,,,,,,,,,Software—Infrastructure,Technology,MSFT
