Quarters,Year,Quarter,FillingDate,Date,NetIncome,Revenue,OperatingIncome,EPSDiluted,GrossProfit,GrossProfitRatio,TotalAssets,CommonStockEquity,CurrentAssets,CurrentLiability,TotalLiability,Inventory,RetainedEarnings,MarketCap,EnterpriseValue,bookValuePerShare,currentRatio,debtToAssets,debtToEquity,roic,shareholdersEquityPerShare,roe,priceToSalesRatio,peRatio,pbRatio,payoutRatio,inventoryTurnover,dividendYield,assetTurnover,quickRatio,returnOnAssets,priceToFreeCashFlowsRatio,grossProfitMargin,epsdilutedGrowth,fiveYNetIncomeGrowthPerShare,fiveYRevenueGrowthPerShare,fiveYShareholdersEquityGrowthPerShare,grossProfitGrowth,netIncomeGrowth,operatingIncomeGrowth,threeYNetIncomeGrowthPerShare,threeYRevenueGrowthPerShare,threeYShareholdersEquityGrowthPerShare,Industry,Sector,Symbol
2023Q2,2023,Q2,2023-04-27,2023-03-31,101550000.0,380266000.0,159761000.0,4.0,300460000.0,0.7901311187,1502431000.0,-770793000.0,521326000.0,373278000.0,2273224000.0,0.0,3157877000.0,17648762040.0,19464479040.0,-30.6893215480172,1.3966159270034666,1.3002181131779096,-2.5343873128064214,0.09741264520245273,-30.6893215480172,-0.13174743413601317,46.411622495831864,43.44845406203841,-22.896889359399996,0.0,0.0,0.0,0.25310047516325207,1.2752157909118673,0.06759045839709112,199.92480532868132,0.7901311187431955,0.041666666666666706,2.756360417947324,0.7605990587003559,-3.482362717909744,0.11986164792527795,0.04001310897862622,0.1383934615466834,1.0250880137955114,0.4352276827954591,-5.1837024028503915,Software—Application,Technology,FICO
2023Q1,2023,Q1,2023-01-26,2022-12-31,97643000.0,344870000.0,140339000.0,3.84,268301000.0,0.7779772088,1458693000.0,-802095000.0,483822000.0,354988000.0,2260788000.0,0.0,3056327000.0,14991436100.000002,16823006100.000002,-32.02615292473548,1.362924943941767,1.3515016525067303,-2.4578460157462643,0.09525820916690045,-32.02615292473548,-0.1217349565824497,43.46981790239801,38.3832842600084,-18.690349771535793,0.0,0.0,0.0,0.23642397680663443,1.2622680203274477,0.06693869100626383,163.67983513484006,0.7779772088033172,0.08169014084507044,3.2955847780526426,0.7600404568032445,-3.497867523947583,0.007657870818967784,0.07656093231457899,0.04608813619964817,1.0604110503535324,0.33892562786389535,-4.857715931791647,Software—Application,Technology,FICO
2022Q4,2022,Q4,2022-11-09,2022-09-30,90699000.0,348748000.0,134156000.0,3.55,266262000.0,0.7634796472,1442034000.0,-801947000.0,484715000.0,331459000.0,2243981000.0,0.0,2958684000.0,10391304210.0,12150963210.0,-31.796796320526546,1.462367894671739,1.3126327118500674,-2.360331792500003,0.09519023884965043,-31.796796320526546,-0.11309849653406023,29.796025238854416,28.642278884000923,-12.957594716359061,0.0,0.0,0.0,0.24184450574674385,1.3745651800071803,0.06289657525412022,72.14730512605101,0.7634796471951094,-0.016620498614958464,1.742119929526314,0.6674808209380226,-3.276199670488041,-0.014847840162797152,-0.0299572192513369,-0.045933933079685664,0.9052110502472231,0.3095686998449115,-4.173238346661237,Software—Application,Technology,FICO
2022Q3,2022,Q3,2022-08-03,2022-06-30,93500000.0,348966000.0,140615000.0,3.61,270275000.0,0.7745023871,1456836000.0,-847472000.0,473257000.0,383855000.0,2304308000.0,0.0,2867985000.0,10276670600.0,12121249600.0,-33.06046656783959,1.2329056544789048,1.372591698722437,-2.359536362263296,0.09099553782325581,-33.06046656783959,-0.11032812883493497,29.4489165133566,27.477728877005347,-12.126265646534634,0.0,0.0,0.0,0.2395369142442938,1.1499211942009353,0.06418018225798923,89.20643570802336,0.7745023870520337,-0.08607594936708868,3.469766397524614,0.8219492675051305,-3.3616856269209903,-0.052999113527983435,-0.10426027226655682,-0.07524809775281638,0.6469808509424585,0.25486310465383255,-4.569145954488942,Software—Application,Technology,FICO
2022Q2,2022,Q2,2022-04-27,2022-03-31,104383000.0,357195000.0,152057000.0,3.95,285401000.0,0.7990061451,1486485000.0,-663416000.0,482209000.0,382762000.0,2149901000.0,0.0,2774485000.0,12195596700.0,13863413700.0,-25.374488429910116,1.2598141926314523,1.2391890937345482,-2.776592665838629,0.09772043428014192,-25.374488429910116,-0.1573416981200333,34.14268592785454,29.208771303756357,-18.383030707730896,0.0,0.0,0.0,0.24029505847687666,1.169329766277739,0.07022136113045203,101.45665072168379,0.799006145102815,0.27831715210356,3.9367840041396653,0.8555055152169513,-2.842750327511577,0.12736314870555146,0.22862792641156324,0.2994658804426783,2.4773353186985063,0.4276156874372938,-3.9810240773370027,Software—Application,Technology,FICO
2022Q1,2022,Q1,2022-01-27,2021-12-31,84959000.0,322361000.0,117015000.0,3.09,253158000.0,0.7853245275,1463310000.0,-538299000.0,461996000.0,321797000.0,2001609000.0,0.0,2670102000.0,11781512890.0,13303619890.0,-19.814443994552214,1.4356752859722124,1.1509960295494461,-3.128863326887102,0.079238360547046,-19.814443994552214,-0.15782864170284544,36.54757520295569,34.66823082310291,-21.886559124204208,0.0,0.0,0.0,0.22029576781406537,1.3123739500368246,0.05805946791862285,95.02292912102979,0.7853245274707549,0.029999999999999954,1.556963934457569,0.6744648593939274,-2.455371113345576,-0.03454404002806846,-0.008877741483901073,0.015887485349654902,1.2638376405747136,0.3103548855073255,-3.5180285329920653,Software—Application,Technology,FICO
2021Q4,2021,Q4,2021-11-10,2021-09-30,85720000.0,334577000.0,115185000.0,3.0,262216000.0,0.7837239260319747,1567776000.0,-110942000.0,550974000.0,559207000.0,1678718000.0,0.0,2585143000.0,11159150990.0,12276484990.0,-3.9561387868630318,0.9852773659843314,0.8372930826852816,-11.832200609327396,0.07457237156098308,-3.9561387868630318,-0.7726559824052207,33.35301287894864,32.54535403056463,-100.5854499648465,0.0,0.0,0.0,0.21340867572918581,0.9074653929582427,0.054676178229542995,124.0208827713441,0.7837239260319747,-0.42084942084942084,1.9436206593094782,0.5641086141356242,-1.2737249830687816,0.02450536054761979,-0.4330612838794164,-0.4074357971849535,0.7607104450698392,0.2399023031314058,-1.436164237500299,Software—Application,Technology,FICO
2021Q3,2021,Q3,2021-08-03,2021-06-30,151198000.0,338184000.0,194384000.0,5.18,255944000.0,0.7568187732122158,1589155000.0,124838000.0,556880000.0,544769000.0,1464317000.0,0.0,2499423000.0,14420381160.0,15296206160.0,4.351727263220274,1.0222314412163687,0.70064719929774,8.919055095403642,0.12078091683194705,4.351727263220274,1.2111536551370576,42.64063693137464,23.843538208177357,115.51275380893637,0.0,0.0,0.0,0.21280743539805747,0.951247225888404,0.09514364552230588,145.63099535447384,0.7568187732122158,1.223175965665236,3.692435554864485,0.5378632602236868,-0.6833201667082165,0.05314613953947693,1.2016774907534147,0.920809494164962,3.838518377028213,0.34957059914971067,-0.561229437776612,Software—Application,Technology,FICO
2021Q2,2021,Q2,2021-05-05,2021-03-31,68674000.0,331361000.0,101199000.0,2.33,243028000.0,0.7334236678426248,1579608000.0,223303000.0,551818000.0,500561000.0,1356305000.0,0.0,2348225000.0,14137736350.0,14964226350.0,7.677072231581119,1.1023991082005988,0.6484684807876384,4.587157360178771,0.05791976996513791,7.677072231581119,0.30753729237851707,42.66566177069721,51.46684462096281,63.311896167986994,0.0,0.0,0.0,0.20977419714258222,0.924242999354724,0.04347534324971765,92.79896257253131,0.7334236678426248,-0.19655172413793098,2.1936022876945,0.7234881998363567,-0.4356888087425868,0.09036906759509346,-0.20600749202238358,0.06839032527105922,1.1934675580086846,0.32472552542490674,-0.3790257676254041,Software—Application,Technology,FICO
2021Q1,2021,Q1,2021-01-28,2020-12-31,86492000.0,312414000.0,94721000.0,2.9,222886000.0,0.713431536358806,1402051000.0,324121000.0,508441000.0,391042000.0,1252742000.0,0.0,2279551000.0,14885062080.0,15611231080.0,11.127853881278538,1.3002209481334486,0.6211122134644175,2.686746616232827,0.07364215143002541,11.127853881278538,0.26685095998099473,47.64531064548964,43.024389770152155,45.92439885104638,0.0,0.0,0.0,0.2228264164427685,1.2370614921159364,0.061689624699814774,198.72716456169394,0.713431536358806,0.46464646464646464,3.812805297747424,0.6718044763754013,-0.17799993536300424,-0.20590708279891692,0.46284206609613365,0.10797754123289273,2.271767245858852,0.3709543734067049,-0.13208730106913696,Software—Application,Technology,FICO
2020Q4,2020,Q4,2020-11-12,2020-09-30,59126000.0,374356000.0,85490000.0,1.98,280680000.0,0.7497676008932673,1606240000.0,331082000.0,534078000.0,414511000.0,1275158000.0,0.0,2193059000.0,12355162100.0,13032203100.0,11.398932690652435,1.288453141171163,0.519495841219245,2.5203272905201732,0.053387349246188376,11.398932690652435,0.17858415739907335,33.00377742042334,52.24081664580726,37.317528890123896,0.0,0.0,0.0,0.23306355214662816,1.247462672884435,0.03681019025799383,91.33704516892142,0.7497676008932673,-0.07906976744186044,0.9070610043847518,0.7284704464782386,-0.18579424847247558,0.24656913688810722,-0.07725201323428428,0.03160333530426808,0.5522203283394634,0.5542641907437986,-0.18399808040948037,Software—Application,Technology,FICO
2020Q3,2020,Q3,2020-07-29,2020-06-30,64076000.0,313731000.0,82871000.0,2.15,225162000.0,0.717691270547061,1564120000.0,247286000.0,483011000.0,460187000.0,1316834000.0,0.0,2133933000.0,12125250200.0,12926616200.0,8.52563351146354,1.049597228952578,0.5926904585325934,3.748853554184224,0.055817417594457956,8.52563351146354,0.25911697386831445,38.64855624723091,47.308080248454964,49.033306373996105,0.0,0.0,0.0,0.20057987878167916,0.9327316938548894,0.04096616627880214,122.52182813952548,0.717691270547061,0.10824742268041236,2.453426359881791,0.6076447427741489,-0.33116692899818373,0.024245787692419665,0.09930002744990392,0.09435332646647122,1.7071487415556184,0.4476184459049571,-0.3909684824591653,Software—Application,Technology,FICO
2020Q2,2020,Q2,2020-04-29,2020-03-31,58288000.0,307971000.0,75726000.0,1.94,219832000.0,0.7138074688850573,1552132000.0,214151000.0,483671000.0,479824000.0,1337981000.0,0.0,2069857000.0,8982701860.0,9821367860.0,7.335445639514969,1.0080175230918003,0.6105357018604087,4.425064557251659,0.05702025349827082,7.335445639514969,0.27218177827794404,29.167362706228833,38.52723485108427,41.94564517560039,0.0,0.0,0.0,0.19841804691868992,0.8675535196238621,0.03755350704708105,163.8342062449843,0.7138074688850573,0.06593406593406587,2.315456613741112,0.5960516696011895,-0.3969593267057011,0.05817681206858375,0.06130623987181588,0.45958135769631087,1.4688150042342623,0.43272138813947303,-0.46728404428733294,Software—Application,Technology,FICO
2020Q1,2020,Q1,2020-01-30,2019-12-31,54921000.0,298504000.0,51882000.0,1.82,207746000.0,0.695957173103208,1545038000.0,240961000.0,460994000.0,442032000.0,1304077000.0,0.0,2011569000.0,10875087000.0,11682130000.0,8.301843238587425,1.042897346798422,0.5943277770514382,3.8108200082170973,0.05486507385452518,8.301843238587425,0.22792485090948328,36.4319640607831,49.503318402796744,45.13214586592851,0.0,0.0,0.0,0.1932017206049301,0.8887501357367792,0.0355466985278032,201.89523809523808,0.695957173103208,0.01111111111111112,3.194432128080144,0.7327450128835442,-0.3424755514531039,-0.044178000257651326,0.006173970394254727,-0.2618549660676939,0.54711679626106,0.451286491608735,-0.39022952951466505,Software—Application,Technology,FICO
2019Q4,2019,Q4,2019-11-08,2019-09-30,54584000.0,305344000.0,70287000.0,1.8,217348000.0,0.7118135610983023,1433448000.0,289767000.0,455706000.0,490828000.0,1143681000.0,0.0,1956648000.0,8777191360.0,9495555360.0,10.020298775848952,0.9284433650891962,0.5753888526127212,2.8463903757156612,0.05653356496581111,10.020298775848952,0.18837203684339487,28.74525571159086,40.200385460940936,30.290513964668165,0.0,0.0,0.0,0.21301365658189206,0.8227994327951951,0.03807881415998348,97.95644520830776,0.7118135610983023,-0.15094339622641512,0.6565193784401896,0.5308275769048802,-0.29196624482176997,-0.04266321343939674,-0.1491457787754084,-0.17992486115648482,0.8176960220592984,0.3842560626365201,-0.3066961852118798,Software—Application,Technology,FICO
2019Q3,2019,Q3,2019-07-31,2019-06-30,64152000.0,314249000.0,85708000.0,2.12,227034000.0,0.7224653061744031,1373798000.0,268317000.0,435064000.0,457713000.0,1105481000.0,0.0,1902064000.0,9175007580.0,9918781580.0,9.262850830255118,0.9505170270453319,0.5987648839203434,3.0657095897762723,0.06457313231569484,9.262850830255118,0.2390903297219334,29.196616632033834,35.75495534044145,34.1946562461566,0.0,0.0,0.0,0.22874469172323733,0.8670323980310806,0.04669682151233296,150.9941343558686,0.7224653061744031,0.9272727272727272,2.6871448415530663,0.8780819598706212,-0.33869089954165377,0.17838124007349507,0.9218118091129684,0.765391666151723,0.9717147479095279,0.4152077021384369,-0.3259324678906537,Software—Application,Technology,FICO
2019Q2,2019,Q2,2019-04-30,2019-03-31,33381000.0,278234000.0,48549000.0,1.1,192666000.0,0.6924603031980275,1328111000.0,247478000.0,397000000.0,436620000.0,1080633000.0,0.0,1837912000.0,7930514979.999999,8675998980.0,8.512003852239115,0.9092574778984014,0.6192020094705939,3.3229984079392914,0.03789486378343555,8.512003852239115,0.13488471702535174,28.50304053422658,59.393929031484966,32.045333241742696,0.0,0.0,0.0,0.20949604362888344,0.7982158398607485,0.025134194355742857,181.81331483986335,0.6924603031980275,-0.16666666666666663,0.9088623905843191,0.7802031677550701,-0.44963532640358356,0.03478167463343896,-0.16562101632214363,-0.009284956330095502,0.5530376134563066,0.44780898095723387,-0.37431629025386093,Software—Application,Technology,FICO
2019Q1,2019,Q1,2019-01-30,2018-12-31,40007000.0,262256000.0,49004000.0,1.32,186190000.0,0.7099551583185895,1305626000.0,227895000.0,375842000.0,433347000.0,1077731000.0,0.0,1804531000.0,5415707000.0,6167968000.0,7.869030765512241,0.8673003389893088,0.6373624606127636,3.6514930121327804,0.0497750142971291,7.869030765512241,0.17555014370653152,20.650459856018546,33.84224635688755,23.764044845213803,0.0,0.0,0.0,0.2008660979484171,0.7556577061800359,0.030642006210047902,127.78017129509473,0.7099551583185895,-0.19512195121951212,1.823439218123988,0.7045203372402656,-0.49381561681183556,-0.07072269914154522,-0.20746830427892235,-0.30072205256999346,1.2389301329108746,0.4114406837200488,-0.4187249520984555,Software—Application,Technology,FICO
2018Q4,2018,Q4,2018-11-09,2018-09-30,50480000.0,279791000.0,70078000.0,1.64,200360000.0,0.7161059505130616,1255079000.0,263737000.0,338512000.0,422215000.0,991342000.0,0.0,1740810000.0,6614145190.0,7288066190.0,9.070296110327751,0.8017526615586845,0.6086820032842554,2.896612913622283,0.04813665850836797,9.070296110327751,0.19140279900051946,23.639592374307966,32.756265798335974,25.07856383442596,0.0,0.0,0.0,0.2229270030014047,0.707904740475824,0.04022057575658584,125.06892803116254,0.7161059505130616,0.5769230769230768,1.1357973450699286,0.7761785293507396,-0.39952618457548644,0.10625845457306131,0.559902351596057,0.4486108814288077,0.626399444618083,0.2904247526362084,-0.3521246715367795,Software—Application,Technology,FICO
2018Q3,2018,Q3,2018-07-26,2018-06-30,32361000.0,259505000.0,48376000.0,1.04,181115000.0,0.6979248954740757,1287070000.0,294644000.0,335292000.0,397213000.0,992426000.0,0.0,1690330000.0,5743150560.0,6381934560.0,9.918001885014137,0.8441113458018745,0.589488528207479,2.5750159514532793,0.03560520200088378,9.918001885014137,0.10983084671671577,22.13117496772702,44.36783906554185,19.491829326237767,0.0,0.0,0.0,0.20162462026152425,0.7611734761953914,0.025143154606975533,79.79922967903293,0.6979248954740757,0.009708737864077678,0.9707038546915594,0.6873652161934368,-0.31666563364797784,0.009903032803796162,0.0026646010844306738,0.006177333139208386,0.7028492207437163,0.2983083057241036,-0.22193610011074946,Software—Application,Technology,FICO
2018Q2,2018,Q2,2018-04-26,2018-03-31,32275000.0,257858000.0,48079000.0,1.03,179339000.0,0.6954951950298226,1290895000.0,370703000.0,333219000.0,368546000.0,920192000.0,0.0,1657969000.0,5078559450.0,5674559450.0,12.362948140737036,0.9041449371313215,0.5452558108908935,1.8987383430940672,0.035392000360836215,12.362948140737036,0.08706430754539349,19.69517893569329,39.33818319132455,13.699806718586037,0.0,0.0,0.0,0.19975133531387138,0.804257813135945,0.025002033472900583,120.44204928141157,0.6954951950298226,0.1976744186046512,1.0755725253813715,0.7102742945430616,-0.16844324109341194,0.11416980405313056,0.18227773911132275,0.20486668003207698,0.7873927689865071,0.3010898353396215,0.0163473273568588,Software—Application,Technology,FICO
2018Q1,2018,Q1,2018-01-25,2017-12-31,27299000.0,235321000.0,39904000.0,0.86,160962000.0,0.6840103518173049,1240845000.0,385642000.0,299136000.0,353280000.0,855203000.0,0.0,1625694000.0,4607949600.0,5177570600.0,12.821397699315114,0.8467391304347827,0.5349854333135887,1.7213737092951493,0.030567600189477958,12.821397699315114,0.07078845146534869,19.58154860807153,42.198886406095454,11.948775288998604,0.0,0.0,0.0,0.18964576558716037,0.7327700407608696,0.02200033041999605,186.30775077831237,0.6840103518173049,-0.312,0.357980795127153,0.44282512084725384,-0.11681637421746094,-0.09573434155604119,-0.3182748976126261,-0.3437165929312698,1.0118923855978668,0.318161008933267,0.015483213734719802,Software—Application,Technology,FICO
2017Q4,2017,Q4,2017-11-09,2017-09-30,40044000.0,253205000.0,60803000.0,1.25,178003000.0,0.7029995458225549,1255620000.0,426537000.0,310931000.0,326655000.0,829083000.0,0.0,1598395000.0,4290027000.0,4789210000.0,13.969247396345057,0.9518635869648406,0.4816751883531642,1.4179332625305658,0.04355581342567409,13.969247396345057,0.09388165622208625,16.94290002172153,26.783207222055736,10.057807411783738,0.0,0.0,0.0,0.20165734856087034,0.8394299796421301,0.0318918144024466,87.22226288502593,0.7029995458225549,0.6025641025641025,1.114897311152459,0.5269093665381934,0.00887078640146707,0.10428492552406121,0.5873468902366512,0.46764343817132925,0.15094128114888694,0.2022470390072165,-0.012933754541672117,Software—Application,Technology,FICO
2017Q3,2017,Q3,2017-07-31,2017-06-30,25227000.0,230986000.0,41429000.0,0.78,161193000.0,0.6978474885923822,1258354000.0,432755000.0,321965000.0,399025000.0,825599000.0,0.0,1562188000.0,4309720740.0,4790820740.0,13.99867374005305,0.8068792682162772,0.48616446564321325,1.4136566879643215,0.028320214365171965,13.99867374005305,0.05829395385379718,18.657930523927856,42.70940599357831,9.958800568450972,0.0,0.0,0.0,0.18356201831916932,0.6789850260008772,0.02004761776097982,64.48009725006733,0.6978474885923822,0.0,0.3373443320999845,0.5832334609998744,0.17140196342347658,0.0316550077761493,0.0057008451602615215,0.034664468919357656,0.35860723102939845,0.29352435931697307,-0.0005830269438349495,Software—Application,Technology,FICO
2017Q2,2017,Q2,2017-04-27,2017-03-31,25084000.0,228378000.0,40041000.0,0.78,156247000.0,0.6841595950573173,1247068000.0,427101000.0,309229000.0,264279000.0,819967000.0,0.0,1536961000.0,3999642149.9999995,4509514150.0,13.769900377212496,1.1700854021696767,0.5017529116295182,1.4650398851793838,0.028790359427114668,13.769900377212496,0.058730838841398174,17.513254998292304,39.86248355525434,9.36462839000611,0.024716951044490513,0.0,0.00015501386792815956,0.1831319543120343,0.9733728370396437,0.020114380290409184,65.4241853960153,0.6841595950573173,-0.32758620689655166,0.42778375918640715,0.6307693546082456,0.17742355945946625,0.04441087411348703,-0.33817049682066436,0.14641967532281616,0.34455033960329795,0.36967847752020777,-0.10967301494275261,Software—Application,Technology,FICO
2017Q1,2017,Q1,2017-01-31,2016-12-31,37901000.0,219600000.0,34927000.0,1.16,149603000.0,0.6812522768670309,1224398000.0,421906000.0,284744000.0,249715000.0,802492000.0,0.0,1512497000.0,3694508580.0,4227079580.0,13.614701991029074,1.1402759145425785,0.506920135446154,1.4711144188515926,0.04431012587541298,13.614701991029074,0.08983280635971046,16.82380956284153,24.369466372918918,8.756710215071603,0.016305638373657685,0.0,0.00016727529158965982,0.17935344552996657,0.9763730652944357,0.03095480391179992,128.91268292682926,0.6812522768670309,0.15999999999999992,0.46918930386267416,0.4989862858323411,0.0612951458811782,-0.07381474189913698,0.18056939945178171,-0.2223755983524435,1.4997646199573296,0.3338748429500044,-0.12421875895777927,Software—Application,Technology,FICO
2016Q4,2016,Q4,2016-11-10,2016-09-30,32104000.0,235824000.0,44915000.0,1.0,161526000.0,0.6849430083452066,1221052000.0,446828000.0,267638000.0,246077000.0,774224000.0,0.0,1475214000.0,3851824440.0,4346898440.0,14.452969336266012,1.0876189160303482,0.46762955222218217,1.2778966403179748,0.0369325147533492,14.452969336266012,0.07184867555300921,16.33347089354773,29.994895028656867,8.620373924642143,0.019312235235484674,0.0,0.00016096268395866974,0.19313182403370208,0.9903891871243554,0.02629208256487029,271.6761489631824,0.6849430083452066,-0.07407407407407414,0.5199101455883616,0.7152279659074782,0.11880775490770974,-0.06304163717994826,-0.08240203504158687,-0.18807281404219164,0.2775153898054266,0.40801465410481674,-0.04318122186999332,Software—Application,Technology,FICO
2016Q3,2016,Q3,2016-07-28,2016-06-30,34987000.0,238778000.0,55319000.0,1.08,172394000.0,0.7219844374272336,1226712000.0,428041000.0,295794000.0,250243000.0,798671000.0,0.0,1443730000.0,3520148490.0,4002993490.0,13.74172525602748,1.182027069688263,0.48992754615590295,1.4040711053380401,0.037399578831164154,13.74172525602748,0.08173749710892181,14.742348499442997,25.15326042530083,8.223858205171934,0.017835195929916826,0.0,0.00017726524939861273,0.1946487847188256,1.092342243339474,0.028520956834203953,44.805555781836695,0.7219844374272336,0.5000000000000001,0.9109027782164717,1.0070375060821535,0.11139885744064028,0.19402964399501316,0.513540404914345,0.4359619977157097,1.0320549329059079,0.4807678580417672,-0.05321724786123762,Software—Application,Technology,FICO
2016Q2,2016,Q2,2016-05-04,2016-03-31,23116000.0,206678000.0,38524000.0,0.72,144380000.0,0.6985745942964418,1214941000.0,425380000.0,276586000.0,241331000.0,789561000.0,0.0,1409367000.0,3317222120.0,3842848120.0,13.60432390942817,1.1460856665741244,0.5029050793413014,1.4363627815130002,0.026731610049303314,13.60432390942817,0.05434200009403357,16.05019460223149,35.87582323931476,7.7982559593774985,0.026951029589894447,0.0,0.0001878077431848308,0.1701136104551579,0.99689223514592,0.019026438320873196,96.81645273326913,0.6985745942964418,0.22033898305084748,2.8190884064981283,0.7304981354453387,0.092382348806429,0.0471196594213935,0.20139285899901252,0.2494000129726925,0.425569181316201,0.314568915339478,-0.08494580997530059,Software—Application,Technology,FICO
2016Q1,2016,Q1,2016-01-28,2015-12-31,19241000.0,200076000.0,30834000.0,0.59,137883000.0,0.6891531218137108,1215250000.0,422168000.0,287545000.0,243090000.0,793082000.0,0.0,1386874000.0,2937003300.0,3465293300.0,13.537534070867403,1.1828746554773952,0.5093602139477473,1.4662409277823047,0.023966129620080476,13.537534070867403,0.045576642474086146,14.679438313440892,38.160741385582874,6.956953866707094,0.03232680214126085,0.0,0.00021178049067905369,0.164637728862374,0.945279526101444,0.015832956181855585,81.00737257281554,0.6891531218137108,-0.4271844660194175,0.5386535930521607,0.6426307649938616,0.09970531095483097,-0.16794597921720555,-0.4225216843242594,-0.2510929758088021,-0.0768383902665103,0.18318107017822846,-0.06748634546278871,Software—Application,Technology,FICO
2015Q4,2015,Q4,2015-11-10,2015-09-30,33319000.0,232756000.0,41172000.0,1.03,165714000.0,0.7119644606368901,1230163000.0,436998000.0,286602000.0,243875000.0,793165000.0,0.0,1368255000.0,2637583000.0,3159463000.0,14.000064073813032,1.1752004100461302,0.4942434457872656,1.3913107153808484,0.038142174745301724,14.000064073813032,0.07624520020686594,11.331965663613397,19.7903823644167,6.03568666218152,0.018788078873915783,0.0,0.00023733850271252127,0.18920744649286314,1.0041742696053306,0.027085028569384707,66.19774621021986,0.7119644606368901,0.6612903225806452,1.6901909492254488,0.9194129923917179,0.1768963602227724,0.15751166494370092,0.6738169396161962,0.11113510012414314,0.7213852053885383,0.3730177196590502,0.011096392745838245,Software—Application,Technology,FICO
2015Q3,2015,Q3,2015-07-30,2015-06-30,19906000.0,209366000.0,37054000.0,0.62,143164000.0,0.6837977513063248,1216127000.0,396662000.0,269090000.0,218917000.0,819465000.0,0.0,1335562000.0,2824892040.0,3388534040.0,12.747027443923132,1.2291873175678454,0.5328390867072271,1.63363266458597,0.023176954749297787,12.747027443923132,0.05018378367476592,13.49260166407153,35.477896614086205,7.121660355668049,0.03124686024314277,0.0,0.00022018540574031992,0.1721580065239897,1.0582184115441011,0.016368356265422938,80.4743765490129,0.6837977513063248,0.06896551724137938,0.5850062735459515,0.9251945118937188,0.11720865003787598,0.051763910724518435,0.054901960784313725,0.07718247623477427,0.04834724948208705,0.42563708345317325,0.06666483217630233,Software—Application,Technology,FICO
2015Q2,2015,Q2,2015-04-27,2015-03-31,18870000.0,207109000.0,34399000.0,0.58,136118000.0,0.6572288022249154,1236651000.0,381162000.0,301755000.0,256083000.0,855489000.0,0.0,1316278000.0,2780041200.0,3351200200.0,12.164097654380086,1.1783484260962267,0.532082212362259,1.7263001033681218,0.023994419211542523,12.164097654380086,0.04950650904339887,13.423082531420652,36.831494435612086,7.293594849434099,0.033121356650768416,0.0,0.0002248168120673895,0.16747570656555488,1.002694438912384,0.015258953415312809,74.45608227542985,0.6572288022249154,0.34883720930232553,1.1528999987030348,1.1360417278140114,-0.009578676916483711,0.10440567951318458,0.30977996807107655,0.38259646302250805,0.06318205247268108,0.46388627509374514,0.04011610581688705,Software—Application,Technology,FICO
2015Q1,2015,Q1,2015-01-29,2014-12-31,14407000.0,189550000.0,24880000.0,0.43,123250000.0,0.6502242152466368,1167922000.0,403221000.0,279870000.0,365723000.0,764701000.0,0.0,1298033000.0,2308972800.0,2821321800.0,12.625908066132265,0.7652512967464448,0.519726488583998,1.5053779441050936,0.01936365146178392,12.625908066132265,0.03572978589904792,12.181338960696387,40.06685638925522,5.726320801743956,0.044075796487818425,0.0,0.0002750140668612467,0.1622967972176224,0.6610850288332973,0.012335584054414593,-536.0977014162991,0.6502242152466368,-0.6090909090909091,0.2142975203205235,0.8651071855452468,0.024709507558782057,-0.18129703805557215,-0.6063983826462311,-0.5163297045101088,-0.4580893480964663,0.2554983748675991,-0.015783455873105385,Software—Application,Technology,FICO
2014Q4,2014,Q4,2014-11-10,2014-09-30,36603000.0,221570000.0,51440000.0,1.1,150543000.0,0.6794376495012863,1192298000.0,454614000.0,288527000.0,341404000.0,737684000.0,0.0,1284261000.0,1769977300.0,2210902300.0,14.1522896367089,0.8451189792738222,0.4579392064735494,1.2010188863519382,0.042418912407258945,14.1522896367089,0.08051445841967031,7.98834363857923,12.089017976668579,3.893362940868517,0.017484905608829877,0.0,0.0003615865582004922,0.18583441387975153,0.7626448430598353,0.03069953988013064,26.93250505941965,0.6794376495012863,0.8965517241379313,2.170757546955486,1.1614036630684694,0.12238663073582658,0.1163075234691305,0.7813412497566673,0.41237198319650753,0.6677949328458672,0.551000743932028,0.09553206866075284,Software—Application,Technology,FICO
2014Q3,2014,Q3,2014-07-28,2014-06-30,20548000.0,197610000.0,36421000.0,0.58,134858000.0,0.6824452203835838,1185747000.0,479174000.0,273295000.0,313002000.0,706573000.0,0.0,1248298000.0,2181229600.0,2618120600.0,14.006840105232389,0.8731413856780468,0.44697561958832704,1.1060700288412977,0.024473631048950326,14.006840105232389,0.04288212632571884,11.038052730124994,26.538222698072804,4.5520616727952685,0.03328791123223671,0.0,0.0003135845946708224,0.16665443808839492,0.7942569057066728,0.017329160436416875,84.10694840749595,0.6824452203835838,-0.0169491525423729,0.6170905311590792,0.8080578823325796,0.132025321621294,0.05954635092984703,-0.009782661076574623,-0.059787799777990036,0.021862539048964204,0.5123807148884244,0.13284073136892607,Software—Application,Technology,FICO
2014Q2,2014,Q2,2014-04-28,2014-03-31,20751000.0,185462000.0,38737000.0,0.59,127279000.0,0.6862807475385794,1177253000.0,533581000.0,269626000.0,179161000.0,643672000.0,0.0,1228434000.0,1908540000.0,2283364000.0,15.466115942028985,1.504936900329871,0.41027714518459496,0.9052046455927029,0.02527313419527661,15.466115942028985,0.03889006542586786,10.290733411696197,22.993349718085874,3.5768514995848806,0.033540552262541566,0.0,0.00036467666383727874,0.15753792940005248,1.3872662019077813,0.017626627411440023,42.82406264725021,0.6862807475385794,0.2553191489361702,0.6545482303649528,0.6468731873370435,0.337177204198959,0.002007494646680942,0.2223007598515639,0.09829883753898497,2.107184663317147,0.4073847229397918,0.24187810964700288,Software—Application,Technology,FICO
2014Q1,2014,Q1,2014-01-28,2013-12-31,16977000.0,184343000.0,35270000.0,0.47,127024000.0,0.6890633221765947,1166276000.0,539423000.0,257688000.0,161640000.0,626853000.0,0.0,1208379000.0,2180485160.0,2562548160.0,15.545779417274273,1.5942093541202673,0.40985152742575515,0.8861320336730173,0.0216504771479741,15.545779417274273,0.031472517857043546,11.82841312119256,32.109400365199974,4.042254705490867,0.040878836072333155,0.0,0.00031827779098482837,0.15806121364068196,1.4665243751546646,0.01455658866340386,83.14845790115925,0.6890633221765947,-0.40506329113924056,0.958594546579408,0.5755888246195605,0.37132034592990476,-0.04863763687293099,-0.4055047799138565,-0.2972003586729102,0.22012114568736166,0.36019256525638943,0.2628427081781979,Software—Application,Technology,FICO
2013Q4,2013,Q4,2013-11-12,2013-09-30,28557000.0,190327000.0,50185000.0,0.79,133518000.0,0.7015189647291241,1161547000.0,530677000.0,249188000.0,165880000.0,630870000.0,0.0,1192096000.0,1942096960.0,2328918960.0,15.105231697597631,1.5022184711839883,0.40463278713646544,0.8856611460455229,0.03335810379732574,15.105231697597631,0.053812394356642555,10.204001324037051,17.001934376860316,3.65965919005346,0.024547396435199775,0.0,0.00036095005266884305,0.16385647761132352,1.3679225946467326,0.0245853159622469,60.25556017498681,0.7015189647291241,0.4629629629629629,0.6572158528669597,0.47389384900262344,0.30311086437212803,0.058683603320725995,0.45535623279991844,0.42538627584639854,1.0485675178108296,0.39448709405309185,0.269800774589063,Software—Application,Technology,FICO
2013Q3,2013,Q3,2013-07-30,2013-06-30,19622000.0,183772000.0,35208000.0,0.54,126117000.0,0.6862688548854015,1164143000.0,515237000.0,246762000.0,181245000.0,648906000.0,0.0,1164240000.0,1657448310.0,2049429310.0,14.514127158511508,1.3614830753951832,0.4166154845238085,0.941314385418749,0.02413219953946838,14.514127158511508,0.03808344509419937,9.019047025662234,21.117219320150852,3.216865850084524,0.03603098562837631,0.0,0.0004265593054904982,0.15786033159156565,1.2454743579133218,0.01685531760273437,59.38333667729569,0.6862688548854015,0.058823529411764754,0.012032904295396368,0.37023470284153404,0.2939807473098172,0.04688343059210253,0.060935387942687214,0.06029030898030476,0.36957498274344086,0.48130114390098855,0.2720854709518187,Software—Application,Technology,FICO
2013Q2,2013,Q2,2013-04-29,2013-03-31,18495000.0,179325000.0,33206000.0,0.51,120469000.0,0.6717914401226823,1198341000.0,530225000.0,285230000.0,191273000.0,668116000.0,0.0,1145325000.0,1585264800.0,1958114800.0,14.867233064154329,1.4912193566263927,0.4205814538599614,0.9505398651515866,0.02339076816901106,14.867233064154329,0.03488141826583054,8.840177331660394,21.42828872668289,2.989796407185629,0.03860502838605028,0.0,0.0004503979398268352,0.1496443833599952,1.3805189441269807,0.015433837280039655,49.36366693653858,0.6717914401226823,-0.2153846153846154,0.8748763202609443,0.26879348898122535,0.39630429856631205,-0.10011802318632723,-0.21032406814397336,-0.22765967344280597,0.8539838251741209,0.6249920780471148,0.21051516194368677,Software—Application,Technology,FICO
2013Q1,2013,Q1,2013-01-30,2012-12-31,23421000.0,190020000.0,42994000.0,0.65,133872000.0,0.704515314177455,1176114000.0,508728000.0,251374000.0,189003000.0,667386000.0,0.0,1127544000.0,1472857290.0,1886018290.0,14.517250235425049,1.330000052909213,0.42852988740887366,0.9907062320139642,0.0283739102053807,14.517250235425049,0.04603835448412511,7.7510645721503,15.721545728192648,2.895176381091664,0.029973101063148457,0.0,0.0004766245886592312,0.16156597064570272,1.2116103977185548,0.01991388589881593,74.69986762692093,0.704515314177455,0.08333333333333341,0.6568704219154977,0.3609438613669401,0.38769770200921144,0.02389329091075963,0.10237221123976278,0.05063291139240506,0.7990209756644467,0.7039567262478246,0.17820946120725373,Software—Application,Technology,FICO
2012Q4,2012,Q4,2012-11-16,2012-09-30,21246000.0,186075000.0,40922000.0,0.6,130748000.0,0.7026629047427113,1158611000.0,474406000.0,259325000.0,209605000.0,684205000.0,0.0,1104825000.0,1488341280.0,1920732280.0,13.846418772984647,1.237208081868276,0.4350036379768533,1.0623811671859125,0.02719148166786538,13.846418772984647,0.04478442515482519,7.998609592906086,17.51319401299068,3.1372733059868554,0.032570836863409586,0.0,0.0004649471255678671,0.1606017895566329,1.1269387657737173,0.018337474786619495,85.18924388987465,0.7026629047427113,0.0169491525423729,0.09965766412960471,0.31148592986062545,0.22353056473563726,0.16069811622250235,0.02395296158851029,0.10100086095566078,0.7255474930443911,0.701830646251668,0.09812869248071626,Software—Application,Technology,FICO
2012Q3,2012,Q3,2012-07-30,2012-06-30,20749000.0,160478000.0,37168000.0,0.59,112646000.0,0.7019404528969703,1066295000.0,406360000.0,279416000.0,143680000.0,659935000.0,0.0,1084271000.0,1437689120.0,1823008120.0,11.950358781319844,1.9447104677060134,0.47266469410435197,1.2402795550743184,0.02800079702472375,11.950358781319844,0.05106063588935919,8.95879260708633,17.322390476649478,3.537969091446009,0.033013639211528265,0.0,0.00047645905534848864,0.15050056504063133,1.8274359688195991,0.01945896773406984,86.19239328537171,0.7019404528969703,0.07272727272727258,0.43193033579394363,0.27916178773367634,-0.03399674582080955,0.0175147009674185,0.03682790325804517,-0.026913812964708347,0.6428012114217725,0.47720912389966136,-0.03417839846262702,Software—Application,Technology,FICO
2012Q2,2012,Q2,2012-04-30,2012-03-31,20012000.0,159521000.0,38196000.0,0.55,110707000.0,0.6939964017276722,1080591000.0,413194000.0,315298000.0,142245000.0,667397000.0,0.0,1064207000.0,1551030900.0,1916994900.0,11.694942118819167,2.216584062708707,0.4738147920906245,1.2391273832630678,0.027832559637192757,11.694942118819167,0.04843245545675881,9.723051510459438,19.37626049370378,3.7537594931194547,0.03542874275434739,0.0,0.00045711532890801857,0.147623846580251,2.098639670990193,0.018519495350229644,42.23940359477124,0.6939964017276722,-0.32098765432098764,0.5044153661177962,0.27903768074799645,-0.08150977683524475,-0.10989346733668341,-0.33286661999533285,-0.26647718543555077,0.5580954543809129,0.3832040401829417,0.011127167566008964,Software—Application,Technology,FICO
2012Q1,2012,Q1,2012-02-02,2011-12-31,29997000.0,170349000.0,52072000.0,0.81,124375000.0,0.730118756200506,1125680000.0,462258000.0,365039000.0,139799000.0,663422000.0,0.0,1044904000.0,1291458560.0000002,1628083560.0000002,12.82838430371316,2.6111703231067462,0.4548361879042001,1.1076065746834018,0.03675129619913639,12.82838430371316,0.06489233285308205,7.581251196073944,10.763230989765644,2.79380467184992,0.023902390239023904,0.0,0.0005551862229323099,0.1513298628384621,2.495640169099922,0.026647892829223224,38.675687589841885,0.730118756200506,0.1855696819529632,0.5478094449806389,0.3180887786657085,0.06443013468802865,0.11561092872647687,0.21844916527884967,0.2668661654867041,2.3324673270546805,0.40203970900655905,0.1316141782857074,Software—Application,Technology,FICO
2011Q4,2011,Q4,2011-11-18,2011-09-30,24619000.0,160249000.0,41103000.0,0.6832158516956208,111486000.0,0.6957048093903863,1129468000.0,465494000.0,364481000.0,146498000.0,663974000.0,0.0,1015624000.0,786622219.9999999,1162870220.0,12.918188377643338,2.48795887998471,0.4533107622349637,1.0999067657155623,0.03131221883131787,12.918188377643338,0.05288789973662389,4.908749633383047,7.9879586904423405,1.6898654332816316,0.030504894593606564,0.0,0.000954714958344299,0.1418800709714662,2.365574956654698,0.021796987608325335,30.962064866566948,0.6957048093903863,0.17795836499244977,0.7986424841016033,0.2455500630736646,-0.0260207906195109,0.03919612978999077,0.06166716977877442,0.09883441159172325,0.39292362934226205,0.20990572637537594,0.11443716719618918,Software—Application,Technology,FICO
2011Q3,2011,Q3,2011-08-08,2011-06-30,23189000.0,150679000.0,37406000.0,0.58,107281000.0,0.7119837535422985,1141686000.0,487786000.0,376406000.0,134683000.0,653900000.0,0.0,991756000.0,1191420200.0,1562503200.0,12.364350713543383,2.7947550915854267,0.4484595589330166,1.0496406210920362,0.02716577634052614,12.364350713543383,0.047539289770514116,7.907008939533711,12.844669886584155,2.4425059349796836,0.0340678770106516,0.0,0.0006630742033750981,0.13197937086028907,2.676952547834545,0.020311188890815863,28.220668908996164,0.7119837535422985,2.052631578947368,0.4391115881104821,0.17394493531057487,-0.08176853510538114,0.02840353534385245,1.9940606843124598,0.9490412671946644,0.07619627690110918,0.010942495988464767,0.10232131781545821,Software—Application,Technology,FICO
2011Q2,2011,Q2,2011-05-10,2011-03-31,7745000.0,152824000.0,19192000.0,0.19,104318000.0,0.6826022090771083,1152426000.0,498277000.0,381085000.0,125831000.0,654149000.0,0.0,969357000.0,1264716100.0,1526422100.0,12.453811547113222,3.0285462246982062,0.45122203074210404,1.0435962326176003,0.013229479054567804,12.453811547113222,0.015543563118506373,8.275637988797572,40.823631375080694,2.5381787640208158,0.10342156229825694,0.0,0.0006333437203811986,0.13261068389640637,2.9022021600400536,0.006720605054033838,55.08345383275261,0.6826022090771083,-0.525,-0.5331425735491385,0.1936929928463709,-0.11753294631989097,-0.052756792096469565,-0.5162096320819539,-0.35240923201511676,-0.30015605389080546,-0.03616395392959623,0.1696400077762618,Software—Application,Technology,FICO
2011Q1,2011,Q1,2011-02-09,2010-12-31,16009000.0,155931000.0,29636000.0,0.4,110128000.0,0.7062611026672053,1136144000.0,491458000.0,365209000.0,118096000.0,644686000.0,0.0,962413000.0,933000510.0,1256568510.0,12.3101470330386,3.092475613060561,0.4576884620259404,1.0580761733454334,0.021895539431344747,12.3101470330386,0.03257450280593662,5.98341901225542,14.569937378974329,1.8984338641348804,0.04984696108439003,0.0,0.0008553049987078785,0.13724580686955173,2.9510398320010838,0.014090643439564,29.570249429513186,0.7062611026672053,0.00809292342655141,-0.09518174191401314,0.2367223050385107,-0.09093571357611006,0.03268880928714765,0.010605391073795847,0.07462470084850242,-0.005910639846362924,-0.019716999912244935,0.17672165679542778,Software—Application,Technology,FICO
2010Q4,2010,Q4,2010-11-23,2010-09-30,15841000.0,155098000.0,27578000.0,0.39678881847556546,106642000.0,0.6875781763788057,1123716000.0,474914000.0,347175000.0,122147000.0,648802000.0,0.0,947202000.0,984501180.0,1358302180.0,11.895749317436064,2.8422720165047033,0.46275037464982255,1.0949350829834454,0.021910995109550326,11.895749317436064,0.03335551278757838,6.347607190292589,15.537232182311723,2.0730093869626924,0.05094375355091219,0.0,0.0008197044517508857,0.13802241847584265,2.6852972238368524,0.014096978240053537,57.74877874237447,0.6875781763788057,-0.008027953811086397,-0.2872830137872179,0.22704783199195464,-0.05124375610563845,-0.03064183323789007,-0.11690266473408406,-0.11259130546706568,-0.2963568498474699,-0.06185202042506772,0.05116081774975627,Software—Application,Technology,FICO
2010Q3,2010,Q3,2010-08-06,2010-06-30,17938000.0,155329000.0,31077000.0,0.4,110013000.0,0.7082579556940429,1162397000.0,507116000.0,371812000.0,128634000.0,655281000.0,0.0,932168000.0,968478340.0,1375866340.0,11.409710660126896,2.8904644184274764,0.44735146425876876,1.0254064158890668,0.02032057462848738,11.409710660126896,0.03537257747734246,6.235013036844376,13.49757971903222,1.9097767374722943,0.04989407960753707,0.0,0.0009241301152899301,0.13362818383048133,2.717702940124695,0.01543190493437268,103.86940583440584,0.7082579556940429,0.4285714285714285,-0.27008167423088075,0.13542159885115376,-0.10302209591708276,0.11035638228080623,0.3806958128078818,0.34759984389228565,-0.052899503280091305,-0.05276039950083803,-0.07769985582740066,Software—Application,Technology,FICO
2010Q2,2010,Q2,2010-05-07,2010-03-31,12992000.0,143720000.0,23061000.0,0.28,99079000.0,0.689389089897022,1277379000.0,570450000.0,455803000.0,120777000.0,706929000.0,0.0,915125000.0,1176966980.0,1707665980.0,12.28174047839473,3.7739221871713986,0.446226217904005,0.9992111490928215,0.013702836562999239,12.28174047839473,0.02277500219125252,8.189305455051489,22.64791756465517,2.0632254886493118,0.07158251231527094,0.0,0.0007901666026348505,0.1125116351529186,3.567988938291231,0.010170826356155847,33.44891522437264,0.689389089897022,-0.24324324324324317,-0.454215556482289,0.05729358957494511,-0.08202684279269012,-0.09082650467529846,-0.26540766708130725,-0.2709828343818165,-0.25706376622968047,-0.12344141886644024,-0.03542416557155346,Software—Application,Technology,FICO
2010Q1,2010,Q1,2010-02-08,2009-12-31,17686000.0,151496000.0,31633000.0,0.37,108977000.0,0.7193391244653324,1288574000.0,586575000.0,459459000.0,113883000.0,701999000.0,0.0,903063000.0,1014483859.9999999,1509327860.0,12.321451077595261,4.0344827586206895,0.44234944985697366,0.9717427438946427,0.018334624674376767,12.321451077595261,0.030151302050036227,6.696439906004118,14.340210618568358,1.7295040872863656,0.05354517697613932,0.0,0.0009334796119871243,0.11756872325531945,3.825549028388785,0.013725249772228837,37.89912806335923,0.7193391244653324,0.02958966565349548,-0.0856649303582488,0.11589848178310036,-0.026216419490026677,0.026835266515278577,0.033785363572597614,-0.03684194501111348,-0.30925130677158635,-0.11272749771631327,0.02236754992446448,Software—Application,Technology,FICO
2009Q4,2009,Q4,2009-11-24,2009-09-30,17108000.0,151922000.0,32843000.0,0.3593664664117968,106129000.0,0.6985755848395887,1303888000.0,600269000.0,442558000.0,114588000.0,703619000.0,0.0,886324000.0,1023052939.9999999,1554568940.0,12.609103894467085,3.8621670681048625,0.43715411139607085,0.9495742742004002,0.01717807714533214,12.609103894467085,0.028500555584246395,6.734067087057832,14.949920212765957,1.7043241280159394,0.056347907411737196,0.0,0.0009422777280714329,0.11651460861669101,3.6615701469612874,0.01312075883818242,41.56724118316268,0.6985755848395887,-0.028739279968116708,0.7094525564937154,0.1491481019203805,-0.0565918026390273,-0.016030336182758814,-0.0568388555047136,-0.01161635920430949,-0.053927404866925724,-0.10620625501797316,-0.0493245118345365,Software—Application,Technology,FICO
2009Q3,2009,Q3,2009-08-06,2009-06-30,18139000.0,156018000.0,33229000.0,0.37,107858000.0,0.6913176684741504,1312925000.0,604248000.0,440170000.0,119875000.0,708677000.0,0.0,870180000.0,754989100.0,1160386100.0,12.373256885430532,3.6719082377476537,0.4341451339566236,0.9433212853000754,0.01795883533819352,12.373256885430532,0.030019131217645736,4.839115358484277,10.405605325541652,1.2494689266658723,0.053861844644136944,0.0,0.0012940584175321207,0.11883237808709561,3.459378519290928,0.01381571681550736,21.4181304964539,0.6913176684741504,0.027777777777777804,-0.09613191220714293,0.2913703773933978,-0.0600397283779292,0.018883609329390982,0.022203437588052974,0.09130020690334657,-0.09060489003834345,-0.018033826320793377,-0.08110712332177791,Software—Application,Technology,FICO
2009Q2,2009,Q2,2009-05-07,2009-03-31,17745000.0,159335000.0,30449000.0,0.36,105859000.0,0.6643800797062792,1272039000.0,564583000.0,385950000.0,114776000.0,707456000.0,0.0,853018000.0,686798910.0,1114744910.0,11.56624259930756,3.362636788178713,0.4480994686483669,1.0095946920116263,0.019541096330065462,11.56624259930756,0.03143027685920405,4.310408322088681,9.675949704142011,1.216471112307668,0.055001408847562695,0.0,0.0014210855401619667,0.12525952427559217,3.1849515578169654,0.013950043984500475,14.705670085433484,0.6643800797062792,0.43999999999999995,-0.17131660986353522,0.32469901317381067,-0.11040485287853383,0.013577043498243027,0.4653179190751445,0.5054385444477405,-0.12325781213167769,0.020106037872143996,-0.18042536695312056,Software—Application,Technology,FICO
2009Q1,2009,Q1,2009-02-06,2008-12-31,12110000.0,163460000.0,20226000.0,0.25,104441000.0,0.638939190015906,1247950000.0,549564000.0,349766000.0,106371000.0,698386000.0,0.0,836249000.0,817339128.478,1285307128.4780002,11.336358760674946,3.2881706480149666,0.4567490684722946,1.0371858418673712,0.01353075591925863,11.336358760674946,0.022035650078971694,5.000239376471308,16.87322726007432,1.487250126423856,0.08009909165978531,0.0,0.0011867778822803648,0.13098281181137064,3.072030910680543,0.009703914419648223,26.272553149405336,0.638939190015906,-0.4903061653629405,-0.3935470941466373,0.39029286771994015,-0.115884433705106,-0.06663270686434847,-0.4907056943393052,-0.31108007765932083,-0.43633668764023703,0.06765195228285768,-0.1628468076165286,Software—Application,Technology,FICO
2008Q4,2008,Q4,2008-11-26,2008-09-30,23778000.0,178187000.0,29359000.0,0.490490531787615,111897000.0,0.6279751048056256,1275253000.0,561941000.0,351702000.0,122631000.0,713312000.0,0.0,825109000.0,1117417851.522,1614788851.522,11.591670448450843,2.8679697629473786,0.44697013063290186,1.0143413632392013,0.024190106176110907,11.591670448450843,0.042314050763336365,6.271040264003547,11.748442378690386,1.9884967488081489,0.0407519555892001,0.0,0.000867177841019951,0.1397267836264647,2.677120793274131,0.018645711870507262,27.838013241704036,0.6279751048056256,-0.09168420039330565,0.08074617836702117,0.5944154070981142,-0.04728547669519878,-0.023637505889743993,-0.10275083959095883,-0.025265604249667995,-0.1189748367289206,0.16094002743583036,-0.07549584127384239,Software—Application,Technology,FICO
2008Q3,2008,Q3,2008-08-05,2008-06-30,26501000.0,183315000.0,30120000.0,0.54,114606000.0,0.6251861549791343,1248232000.0,544243000.0,330265000.0,374244000.0,703989000.0,0.0,802300000.0,1007781170.0,1485164170.0,11.216648461490902,0.8824857579547033,0.4648647046382403,1.0661763219738243,0.01791715914208061,11.216648461490902,0.048693322651830157,5.49753795379538,9.50701077317837,1.8517117721311986,0.03671559563790046,0.0,0.0009654873785744578,0.1468597183856847,0.8238876241168863,0.02123082888437406,25.58274744243901,0.6251861549791343,0.9285714285714285,0.29541505909831306,0.6510331533130364,-0.11872681295031577,-0.0472366320830008,0.964929191072885,0.05624912329920045,-0.012208126656351652,0.2274549095131283,-0.11819973989497377,Software—Application,Technology,FICO
2008Q2,2008,Q2,2008-05-08,2008-03-31,13487000.0,193234000.0,28516000.0,0.28,120288000.0,0.6224991461130028,1230755000.0,519175000.0,299027000.0,481726000.0,711580000.0,0.0,776772000.0,1049315200.0,1569611200.0,10.647559474979492,0.62074083607694,0.47146588882433954,1.117655896374055,0.016925028276633336,10.647559474979492,0.0259777531660808,5.430282455468499,19.450493067398238,2.0211204314537485,0.07192110921628235,0.0,0.0009244124167838225,0.1570044403638417,0.5567853925260418,0.010958314205508001,64.60902653777477,0.6224991461130028,-0.282051282051282,-0.22507870445380398,0.7952741576385474,-0.08821573356322582,-0.025574142330592572,-0.3318636678886357,-0.1415497621771329,-0.46029745035519865,0.35411611278745014,-0.20417030428271574,Software—Application,Technology,FICO
2008Q1,2008,Q1,2008-02-08,2007-12-31,20186000.0,199385000.0,33218000.0,0.39,123445000.0,0.6191288211249593,1238625000.0,523509000.0,336296000.0,507712000.0,715116000.0,0.0,764255000.0,1608850400.084,2089950400.084,10.461392430358499,0.6623755199798311,0.4690386517307498,1.109747874439599,0.01952757512636757,10.461392430358499,0.038559031458866994,8.069064373368107,19.925324483354803,3.073204854327242,0.04879619538293867,0.0,0.0006122384032403336,0.16097285296195377,0.6233947592335812,0.01629710364315269,39.630761653463395,0.6191288211249593,-0.30839576172082633,0.5337616154817642,1.0431445326568487,-0.1595719946813432,-0.0663454775104563,-0.2846663595449874,0.06851518270715388,-0.0072199085010793244,0.3971500058306806,-0.17321976820747795,Software—Application,Technology,FICO
2007Q4,2007,Q4,2007-11-28,2007-09-30,28219000.0,207227000.0,31088000.0,0.5639063186922985,132217000.0,0.6380297934149508,1275771000.0,566314000.0,422751000.0,525924000.0,709457000.0,0.0,745054000.0,1815023340.0000002,2280702340.0,11.316773909915671,0.8038252675291487,0.4397050881388588,0.9905511783215671,0.02505948970750312,11.316773909915671,0.04982924667234079,8.758623827976086,16.079798539990787,3.204976991562985,0.03713809844431057,0.0,0.0005774030432027392,0.1624327563489059,0.7567880530266731,0.022119173425324764,40.76688693230314,0.6380297934149508,0.3426340921245202,2.7533059147671324,1.4099208083306904,-0.12528761042558506,0.0012570900636875147,0.18726859643217772,-0.14273108316788,1.6824180556871942,0.49117532441836464,-0.15328342413134993,Software—Application,Technology,FICO
2007Q3,2007,Q3,2007-08-06,2007-06-30,23768000.0,205782000.0,36264000.0,0.42,132051000.0,0.641703355978657,1310263000.0,690001000.0,443175000.0,606859000.0,620262000.0,0.0,717883000.0,2237733064.224,2617491064.224,12.370930149168101,0.7302767199629568,0.3587066108101961,0.6811584331037202,0.020386199918348134,12.370930149168101,0.03444632688938132,10.87428960853719,23.53724613160552,3.2430866973004386,0.04628071356445641,0.0,0.0004915689085469439,0.15705396550158252,0.6937575285198044,0.01813986962922711,63.65695855898501,0.641703355978657,0.13513513513513511,0.4977456259582044,1.0448291564069487,1.576998265489299,0.04118175797142587,0.10868551170818173,0.0011871566218492034,0.03697474135030959,0.49130791907023946,-0.060216483751997486,Software—Application,Technology,FICO
2007Q2,2007,Q2,2007-05-07,2007-03-31,21438000.0,201000000.0,36221000.0,0.37,126828000.0,0.6309850746268657,1347292000.0,725005000.0,473975000.0,608931000.0,622287000.0,0.0,695215000.0,2202439200.0,2549992200.0,12.73278890059712,0.7783722622103325,0.3488479112174644,0.6482713912317846,0.01764638753124576,12.73278890059712,0.029569451245163827,10.957408955223881,25.683823117828155,3.0378262218881247,0.05354977143390242,0.0,0.0005212402685168335,0.14918814926534113,0.7416258985008154,0.015911918129106386,99.07508771929824,0.6309850746268657,-0.2884615384615385,0.3748146983653089,1.1004701886988872,1.158027609603795,-0.07867323366604193,-0.3134347477982386,-0.19331418008507606,-0.14174778297798143,0.4325840861676593,-0.02068220357306147,Software—Application,Technology,FICO
2007Q1,2007,Q1,2007-02-07,2006-12-31,31225000.0,208227000.0,44901000.0,0.52,137658000.0,0.6610958233082165,1328170000.0,699696000.0,415188000.0,614308000.0,628474000.0,0.0,674925000.0,,,,,,,,,,,,,,,,,,,,,,,,,,,,,,,Software—Application,Technology,FICO
