Year,Date,FillingDate,NetIncome,Revenue,OperatingIncome,EPSDiluted,GrossProfit,GrossProfitRatio,TotalAssets,CommonStockEquity,CurrentAssets,CurrentLiability,TotalLiability,Inventory,RetainedEarnings,EnterpriseValue,bookValuePerShare,currentRatio,debtToAssets,debtToEquity,roic,shareholdersEquityPerShare,roe,priceToSalesRatio,peRatio,pbRatio,payoutRatio,inventoryTurnover,dividendYield,assetTurnover,quickRatio,returnOnAssets,priceToFreeCashFlowsRatio,grossProfitMargin,epsdilutedGrowth,fiveYNetIncomeGrowthPerShare,fiveYRevenueGrowthPerShare,fiveYShareholdersEquityGrowthPerShare,grossProfitGrowth,netIncomeGrowth,operatingIncomeGrowth,threeYNetIncomeGrowthPerShare,threeYRevenueGrowthPerShare,threeYShareholdersEquityGrowthPerShare,Industry,Sector,Price,MarketCap,AvgVolume,Symbol
2022,2022-12-31,2022-12-31,-159293046.0,-158926072.0,-159293046.0,0.0,-158926072.0,1.0,384130259.0,366036055.0,170494.0,17500010.0,18094204.0,0.0,138653850.0,0.0,0.0,0.009742508718566446,0.0,0.0,-0.4351840312561559,0.0,-0.4351840312561559,0.0,0.0,0.0,,0.0,,-0.41372963539433116,0.009742508718566446,-0.4146849727867963,0.0,1.0,-1.0,-1.0,-1.0,-1.0,-1.9310955670805379,-1.9353789082084938,-1.9353789082084938,-1.0,-1.0,-1.0,Asset Management,Financial Services,29.79,481862187,42749,STK
2021,2021-12-31,2021-12-31,170297881.0,170687175.0,170297881.0,10.7,170687175.0,1.0,589159448.0,564220080.0,644310.0,21255261.0,21255261.0,0.0,345343253.0,588937186.9,35.45055728026872,0.03031296581114671,0.0,0.0,0.3018288200590096,35.45055728026872,0.3018288200590096,3.4509897237446223,3.4588785452944064,1.0439892300536342,,0.0,,0.2897130404671029,0.03031296581114671,0.2890522787644407,0.0,1.0,0.7038216560509553,0.8838027343638818,0.8815438792967477,0.7003617422593577,0.7037130149588758,0.7058850068742611,0.7058850068742611,8.810219010242404,8.93479863549667,1.0909174600489004,Asset Management,Financial Services,29.79,481862187,42749,STK
2020,2020-12-31,2020-12-31,99829637.0,100185403.0,99829637.0,6.28,100185403.0,1.0,446600199.0,443113594.0,1432909.0,1648246.0,1648246.0,0.0,224988569.0,432518998.35999995,27.875022449996507,0.869353846452532,0.0,0.0,0.2252912985558281,27.875022449996507,0.2252912985558281,4.322176538632079,4.337579614358409,0.977218943908094,,0.0,,0.22432906036389832,0.869353846452532,0.22353245077707634,0.0,1.0,-0.24519230769230768,3.3310344083607633,3.257012692311067,0.6113639614501086,-0.24223714656028406,-0.24311377166513204,-0.24311377166513204,0.1056337682450357,0.10571584603957049,0.3370063935490125,Asset Management,Financial Services,29.79,481862187,42749,STK
2019,2019-12-31,2019-12-31,131895169.0,132212080.0,131895169.0,8.32,132212080.0,1.0,373969664.0,372062793.0,4344757.0,788435.0,788435.0,0.0,154553239.0,369164686.75,23.46986936364809,5.510608991229461,0.0,0.0,0.3544970673807741,23.46986936364809,0.3544970673807741,2.8237441446348925,2.8305288933668225,1.0034141918350863,,0.0,,0.3535369114859541,5.510608991229461,0.3526894871344431,0.0,1.0,7.072992700729928,4.737930835611075,4.6333393207617615,0.3567164561164063,0.0,7.15224098338335,0.0,0.4647886609857704,0.46320272061545364,0.12571623758321038,Asset Management,Financial Services,29.79,481862187,42749,STK
2018,2018-12-31,2018-12-31,-21438557.0,-21150201.0,0.0,-1.37,0.0,0.0,279393698.0,265314611.0,0.0,0.0,14079087.0,0.0,52009418.0,262302663.42,16.95454648862114,0.0,0.0,0.0,0.0,16.95454648862114,-0.08080428333439955,-12.43735997686263,-12.270073187295207,0.991474470360021,,0.0,,-0.07570035097928372,0.0,-0.07673242866057774,0.0,0.0,-1.2411971830985915,-1.9448275542353577,-1.9129349897465167,-0.019913069361563417,0.0,-1.2455494713321396,0.0,-1.9448275542353577,-1.9129349897465167,-0.019913069361563417,Asset Management,Financial Services,29.79,481862187,42749,STK
2017,2017-12-31,2017-12-31,87308504.0,87613144.0,0.0,5.68,0.0,0.0,338861002.0,320471888.0,0.0,0.0,18389114.0,0.0,-67143.0,342009533.75,20.84883257439311,0.0,0.0,0.0,0.0,20.84883257439311,0.27243732529824893,3.903632698650787,3.91725339549971,1.0672060375854246,,0.0,,0.2585518648734917,0.0,0.2576528531896391,0.0,0.0,0.0,2.9172414345080844,2.850006045910208,0.20520288401376185,0.0,0.0,0.0,2.9172414345080844,2.850006045910208,0.20520288401376185,Asset Management,Financial Services,29.79,481862187,42749,STK
2015,2015-12-31,2015-12-31,22247913.0,22715428.0,0.0,1.45,0.0,0.0,269363948.0,265425624.0,0.0,0.0,3938324.0,0.0,-40708.0,275106946.84,17.29902313621998,0.0,0.0,0.0,0.0,17.29902313621998,0.08381976338501515,12.111017535747068,12.365517019057023,1.0364747106707377,,0.0,,0.08432987476111688,0.0,0.08259424902697075,0.0,0.0,0.0,0.0,0.0,0.0,0.0,0.0,0.0,0.0,0.0,0.0,Asset Management,Financial Services,29.79,481862187,42749,STK
2010,2010-12-31,2010-12-31,0.0,0.0,0.0,0.0,0.0,0.0,,,,,,,,,,0.0,0.0,0.0,0.0,,0.0,0.0,0.0,0.0,0.0,0.0,,0.0,0.0,0.0,0.0,0.0,0.0,0.0,0.0,0.0,0.0,0.0,0.0,0.0,0.0,0.0,Asset Management,Financial Services,29.79,481862187,42749,STK
TTM,,,,,,,,,,,,,,,,481862187.0,0.0,0.009742508718566446,0.0,0.0,-0.4351840312561559,0.0,-0.3424713689203458,-3.031989534102372,0.0,0.0,0.0,0.0,0.11379657603222558,-0.41372963539433116,0.009742508718566446,-0.4146849727867963,0.0,1.0,,,,,,,,,,,Asset Management,Financial Services,29.79,481862187,42749,STK
