Quarters,Year,Quarter,FillingDate,Date,NetIncome,Revenue,OperatingIncome,EPSDiluted,GrossProfit,GrossProfitRatio,TotalAssets,CommonStockEquity,CurrentAssets,CurrentLiability,TotalLiability,Inventory,RetainedEarnings,MarketCap,EnterpriseValue,bookValuePerShare,currentRatio,debtToAssets,debtToEquity,roic,shareholdersEquityPerShare,roe,priceToSalesRatio,peRatio,pbRatio,payoutRatio,inventoryTurnover,dividendYield,assetTurnover,quickRatio,returnOnAssets,priceToFreeCashFlowsRatio,grossProfitMargin,epsdilutedGrowth,fiveYNetIncomeGrowthPerShare,fiveYRevenueGrowthPerShare,fiveYShareholdersEquityGrowthPerShare,grossProfitGrowth,netIncomeGrowth,operatingIncomeGrowth,threeYNetIncomeGrowthPerShare,threeYRevenueGrowthPerShare,threeYShareholdersEquityGrowthPerShare,Industry,Sector,Symbol
2023Q1,2023,Q1,2023-03-31,2023-03-31,16531000.0,92477000.0,55010000.0,0.31,58879000.0,0.6366880414,2815627000.0,870631000.0,510200000.0,157822000.0,1944996000.0,5178000.0,-330838000.0,1802646261.1999998,3216829261.2,16.218261790606707,3.232755889546451,0.6709457609264295,2.1698434813370993,0.019889549820985244,16.218261790606707,0.01898737812000721,19.49291457551607,27.261603369427135,2.070505485331903,3.247353457141129,6.488605639242951,0.029779553068977904,0.032844194206121766,3.111594074336911,0.005871161201394929,53.41965509556971,0.6366880413508224,-0.5974025974025974,7.373129901652071,3.211105020125267,0.1513098919760805,-0.06990079615822065,-0.6010281411401265,-0.09831497508523472,2.12004678480395,1.4406962379883008,0.07147214480668816,Oil & Gas Midstream,Energy,FLNG
2022Q4,2022,Q4,2022-12-31,2022-12-31,41434000.0,97929000.0,61008000.0,0.77,63304000.0,0.6464275138,2679512000.0,907090000.0,354048000.0,153198000.0,1772422000.0,5260000.0,-293687000.0,1744090054.07,3126492054.0699997,17.001858379274875,2.3110484471076647,0.6399415266660496,1.8903647929091931,0.023244638940343662,17.001858379274875,0.04567793713964436,17.809740261515994,10.523302445274412,1.9227309903868413,0.9642805425495969,6.582699619771863,0.022908220769199125,0.03654732652811407,2.2247548923615192,0.015463263459913596,32.68902151797428,0.6464275138110264,-0.12499999999999999,23.73373449769664,8.415758527529684,0.31804193772433237,0.14826773081806638,-0.11061025608002233,0.1555420865217062,0.7615195677671361,0.9102329242922342,0.09617401653572703,Oil & Gas Midstream,Energy,FLNG
2022Q3,2022,Q3,2022-09-30,2022-09-30,46587000.0,91260000.0,52796000.0,0.88,55130000.0,0.604098181,2643582000.0,891048000.0,287609000.0,152277000.0,1752534000.0,4910000.0,-295167000.0,1683928293.6200001,3106866293.62,16.75813053733753,1.8887225253977948,0.6408206743728774,1.9012017309954121,0.02041128587575545,16.75813053733753,0.05228337867320279,18.45198656169187,9.036470976989289,1.8898289358373512,1.426041599587868,7.358452138492872,0.03945239251083687,0.03452134263283681,1.8103390531728363,0.017622680136269653,23.410002413668465,0.6040981810212579,0.06024096385542174,9.761716847385813,6.0919333163465454,0.3023073116428201,0.0966343093570974,0.052575689109805694,0.08965574176504582,100.29652059235103,2.1148407939218234,0.10474793685876846,Oil & Gas Midstream,Energy,FLNG
2022Q2,2022,Q2,2022-06-30,2022-06-30,44260000.0,84158000.0,48452000.0,0.83,50272000.0,0.5973525987,2665578000.0,909873000.0,309360000.0,122002000.0,1755705000.0,4924000.0,-275319000.0,1455588824.25,2881143824.25,17.12119594133384,2.535696136128916,0.6412166516980558,1.8785182107832632,0.018494986857392832,17.12119594133384,0.048644151436519165,17.295905609092422,8.221807638104384,1.5997714233195184,0.9005196565747854,6.881803411860276,0.027382045901964473,0.03157213932587979,2.4234028950345077,0.01660427869677796,27.91586099976986,0.5973525986834288,-0.20952380952380958,5.60317501331467,6.272422467866936,0.20462274291651977,0.2244738893219018,-0.20625526801886623,0.2631194765244141,12.49790680247282,3.5051909281590845,0.12944984290982997,Oil & Gas Midstream,Energy,FLNG
2022Q1,2022,Q1,2022-05-12,2022-03-31,55761000.0,74570000.0,38359000.0,1.05,41056000.0,0.5505699343,2552642000.0,905394000.0,193809000.0,123785000.0,1647248000.0,5206000.0,-279722000.0,1515284255.68,2946494255.6800003,17.040919407172336,1.5656905117744477,0.6288633502073538,1.7729993792757628,0.015274088204035136,17.040919407172336,0.06158755193871397,20.32029308944616,6.793656209895805,1.6736186187228985,0.7146213303204749,6.437572032270457,0.02629737611978142,0.029212870429931027,1.4862867067899987,0.02184442628461022,35.69658309218121,0.550569934289929,-0.1923076923076923,33.745426536397765,24.42865972542069,0.0,-0.4820151146213144,-0.19687454990638054,-0.54261560107791,17.515927057436482,2.9671424454723834,0.11887972648391741,Oil & Gas Midstream,Energy,FLNG
2021Q4,2021,Q4,2022-03-17,2021-12-31,69430000.0,114589000.0,83866000.0,1.3,79261000.0,0.691698156,2572921000.0,889387000.0,224891000.0,131587000.0,1683534000.0,6453000.0,-295635000.0,1248037418.1599998,2680804418.16,16.739642839235497,1.709067005099288,0.6348500400906207,1.8365672086504525,0.0332091826225153,16.739642839235497,0.07806500432320239,10.891424291685937,4.493869430217485,1.40325574599134,0.5796341639060925,5.474662947466295,0.032245828061255026,0.04453654037570528,1.6371906039350392,0.02698489382301283,15.730242225359211,0.691698156018466,1.0967741935483872,104.20793437640081,0.0,0.039984308122593286,0.6501363645826828,1.1163811497896725,0.8084312668463612,2.15604077233785,1.198604469459318,-0.2553733709246663,Oil & Gas Midstream,Energy,FLNG
2021Q3,2021,Q3,2021-11-19,2021-09-30,32806000.0,81756000.0,46375000.0,0.62,48033000.0,0.5875165125495376,2521044000.0,861454000.0,156745000.0,132997000.0,1659590000.0,5915000.0,-324821000.0,957211056.0,2426286056.0,16.199323966019882,1.1785604186560599,0.6375100950241249,1.8656724561032858,0.018790191244729578,16.199323966019882,0.038082126265592826,11.708144429766623,7.294481619215997,1.1111574802601183,0.6488752057550448,5.7012679628064244,0.022238564699570293,0.032429422096559996,1.1053181650713926,0.013012862925042164,21.614791825674608,0.5875165125495376,1.5833333333333335,15.643835420777867,0.0,0.005741961564922305,0.48833390140365013,1.5748371399419199,0.558928331316391,18.256274717959982,1.9765693766182326,0.1536729858684893,Oil & Gas Midstream,Energy,FLNG
2021Q2,2021,Q2,2021-08-17,2021-06-30,12741000.0,65843000.0,29748000.0,0.24,32273000.0,0.4901508132983005,2539670000.0,852025000.0,157690000.0,132297000.0,1687645000.0,4075000.0,-336340000.0,786280949.25,2275151949.25,15.983305664454264,1.1919393485868917,0.6430055873400875,1.9166362489363575,0.011944550049514713,15.983305664454264,0.014953786567295561,11.941754617043573,15.428163983400047,0.9228378853320032,1.6730240954399185,8.23803680981595,0.027109902663077907,0.025925809258683215,1.1415527185045768,0.005016793520418007,-9.585986409465523,0.4901508132983005,-0.7272727272727273,5.576518535781948,0.0,-0.010443253889652875,-0.3477171210865655,-0.7302235961717625,-0.37700523560209426,3.390109415460952,4.006891985292598,-0.11417450468776263,Oil & Gas Midstream,Energy,FLNG
2021Q1,2021,Q1,2021-05-21,2021-03-31,47228000.0,81260000.0,47750000.0,0.88,49477000.0,0.6088727541225696,2428208000.0,861133000.0,157073000.0,115871000.0,1567075000.0,5477000.0,-327765000.0,479263625.27,1865525625.27,16.045277138793445,1.3555850903159548,0.6281599434644808,1.7712745882459504,0.020005528305704286,16.045277138793445,0.05484402525509997,5.897903338296825,2.536967610686457,0.5565500628474348,0.34058185821970016,5.802994339967135,0.03356190445485673,0.033465007940011726,1.2425369592046327,0.019449734124918457,-5.156088963755097,0.6088727541225696,0.8333333333333334,27.79761659035841,0.0,-0.009745681622745413,0.3056684435530691,0.8293372583956308,0.31539076058510784,19.21209931861287,2.701229103626908,0.13902997299561393,Oil & Gas Midstream,Energy,FLNG
2020Q4,2020,Q4,2021-03-17,2020-12-31,25817000.0,67372000.0,36301000.0,0.48,37894000.0,0.5624591818559639,2304020000.0,835175000.0,157845000.0,131832000.0,1468845000.0,3656000.0,-358908000.0,473081910.0,1745682910.0,15.447179643795723,1.1973193154924449,0.6082755358026406,1.6780662735354865,0.016215600954993525,15.447179643795723,0.0309120842937109,7.021936561182687,4.581108475035829,0.5664464453557637,0.20943564318084984,8.062910284463895,0.011429310412651375,0.029241065615749864,1.0829009648643728,0.011205197871546254,-2.2806932010471055,0.5624591818559639,5.857142857142856,9.965983157106043,0.0,-0.04869830399506997,1.9657979181341474,5.75484039769754,2.239136254126885,14.207726868976346,5.392181956090779,0.1975179498555926,Oil & Gas Midstream,Energy,FLNG
2020Q3,2020,Q3,2020-11-23,2020-09-30,3822000.0,33147000.0,11207000.0,0.07,12777000.0,0.3854647479409901,1999411000.0,816352000.0,98422000.0,103293000.0,1183059000.0,4423000.0,-379318000.0,310535230.5176,1368281230.5176,15.0867342329922,0.9528428838353035,0.5669224586640765,1.3885076535612089,0.005682168479323719,15.0867342329922,0.004681803927717455,9.368426419211392,20.31235155138671,0.38039378909784016,0.0,4.6054713995026,0.0,0.016578382333597243,0.7992506752635706,0.001911562955290333,-0.7523603518795973,0.3854647479409901,1.5689669186377306,2.7920307990638826,0.0,-0.07383109876979642,0.22938516309054172,1.5741324921135647,0.26977113075005665,1.7063313158845228,1.5311723446435954,0.1724198147676745,Oil & Gas Midstream,Energy,FLNG
2020Q2,2020,Q2,2020-08-24,2020-06-30,-6657000.0,25753000.0,8826000.0,-0.12303,10393000.0,0.40356463324661207,1615784000.0,812458000.0,136305000.0,77072000.0,803326000.0,3238000.0,-383139000.0,249990879.6,896247879.6,15.014771602891708,1.7685411044218393,0.4717084709342338,0.9381149548653592,0.0056398367283742685,15.014771602891708,-0.008193654318130907,9.707252731720576,-9.388270977917982,0.30769698815200297,0.0,4.74366893143916,0.0,0.015938392755467316,1.5679494498650612,-0.0041199813836502895,64.74770256410257,0.40356463324661207,0.5443333333333333,-1.093766098312898,0.0,-0.08079145940014411,-0.5017259564675425,0.5525307521677758,-0.5423623353728093,0.3200309810022365,1.185626828039117,0.056417753439447264,Oil & Gas Midstream,Energy,FLNG
2020Q1,2020,Q1,2020-05-29,2020-03-31,-14877000.0,38192000.0,19286000.0,-0.27,20858000.0,0.5461353162966066,1628157000.0,819041000.0,140003000.0,73805000.0,809116000.0,1991000.0,-376483000.0,274340660.88,924601660.88,15.136428762254718,1.8969311022288462,0.4735513835582195,0.94136435172354,0.012109589396325143,15.136428762254718,-0.0181639258596334,7.183197027649769,-4.610147557975399,0.3349535137801405,-0.3637158029172548,8.706177800100452,0.01972365300368959,0.023457197309596063,1.7287040173429984,-0.009137325208809716,19.427849364775867,0.5461353162966066,-1.6136363636363635,-5.400774541782745,0.0,-0.07655921114736307,-0.4007871527478526,-1.6236167002012072,-0.41484875147911043,-7.5782328294264065,11.787748824473482,0.0,Oil & Gas Midstream,Energy,FLNG
2019Q4,2019,Q4,2020-04-17,2019-12-31,23856000.0,51994000.0,32959000.0,0.44,34809000.0,0.6694810939723814,1641282000.0,839265000.0,143890000.0,57732000.0,802017000.0,2686000.0,-356195000.0,589680911.2568,1239524911.2568002,15.510181889738984,2.492378576872445,0.47453697780149906,0.928013202027965,0.020213715068940923,15.510181889738984,0.028424871762792445,11.3413261387237,6.1795870143444,0.702615873719028,0.2268192488262911,6.397989575577066,0.009176149162548632,0.03167889491263537,2.3959502528926766,0.014534979363692527,15.860590958788565,0.6694810939723814,43.0,7.159791768538335,0.0,-0.06413296498221403,1.1274294096076274,49.97435897435897,1.341503267973856,35.819771386027625,0.0,-0.0363984502914012,Oil & Gas Midstream,Energy,FLNG
2019Q3,2019,Q3,2019-11-21,2019-09-30,468000.0,29814000.0,14076000.0,0.01,16362000.0,0.5488025759710203,1578705000.0,820755000.0,73124000.0,55054000.0,757950000.0,1712000.0,-374640000.0,522129799.75,1202783799.75,15.169189258671498,1.3282231990409417,0.4669358746567598,0.8981413454685016,0.00905453484614514,15.169189258671498,0.0005702066999287242,17.51290667974777,278.91549131944447,0.6361579274570365,0.0,7.857476635514018,0.0,0.01888509886267542,1.03322192756203,0.0002964455043849231,-3.8169057104112754,0.5488025759710203,1.1428571428571428,1.2347122293455468,0.0,-0.08818999333898045,1.5438432835820894,1.1194182189334014,1.8574908647990256,1.2053200898338696,0.0,-0.05821439262725979,Oil & Gas Midstream,Energy,FLNG
2019Q2,2019,Q2,2019-08-21,2019-06-30,-3919000.0,19018000.0,4926000.0,-0.07,6432000.0,0.338205910190346,1404279000.0,820156000.0,36343000.0,47360000.0,584123000.0,1917000.0,-375108000.0,643837516.7,1184210516.7,15.158881156886148,0.7673775337837838,0.40359358788388916,0.6910368271402026,0.0035517703332722866,15.158881156886148,-0.004778359238974049,33.85411277211063,-41.07154355065068,0.7850183583367066,0.0,6.56546687532603,0.0,0.01354289282970122,0.5799619932432433,-0.002790755968009206,-4.705692230724816,0.338205910190346,-0.16666666666666682,-0.4475398524218725,0.0,-0.09056095067044226,0.309979633401222,-0.13990692262943571,0.6172028890347997,-0.38695824999647976,0.0,-0.061484937647040085,Oil & Gas Midstream,Energy,FLNG
2019Q1,2019,Q1,2019-06-03,2019-03-31,-3438000.0,19141000.0,3046000.0,-0.06,4910000.0,0.2565174233321143,1281719000.0,824010000.0,53674000.0,31946000.0,457709000.0,0.0,-371189000.0,606496748.69,1010062748.69,15.23034067363386,1.6801477493269894,0.3504098792324995,0.545050424145338,0.002392515495190227,15.23034067363386,-0.0041722794626278805,31.685739966041485,-44.102439549883655,0.7360308111430687,0.0,0.0,0.0,0.014933850555386945,1.4261879421523822,-0.002682335207639116,-169.41249963407822,0.2565174233321143,-1.1449076387977424,-0.2797969366387255,0.0,-0.08846713402026452,-0.7888353690005161,-1.2256201601260008,-0.858134227562759,-0.9350965208353986,0.0,-0.060040503385360204,Oil & Gas Midstream,Energy,FLNG
2018Q4,2018,Q4,2018-12-31,2018-12-31,15238000.0,36101000.0,21471000.0,0.41405684681499855,23252000.0,0.6440818813883272,1294386000.0,827324000.0,60425000.0,35460000.0,467062000.0,915000.0,-367751000.0,412547169.1,812582169.1,22.48058582060453,1.7040327129159616,0.3514925223233255,0.5499260265627492,0.016757445731283963,22.48058582060453,0.018418418902388906,11.427582867510596,6.768394295511222,0.4986524857250606,0.0,14.042622950819672,0.0,0.027890443808879267,1.6735758601240835,0.011772377018910896,-1.6419461069431456,0.6440818813883272,11.96520687672215,8.528516217100323,0.0,0.335599180350692,1.7800095648015304,11.924512298558101,1.9688882743362832,8.774642050436771,0.0,0.3844481589177978,Oil & Gas Midstream,Energy,FLNG
2018Q3,2018,Q3,2018-09-30,2018-09-30,1179000.0,19008000.0,7232000.0,0.031936,8364000.0,0.44002525252525254,988376000.0,516752000.0,21932000.0,34181000.0,471624000.0,1508000.0,0.0,412547169.1,856781169.1,14.04152144017221,0.641643018050964,0.46622742761863906,0.8917391708208192,0.007398011375260854,14.04152144017221,0.0022815586586989504,21.70387042824074,87.47819531382527,0.7983465358624641,0.0,7.058355437665782,0.0,0.019231547508235733,0.4848892659664726,0.001192865872906667,-10.4513761077192,0.44002525252525254,1.3193599999999999,-0.9980700870089512,0.0,-0.16746243919999002,6.046335299073294,1.4126706335316765,27.031007751937985,1.812798351819599,0.0,-0.13799631629983625,Oil & Gas Midstream,Energy,FLNG
2018Q2,2018,Q2,2018-06-30,2018-06-30,-2857000.0,7048000.0,258000.0,-0.1,1187000.0,0.16841657207718502,1008731000.0,515500000.0,81719000.0,25236000.0,493231000.0,2615000.0,0.0,320269700.0,725118700.0,18.043402170108504,3.238191472499604,0.4782573352063137,0.9358545101842871,0.0002585343905853399,18.043402170108504,-0.005542192046556741,45.441217366628834,-28.025000000000002,0.6212797284190108,0.0,2.241300191204589,0.0,0.006986996533268037,3.074338246948803,-0.0028322714380741745,-1.8096173622176266,0.16841657207718502,-1.0695792545375526,-0.09571585365853671,0.0,69.83791260880147,0.4249699879951981,-0.6068616422947132,5.972972972972973,-0.7018912117177097,0.0,0.10462215576076202,Oil & Gas Midstream,Energy,FLNG
2018Q1,2018,Q1,2018-03-31,2018-03-31,-1778000.0,15053000.0,37000.0,-0.048319,833000.0,0.05533780641732545,794242000.0,518355000.0,49259000.0,5887000.0,275887000.0,2360000.0,0.0,412497037.98,643514037.98,14.086790970561431,8.367419738406658,0.3399467668544348,0.5208785484851115,4.698602363994225e-05,14.086790970561431,-0.00343008170076492,27.40297867401847,-58.000145947694044,0.7957809570275198,0.0,6.02542372881356,0.0,0.01895266178318447,6.621878715814507,-0.002238612412841426,-5.091927391433156,0.05533780641732545,-2.5388800000000002,0.6110968561423479,0.0,40.69446018070447,-0.18092428711897737,-2.404423380726698,-0.9702572347266881,-0.12490519672607289,0.0,-0.1405953431567741,Oil & Gas Midstream,Energy,FLNG
2017Q4,2017,Q4,2017-12-31,2017-12-31,1266000.0,7860000.0,1244000.0,0.03139880952380952,1017000.0,0.12938931297709924,684510000.0,520101000.0,17570000.0,4409000.0,164409000.0,1041000.0,0.0,451987200.00000006,602026200.0,12.899330357142857,3.9850306191880245,0.2337438459628055,0.30763255598431843,0.0018219444105776713,12.899330357142857,0.0024341425992259196,57.504732824427485,89.25497630331755,0.8690373600512209,0.0,6.573487031700288,0.0,0.01148266643292282,2.369471535495577,0.0018494981811806987,-236.0246475195823,0.12938931297709924,1.3139880952380951,1.0015320058608912,0.0,31.333413823972858,1.3150557620817844,1.3139880952380953,1.3052011776251227,1.4386961352181447,0.0,-0.22166882755638914,Oil & Gas Midstream,Energy,FLNG
2017Q3,2017,Q3,2017-09-30,2017-09-30,-4032000.0,9758000.0,-4076000.0,-0.1,-3228000.0,-0.33080549292887884,683708000.0,518839000.0,18693000.0,4869000.0,164869000.0,2055000.0,0.0,451987200.00000006,600106200.0,12.868030753968254,3.8391866913123844,0.23401803108929542,0.30838082719302135,-0.00600884008767468,12.868030753968254,-0.0077711968452641375,46.319655667144914,-28.025000000000002,0.8711511663541099,0.0,6.319221411192214,0.0,0.014272174671058405,2.4401314438283017,-0.005897254383450245,-66.45893250992502,-0.33080549292887884,0.6666666666666666,0.5,0.0,-0.4067844941006706,0.498134328358209,0.3943217665615142,0.45126548196015076,-1.7135700214132765,0.0,-0.2265111201785098,Oil & Gas Midstream,Energy,FLNG
2017Q2,2017,Q2,2017-06-30,2017-06-30,-6657000.0,8012000.0,-7428000.0,-0.3,-6432000.0,-0.8027958062905641,688542000.0,522943000.0,25152000.0,5599000.0,165599000.0,2169000.0,0.0,412455336.78000003,553701336.78,14.212911089393518,4.492230755492052,0.23237507661115808,0.3059606878761165,-0.010884632075038607,14.212911089393518,-0.012729876869945672,51.479697551173246,-15.489534954934657,0.7887194909961507,0.0,6.659289995389581,0.0,0.01163618196130374,3.349526701196642,-0.009668255531252995,-5.115852012204955,-0.8027958062905641,-8.360082368724843,0.09535695934267563,0.0,-0.4931113601316068,-3.0124766063630695,-5.751521298174442,-2.1262626262626263,-2.6156953120118516,0.0,-0.1473133000009144,Oil & Gas Midstream,Energy,FLNG
2017Q1,2017,Q1,2017-03-31,2017-03-31,-986000.0,1698000.0,-2376000.0,-0.032051,-1603000.0,-0.9440518256772674,,,,,,,,344863487.15000004,,,0.0,0.0,0.0,0.0,,0.0,203.09981575382807,-87.44003223884381,0.0,0.0,0.0,0.0,0.0,0.0,0.0,-57.00222928099174,-0.9440518256772674,-1.5313494000925927,0.7600983689734991,0.0,0.0,-1.163292847503374,-5.08641975308642,-44.69230769230769,0.35450427465462253,0.0,0.0,Oil & Gas Midstream,Energy,FLNG
2016Q4,2016,Q4,2016-12-31,2016-12-31,-162000.0,0.0,-52000.0,-0.012661626245206462,-741000.0,0.0,214133000.0,205942000.0,1659000.0,1191000.0,8191000.0,0.0,0.0,143427073.65,148988073.65,16.096053285125365,1.3929471032745593,0.03268996371414028,0.03399015256722766,-0.00023975798787719406,16.096053285125365,-0.0007866292451272688,0.0,-221.33807662037037,0.6964440165192142,0.0,0.0,0.0,0.0,1.2468513853904282,-0.0007565391602415321,-144.58374359879033,0.0,0.6994415399813312,0.9986923260000016,0.0,-0.38564162645867944,-740.0,0.699443413729128,0.8905263157894737,0.7697821947514116,0.0,-0.043713729435348195,Oil & Gas Midstream,Energy,FLNG
2016Q3,2016,Q3,2016-09-30,2016-09-30,-539000.0,0.0,-475000.0,-0.042127,-1000.0,0.0,214219000.0,206080000.0,2449000.0,1139000.0,8139000.0,0.0,0.0,143427073.65,147996073.65,16.106839114889798,2.1501316944688322,0.032676840056204165,0.033967391304347824,-0.0022209686155729522,16.106839114889798,-0.0026154891304347827,0.0,-66.52461672077924,0.6959776477581523,0.0,0.0,0.0,0.0,2.1343283582089554,-0.002516116684327721,-62.823948160315375,0.0,0.5787300000000001,0.8595757873552367,0.0,-0.5503236869482725,0.0,0.19311377245508982,0.205685618729097,-1.0025377869710737,0.0,-0.045007436975854846,Oil & Gas Midstream,Energy,FLNG
2016Q2,2016,Q2,2016-06-30,2016-06-30,-668000.0,0.0,-598000.0,-0.1,0.0,0.0,214282000.0,206595000.0,2831000.0,687000.0,7687000.0,0.0,0.0,143383612.48000002,147590612.48000002,16.151984944046795,4.120815138282387,0.032667232898703574,0.033882717393934995,-0.0028293397740906797,16.151984944046795,-0.003233379317021225,0.0,-53.661531616766474,0.694032345797333,0.0,0.0,0.0,0.0,4.065502183406114,-0.0031173873680477126,-368.59540483290493,0.0,-2.0452524514282233,0.9477745059530809,0.0,-0.5665117718450361,1.0,-0.5904761904761905,-0.6611111111111111,0.4277569820764118,0.0,62.41225934766068,Oil & Gas Midstream,Energy,FLNG
2016Q1,2016,Q1,2016-03-31,2016-03-31,-420000.0,0.0,-360000.0,-0.032838,-1000.0,0.0,214906000.0,207238000.0,3483000.0,668000.0,7668000.0,0.0,0.0,143375361.92000002,147193361.92000002,16.203188252778432,5.2140718562874255,0.032572380482629615,0.03377758905220085,-0.001668456616056154,16.203188252778432,-0.002026655343132051,0.0,-85.34247733333335,0.6918391507349039,0.0,0.0,0.0,0.0,4.763473053892215,-0.001954342828957777,-265.5099294814815,0.0,0.38340907144493397,0.9009905524204037,0.0,-0.5713091465159496,0.998769987699877,0.3832599118942731,0.4165316045380875,0.7356950511858331,0.0,46.958629386761125,Oil & Gas Midstream,Energy,FLNG
2015Q4,2015,Q4,2015-12-31,2015-12-31,-681000.0,0.0,-617000.0,-0.05325735180203406,-813000.0,0.0,215247000.0,207634000.0,3974000.0,613000.0,7613000.0,0.0,0.0,143341900.07000002,146619900.07000002,16.237939771018414,6.482871125611745,0.03252077845451969,0.03371316836356281,-0.002870446005376075,16.237939771018414,-0.003279809665083753,0.0,-52.621842903817914,0.6903585158018436,0.0,0.0,0.0,0.0,6.479608482871126,-0.003163807161075416,-211.73101930576075,0.0,-0.3511950222512764,0.9933365683905706,0.0,-0.5267493860021039,-812.0,-0.35119047619047616,-0.43155452436194897,0.9974014755230006,0.0,39.701959848199195,Oil & Gas Midstream,Energy,FLNG
2015Q3,2015,Q3,2015-09-30,2015-09-30,-504000.0,0.0,-431000.0,-0.039415,-1000.0,0.0,215807000.0,208292000.0,4616000.0,515000.0,7515000.0,0.0,0.0,143341900.07000002,145942900.07000002,16.28939841637192,8.963106796116504,0.03243638992247703,0.033606667562844465,-0.002030128488449228,16.28939841637192,-0.0024196800645248017,0.0,-71.10213297123016,0.688177654782709,0.0,0.0,0.0,0.0,8.541747572815535,-0.002335420074418346,-230.45321554662382,0.0,0.60585,0.8686162211388073,0.0,-0.6151550986027213,0.0,0.3288948069241012,0.3807471264367816,0.802924336944015,0.0,-0.24905963413369353,Oil & Gas Midstream,Energy,FLNG
2015Q2,2015,Q2,2015-06-30,2015-06-30,-751000.0,0.0,-696000.0,-0.1,0.0,0.0,216299000.0,208774000.0,5108000.0,525000.0,7525000.0,0.0,0.0,143277285.63000003,145256285.63000003,16.334456154088155,9.72952380952381,0.03236260916601556,0.033529079291482654,-0.0032298979487797416,16.334456154088155,-0.0035971912211290678,0.0,-47.69550120838882,0.6862793529366684,0.0,0.0,0.0,0.0,9.563809523809525,-0.003472045640525384,-250.92344243432578,0.0,-1.326663564448581,0.7062091886029821,0.0,-0.6930706402462707,1.0,-0.3679417122040073,-0.42915811088295686,0.7062091886029821,0.0,-0.4174486696736976,Oil & Gas Midstream,Energy,FLNG
2015Q1,2015,Q1,2015-03-31,2015-03-31,-549000.0,0.0,-487000.0,-0.04298,-1000.0,0.0,216851000.0,209501000.0,5717000.0,350000.0,7350000.0,0.0,0.0,143277285.63000003,144686285.63000003,16.391336558851307,16.334285714285713,0.03228022928185713,0.03341272834019885,-0.002249412242899571,16.391336558851307,-0.0026205125512527385,0.0,-65.2446655874317,0.6838978602966096,0.0,0.0,0.0,0.0,15.974285714285715,-0.0025316922679627946,-124.80599793554009,0.0,0.39949443378169797,0.8142638756035072,0.0,-0.6542004201160203,0.9988505747126437,0.3947078280044101,0.4369942196531792,0.6784870278322138,0.0,-0.34675607478732057,Oil & Gas Midstream,Energy,FLNG
2014Q4,2014,Q4,2014-12-31,2014-12-31,-907000.0,0.0,-865000.0,-0.0715730251605619,-870000.0,0.0,217861000.0,210020000.0,6794000.0,841000.0,7841000.0,0.0,0.0,142057290.12,142326290.12,16.57306146000133,8.078478002378121,0.03213057867172188,0.0333301590324731,-0.00402575460802418,16.57306146000133,-0.004318636320350443,0.0,-39.15581315325248,0.6763988673459672,0.0,0.0,0.0,0.0,8.058263971462544,-0.004163204979321678,-267.02498142857144,0.0,-0.942174784558827,0.7092179805559207,0.0,-0.6619860247731454,0.0,-0.9421841541755889,-0.8642241379310345,0.9926080439991556,0.0,-0.36743505362423634,Oil & Gas Midstream,Energy,FLNG
2014Q3,2014,Q3,2014-09-30,2014-09-30,-467000.0,0.0,-464000.0,-0.036852,0.0,0.0,211175000.0,210822000.0,370000.0,353000.0,353000.0,0.0,0.0,142057290.12,141796290.12,16.63634874355014,1.048158640226629,0.0,0.0,-0.002215138837502727,16.63634874355014,-0.0022151388375027275,0.0,-76.04779985010707,0.6738257398184251,0.0,0.0,0.0,0.0,0.7393767705382436,-0.0022114360127856044,-807.1436938636364,0.0,0.63148,0.8157408889196118,0.0,-0.6561368221107586,0.0,0.26224328593996843,0.27044025157232704,0.8771605892225306,0.0,-0.5355406537384073,Oil & Gas Midstream,Energy,FLNG
2014Q2,2014,Q2,2014-06-30,2014-06-30,-633000.0,0.0,-636000.0,-0.1,0.0,0.0,211262000.0,210854000.0,574000.0,408000.0,408000.0,0.0,0.0,141805771.35000002,141368771.35000002,16.66838604309034,1.4068627450980393,0.0,0.0,-0.003002077266734328,16.66838604309034,-0.003002077266734328,0.0,-56.00543892180095,0.6725306200024662,0.0,0.0,0.0,0.0,1.071078431372549,-0.002996279501282767,-319.38236790540543,0.0,-1.0139770003826556,0.8749005429672169,0.0,-0.7148523012198298,0.0,-0.007961783439490446,-0.0176,0.9499602171868867,0.0,-0.5526525589856179,Oil & Gas Midstream,Energy,FLNG
2014Q1,2014,Q1,2014-03-31,2014-03-31,-628000.0,0.0,-625000.0,-0.049653,0.0,0.0,211660000.0,211327000.0,1061000.0,333000.0,333000.0,0.0,0.0,141782723.59,140902723.59,16.70849317897491,3.186186186186186,0.0,0.0,-0.0029764602263620374,16.70849317897491,-0.0029716978899998582,0.0,-56.44216703423567,0.6709162747306309,0.0,0.0,0.0,0.0,2.6426426426426426,-0.002967022583388453,-217.1251509800919,0.0,0.09719300959971089,0.6917734083685739,0.0,0.0,1.0,0.09248554913294797,0.0968208092485549,0.8502943458793446,0.0,-0.5579401973498053,Oil & Gas Midstream,Energy,FLNG
2013Q4,2013,Q4,2013-12-31,2013-12-31,-692000.0,0.0,-692000.0,-0.05499846648062031,-1123000.0,0.0,212198000.0,211781000.0,1673000.0,417000.0,417000.0,0.0,0.0,141046114.49,139522114.49,16.831835592098628,4.011990407673861,0.0,0.0,-0.003281753615335128,16.831835592098628,-0.003267526359777317,0.0,-50.95596621748555,0.6659998512142261,0.0,0.0,0.0,0.0,3.8896882494004794,-0.003261105194205412,-83.65724465599051,0.0,-1.0033131606313626,0.8645563510054011,0.0,-0.6807022547923386,-111.3,-1.0033131607170216,-1.0033130496813822,0.9931187243147318,0.0,-0.5094404437384654,Oil & Gas Midstream,Energy,FLNG
2013Q3,2013,Q3,2013-09-30,2013-09-30,208864000.0,0.0,208871000.0,16.6,-10000.0,0.0,213408000.0,212210000.0,3408000.0,1198000.0,1198000.0,0.0,0.0,141046114.49,137828114.49,16.865931462214505,2.8447412353923207,0.0,0.0,0.9842420241841717,16.865931462214505,0.9842325997832336,0.0,0.168825305569653,0.6646534776400735,0.0,0.0,0.0,0.0,2.686143572621035,0.9787074523916629,-200.92039101139602,0.0,167.00000000000003,56.33333008971865,0.0,0.0,-0.25,182.93728222996515,184.2201754385965,56.33333337280465,0.0,-0.6015342270697025,Oil & Gas Midstream,Energy,FLNG
2013Q2,2013,Q2,2013-06-30,2013-06-30,-1148000.0,0.0,-1140000.0,-0.1,-8000.0,0.0,4323000.0,3204000.0,4309000.0,1119000.0,1119000.0,0.0,0.0,141008549.78,137101549.78,0.2547139166812017,3.850759606791778,0.0,0.0,-0.35580524344569286,0.2547139166812017,-0.35830212234706615,0.0,-30.707436798780492,44.010159107365794,0.0,0.0,0.0,0.0,3.4915102770330653,-0.2655563266250289,-146.73106116545264,0.0,0.19632883009587793,0.7718386576544791,0.0,0.0,0.42857142857142855,0.2659846547314578,0.2724952137843012,0.5436773153089584,0.0,-0.9952138486503721,Oil & Gas Midstream,Energy,FLNG
2013Q1,2013,Q1,2013-03-31,2013-03-31,-1564000.0,0.0,-1567000.0,-0.124429,-14000.0,0.0,5267000.0,4253000.0,5204000.0,1014000.0,1014000.0,0.0,0.0,141113083.03,136225083.03,0.33785761728318464,5.132149901380671,0.0,0.0,-0.3701022709271221,0.33785761728318464,-0.3677404185280978,0.0,-22.55643910326087,33.17965742534682,0.0,0.0,0.0,0.0,4.82051282051282,-0.29694323144104806,-106.17989693754703,0.0,0.99392887946531,0.22873567544891873,0.0,0.0,-1.0061892130857648,0.9946448809650171,0.9946322564733205,0.4627568975635472,0.0,-0.9928723919676923,Oil & Gas Midstream,Energy,FLNG
2012Q4,2012,Q4,2012-12-31,2012-12-31,-292057000.0,0.0,-291929000.0,-20.49522807017544,2262000.0,0.0,6806000.0,5685000.0,6729000.0,1121000.0,1121000.0,0.0,0.0,159742500.0,153496500.0,0.3989473684210526,6.002676181980375,0.0,0.0,-51.35496771381191,0.3989473684210526,-51.37326297273527,0.0,-0.1367391468103829,28.098944591029028,0.0,0.0,0.0,0.0,5.817127564674398,-42.91169556273876,-108.74234172906739,0.0,-101.4761403508772,-49.4731977896011,0.0,-0.9924320199958957,0.0,-101.47614035087719,-106.01209677419355,-82.26661886713815,0.0,-0.9918633146789596,Oil & Gas Midstream,Energy,FLNG
2012Q3,2012,Q3,2012-09-30,2012-09-30,-2850000.0,0.0,-2728000.0,-0.2,0.0,0.0,340924000.0,309111000.0,8424000.0,1948000.0,31813000.0,0.0,0.0,159742500.0,152043500.0,21.692,4.324435318275154,0.0,0.0,-0.008859503281945832,21.692,-0.009219988936013277,0.0,-14.012500000000001,0.5167803798635442,0.0,0.0,0.0,0.0,3.952258726899384,-0.008359634405322008,-85.51525695931477,0.0,0.0,0.3333333551769331,0.0,0.0,0.0,-0.2826282628262826,-0.2904446546830653,0.0,0.0,-0.5516395953369706,Oil & Gas Midstream,Energy,FLNG
2012Q2,2012,Q2,2012-06-30,2012-06-30,-2222000.0,0.0,-2114000.0,-0.2,0.0,0.0,342898000.0,311519000.0,10369000.0,1852000.0,31379000.0,0.0,0.0,124543100.00000001,114998100.00000001,28.03951395139514,5.598812095032398,0.0,0.0,-0.0067952774763787695,28.03951395139514,-0.007132791258318112,0.0,-14.012500000000001,0.3997929500287302,0.0,0.0,0.0,0.0,5.153887688984881,-0.006480061126049146,-76.31317401960786,0.0,-1.0,0.5,0.0,0.0,0.0,-0.3313361294188137,-0.36563307493540054,0.5,0.0,-0.520325311791708,Oil & Gas Midstream,Energy,FLNG
2012Q1,2012,Q1,2012-03-31,2012-03-31,-1669000.0,0.0,-1548000.0,-0.1,0.0,0.0,355117000.0,313468000.0,12558000.0,12009000.0,41649000.0,0.0,0.0,140042494.4,158080494.4,25.092214295777353,1.0457157132150887,0.08346544941526314,0.09455510610333431,-0.004563651837163385,25.092214295777353,-0.0053243074253193304,0.0,-20.97700635110845,0.44675212270470993,0.0,0.0,0.0,0.0,0.9661087517695062,-0.004699859482930978,-39.09617375767728,0.0,0.989672148153216,0.17066446574561794,0.0,0.0,0.0,0.9857268692328085,0.985494344856021,0.17066446574561794,0.0,0.0,Oil & Gas Midstream,Energy,FLNG
2011Q4,2011,Q4,2011-12-31,2011-12-31,-116933000.0,0.0,-106717000.0,-9.682555625653999,0.0,0.0,358393000.0,316406000.0,15803000.0,12749000.0,41987000.0,0.0,0.0,135379437.07000002,120625437.07000002,26.199778465366315,1.2395481998588125,0.0,0.0,-0.3373421544480287,26.199778465366315,-0.3695663166943737,0.0,-0.2894380480061232,0.427866213251329,0.0,0.0,0.0,0.0,1.1572672366460115,-0.32627032336011025,-6.5343873477169625,0.0,-31.27518541884666,-22.845040588429306,0.0,-0.5029935895489176,0.0,-31.275186309688102,-28.406723615321024,-22.845040588429306,0.0,-0.5029935895489176,Oil & Gas Midstream,Energy,FLNG
2011Q3,2011,Q3,2011-09-30,2011-09-30,-3623000.0,0.0,-3629000.0,-0.3,0.0,0.0,464092000.0,432571000.0,19383000.0,11065000.0,31521000.0,0.0,0.0,135379437.07000002,118470437.07000002,35.818740385902835,1.7517397198373248,0.0,0.0,-0.008447666157562629,35.818740385902835,-0.008375503674541289,0.0,-9.341666924510076,0.3129646626102998,0.0,0.0,0.0,0.0,1.6666064166290104,-0.007806641786542324,38.90213708908047,0.0,0.7,6.036683325634255e-08,0.0,0.0,0.0,0.6890395674191057,0.6882034539049746,6.036683325634255e-08,0.0,0.0,Oil & Gas Midstream,Energy,FLNG
2011Q2,2011,Q2,2011-06-30,2011-06-30,-11651000.0,0.0,-11639000.0,-1.0,0.0,0.0,451345000.0,434122000.0,17144000.0,5227000.0,17223000.0,0.0,0.0,130607710.00000001,115897710.00000001,37.26049266157411,3.279892863975512,0.0,0.0,-0.026856537462604555,37.26049266157411,-0.0268380777753719,0.0,-2.8025,0.300854851861919,0.0,0.0,0.0,0.0,3.1073273388176776,-0.02581395606465121,-46.9305461731944,0.0,-2.3333333333333335,-1.4999999999999998,0.0,0.0,0.0,-2.105277185501066,-2.11286440224659,-1.4999999999999998,0.0,0.0,Oil & Gas Midstream,Energy,FLNG
2011Q1,2011,Q1,2011-03-31,2011-03-31,-3752000.0,0.0,-3739000.0,-0.3,0.0,0.0,442319000.0,427578000.0,8956000.0,3260000.0,14741000.0,0.0,0.0,126813270.73,120351270.73,37.79690684112363,2.747239263803681,0.0,0.0,-0.00879382247950687,37.79690684112363,-0.008775007133201427,0.0,-8.44971153584755,0.29658511600222653,0.0,0.0,0.0,0.0,2.4521472392638035,-0.008482565750058216,-42.611986132392474,0.0,0.9624647224244358,-1.0588841045576698,0.0,0.0,0.0,0.9625843895531467,0.9626950552739754,-1.0588841045576698,0.0,0.0,Oil & Gas Midstream,Energy,FLNG
2010Q4,2010,Q4,2010-12-31,2010-12-31,-100279000.0,0.0,-100228000.0,-7.9924811904229225,0.0,0.0,444631000.0,430495000.0,12257000.0,3199000.0,14136000.0,0.0,0.0,140648137.07000002,130759137.07000002,34.31150280787718,3.8315098468271334,0.0,0.0,-0.23298531729874983,34.31150280787718,-0.23293882623491563,0.0,-0.3506420513517287,0.3267125914818988,0.0,0.0,0.0,0.0,3.0912785245389185,-0.22553308248862539,-9.810151152263376,0.0,-25.64160396807641,-18.682927292764177,0.0,-0.34911522743339946,0.0,-25.641604675876728,-25.473322768092974,-18.682927292764177,0.0,-0.34911522743339946,Oil & Gas Midstream,Energy,FLNG
2010Q3,2010,Q3,2010-09-30,2010-09-30,-3764000.0,0.0,-3786000.0,-0.3,0.0,0.0,577482000.0,531065000.0,13977000.0,2985000.0,13776000.0,0.0,0.0,140648137.07000002,127505137.07000002,42.32717740894853,4.682412060301507,0.0,0.0,-0.007186347777652137,42.32717740894853,-0.00708764463860356,0.0,-9.341666914851222,0.26484166169866213,0.0,0.0,0.0,0.0,4.403015075376884,-0.006517952074696701,-49.71655605160835,0.0,-0.4999999999999999,5.933287944175514e-08,0.0,0.0,0.0,-0.8763708873379861,-0.7943127962085308,5.933287944175514e-08,0.0,0.0,Oil & Gas Midstream,Energy,FLNG
2010Q2,2010,Q2,2010-06-30,2010-06-30,-2006000.0,0.0,-2110000.0,-0.2,0.0,0.0,578678000.0,533786000.0,17721000.0,3118000.0,12880000.0,0.0,0.0,112436300.00000001,95555300.00000001,53.21894317048854,5.683450930083387,0.0,0.0,-0.0039894068931842904,53.21894317048854,-0.0037580603462810938,0.0,-14.012500000000001,0.21063928240905533,0.0,0.0,0.0,0.0,5.4140474663245675,-0.003466521969039777,-117.48829676071057,0.0,0.0,0.5,0.0,0.0,0.0,0.23141762452107278,0.24073407700611732,0.5,0.0,0.0,Oil & Gas Midstream,Energy,FLNG
2010Q1,2010,Q1,2010-03-31,2010-03-31,-2610000.0,0.0,-2779000.0,-0.2,0.0,0.0,580363000.0,534966000.0,21310000.0,3110000.0,13162000.0,0.0,0.0,126514961.42000002,106245961.42000002,47.401262211917135,6.852090032154341,0.0,0.0,-0.005297377502672516,47.401262211917135,-0.004878814728412647,0.0,-12.11829132375479,0.23649159277412024,0.0,0.0,0.0,0.0,6.517363344051447,-0.004497185382252142,-59.59253952896845,0.0,0.1874536005939124,-0.43559651311169584,0.0,0.0,0.0,0.031180400890868598,0.06932350971198928,-0.43559651311169584,0.0,0.0,Oil & Gas Midstream,Energy,FLNG
2009Q4,2009,Q4,2009-12-31,2009-12-31,-2694000.0,0.0,-2986000.0,-0.24613978985838283,0.0,0.0,579631000.0,536641000.0,26604000.0,3428000.0,9843000.0,0.0,0.0,122693450.00000001,97014450.00000001,49.03069894929192,7.7607934655775965,0.0,0.0,-0.005765032767419439,49.03069894929192,-0.005020115868895593,0.0,-11.385806421677803,0.22863226999055233,0.0,0.0,0.0,0.0,7.4909568261376895,-0.004647784538784157,-4.9268541942737825,0.0,-0.23069894929191412,0.3938363479110744,0.0,-0.06989397948886361,0.0,-0.23069894929191412,-0.32007073386383733,0.3938363479110744,0.0,-0.06989397948886361,Oil & Gas Midstream,Energy,FLNG
2009Q3,2009,Q3,2009-09-30,2009-09-30,-2189000.0,0.0,-2262000.0,-0.2,0.0,0.0,572682000.0,529527000.0,21943000.0,3047000.0,9384000.0,0.0,0.0,122693450.00000001,101573450.00000001,48.38072179077204,7.201509681654086,0.0,0.0,-0.004355301336240382,48.38072179077204,-0.004133877970339568,0.0,-14.012500000000001,0.23170386023753275,0.0,0.0,0.0,0.0,6.931407942238267,-0.0038223656409665397,205.51666666666668,0.0,0.5,0.3333333551769331,0.0,0.0,0.0,0.3974676575832645,0.34812680115273775,0.3333333551769331,0.0,0.0,Oil & Gas Midstream,Energy,FLNG
2009Q2,2009,Q2,2009-06-30,2009-06-30,-3633000.0,0.0,-3470000.0,-0.4,0.0,0.0,570966000.0,530920000.0,25498000.0,2254000.0,6210000.0,0.0,0.0,101814825.00000001,78222825.00000001,58.455271125791356,11.312333629103815,0.0,0.0,-0.006559295799681402,58.455271125791356,-0.006842838845777141,0.0,-7.0062500000000005,0.1917705586529044,0.0,0.0,0.0,0.0,10.466725820763088,-0.0063629007681718355,-12.676148530876496,0.0,-1.0,0.0,0.0,0.0,0.0,-1.2031534263189811,-1.0363849765258215,0.0,0.0,0.0,Oil & Gas Midstream,Energy,FLNG
2009Q1,2009,Q1,2009-03-31,2009-03-31,-1649000.0,0.0,-1704000.0,-0.2,0.0,0.0,,,,,,,,114750458.77000001,,,0.0,0.0,0.0,0.0,,0.0,0.0,-17.396976769254092,0.0,0.0,0.0,0.0,0.0,0.0,0.0,-19.237294010058676,0.0,0.5074639070442991,0.0,0.0,0.0,0.0,0.6008230452674898,0.6440359306454982,0.0,0.0,0.0,Oil & Gas Midstream,Energy,FLNG
2008Q4,2008,Q4,2008-12-31,2008-12-31,-4131000.0,0.0,-4787000.0,-0.40606161225627824,0.0,0.0,544799000.0,536289000.0,50824000.0,8510000.0,8510000.0,0.0,0.0,114043062.93,64544062.93000001,52.71517210731232,5.972267920094007,0.0,0.0,-0.008926157351726402,52.71517210731232,-0.007702936289948143,0.0,-6.901662002541758,0.21265225080134034,0.0,0.0,0.0,0.0,5.816568742655699,-0.007582613037101757,-0.38966700469473947,0.0,-0.35353870752092753,0.0,0.0,0.0,0.0,-0.3535386631716907,0.0429828068772491,0.0,0.0,0.0,Oil & Gas Midstream,Energy,FLNG
2008Q3,2008,Q3,2008-09-30,2008-09-30,-3052000.0,0.0,-5002000.0,-0.3,0.0,0.0,,,,,,,,114043062.93,,,0.0,0.0,0.0,0.0,,0.0,0.0,-9.341666360583226,0.0,0.0,0.0,0.0,0.0,0.0,0.0,0.34511860615652784,0.0,0.25000000000000006,0.0,0.0,0.0,0.0,-0.11265038279256288,-0.7718738930216082,0.0,0.0,0.0,Oil & Gas Midstream,Energy,FLNG
2008Q2,2008,Q2,2008-06-30,2008-06-30,-2743000.0,0.0,-2823000.0,-0.4,0.0,0.0,,,,,,,,76872575.0,,,0.0,0.0,0.0,0.0,,0.0,0.0,-7.0062500000000005,0.0,,0.0,,0.0,0.0,0.0,0.0,0.0,0.0,0.0,0.0,0.0,0.0,0.0,0.0,0.0,0.0,0.0,Oil & Gas Midstream,Energy,FLNG
