Quarters,Year,Quarter,FillingDate,Date,NetIncome,Revenue,OperatingIncome,EPSDiluted,GrossProfit,GrossProfitRatio,TotalAssets,CommonStockEquity,CurrentAssets,CurrentLiability,TotalLiability,Inventory,RetainedEarnings,MarketCap,EnterpriseValue,bookValuePerShare,currentRatio,debtToAssets,debtToEquity,roic,shareholdersEquityPerShare,roe,priceToSalesRatio,peRatio,pbRatio,payoutRatio,inventoryTurnover,dividendYield,assetTurnover,quickRatio,returnOnAssets,priceToFreeCashFlowsRatio,grossProfitMargin,epsdilutedGrowth,fiveYNetIncomeGrowthPerShare,fiveYRevenueGrowthPerShare,fiveYShareholdersEquityGrowthPerShare,grossProfitGrowth,netIncomeGrowth,operatingIncomeGrowth,threeYNetIncomeGrowthPerShare,threeYRevenueGrowthPerShare,threeYShareholdersEquityGrowthPerShare,Industry,Sector,Symbol
2023Q1,2023,Q1,2023-05-16,2023-04-02,-175000.0,32292000.0,416000.0,-0.008,4161000.0,0.1288554441,116442000.0,20989000.0,91074000.0,63429000.0,95453000.0,52489000.0,-115511000.0,44463840.0,41476840.0,0.9629748577720683,1.435841649718583,0.14164992013191116,0.7858402020105769,-0.01339943722363661,0.9629748577720683,-0.008337700700366858,1.3769305091044222,-63.51977142857143,2.1184353709085713,0.0,0.5359408638000343,0.0,0.27732261555108983,0.4761386747386842,-0.0015028941447244122,-22.813668547973318,0.1288554440728354,-1.8000000000000003,0.908778079441118,0.5151368036860944,0.23857903944270684,-0.09405617243631613,-2.25,4.275590551181103,0.4474997668394562,0.38661772802349037,0.7874693831184371,Auto Parts,Consumer Cyclical,SYPR
2022Q4,2022,Q4,2023-03-16,2022-12-31,140000.0,29712000.0,-127000.0,0.01,4593000.0,0.1545840065,104144000.0,19575000.0,79978000.0,56122000.0,84569000.0,42133000.0,-115336000.0,44566783.8,39059783.8,0.8996277402454157,1.425073946046114,0.15498732524197265,0.8245721583652618,-0.0012071213916032145,0.8996277402454157,0.007151979565772669,1.4999590670436187,79.5835425,2.276719478927203,0.0,0.59618351411008,0.0,0.28529728068827775,0.5294180535262464,0.0013442925180519281,8.459905808656035,0.15458400646203554,1.0999999999999999,1.1063350302037878,0.2959228971267797,0.08369805874571819,1.330289193302892,1.0624442462087422,0.9207735495945103,1.1571003683541277,0.3244579825848278,0.40486875317603677,Auto Parts,Consumer Cyclical,SYPR
2022Q3,2022,Q3,2022-11-16,2022-10-02,-2242000.0,25199000.0,-1603000.0,-0.1,1971000.0,0.0782173896,92093000.0,17505000.0,68011000.0,41696000.0,74588000.0,35177000.0,-115476000.0,41958200.0,42081200.0,0.8051977920883164,1.631115694551036,0.18021999500504923,0.9481291059697229,-0.037035584406762224,0.8051977920883164,-0.12807769208797487,1.6650740108734474,-4.678657448706511,2.396926592402171,0.0,0.6603178213036928,0.0,0.27362557414787225,0.6073963929393706,-0.024344955642665568,4.495681988642452,0.07821738957895155,-2.4482758620689657,0.3285990220142231,0.10628040078902211,-0.09176467592626278,-0.4785714285714286,-2.564387917329094,-25.278688524590162,-0.3870268644617094,0.09047454957904821,0.257206006868583,Auto Parts,Consumer Cyclical,SYPR
2022Q2,2022,Q2,2022-08-16,2022-07-03,-629000.0,29044000.0,-61000.0,-0.029,3780000.0,0.1301473626,76361000.0,19638000.0,53135000.0,38901000.0,56723000.0,29379000.0,-113234000.0,48442290.0,56836290.0,0.9040187819361967,1.3659031901493535,0.20795956050863662,0.808636317343925,-0.0026368337268413717,0.9040187819361967,-0.0320297382625522,1.6678931965294037,-19.253692368839427,2.4667629086465017,0.0,0.8599339664386126,0.0,0.380351226411388,0.4360813346700599,-0.00823718914105368,158.82718032786886,0.13014736262222834,-3.761904761904762,0.8127600511164922,0.2804497595882435,-0.12848632278167602,-0.16167664670658682,-3.654008438818565,-1.0544642857142856,-1.402159513470106,0.1418020936057547,0.24934737324846784,Auto Parts,Consumer Cyclical,SYPR
2022Q1,2022,Q1,2022-05-18,2022-04-03,237000.0,26166000.0,1120000.0,0.0105,4509000.0,0.1723228617,80785000.0,20265000.0,57149000.0,37323000.0,60520000.0,31374000.0,-112605000.0,57454650.0,66318650.0,0.9346893593468936,1.5312006001661174,0.2027975490499474,0.8084381939304219,0.00811201375668445,0.9346893593468936,0.011695040710584753,2.1957750515936714,60.60617088607595,2.8351665433012583,0.0,0.6902849493210939,0.0,0.3238967630129356,0.5526351043592422,0.00293371294175899,-13.83116273471353,0.17232286172896125,-0.4473684210526315,1.0666613376647995,0.33879848043335176,-0.2090155027223389,0.024074494662729956,-0.45642201834862384,0.16062176165803108,1.0980206486461501,0.2750283423689707,0.3645355536333482,Auto Parts,Consumer Cyclical,SYPR
2021Q4,2021,Q4,2022-03-17,2021-12-31,436000.0,25800000.0,965000.0,0.019,4403000.0,0.1706589147,79505000.0,19286000.0,56055000.0,33990000.0,60219000.0,30100000.0,-112842000.0,53367240.0,58624240.0,0.8890015672536186,1.6491615180935568,0.2122759574869505,0.8750907393964534,0.012196070751472056,0.8890015672536186,0.022607072487814996,2.0684976744186048,30.600481651376146,2.767149227418853,0.0,0.7108637873754153,0.0,0.324507892585372,0.6472491909385113,0.005483931828186906,49.14110497237569,0.17065891472868217,0.8999999999999999,1.0871924659482932,0.20082158218566004,-0.31309998453256116,0.10683760683760683,0.48299319727891155,-0.006179196704428424,3.197386668340496,0.02047266531079331,0.23186107691102392,Auto Parts,Consumer Cyclical,SYPR
2021Q3,2021,Q3,2021-11-10,2021-10-03,294000.0,25683000.0,971000.0,0.01,3978000.0,0.15488844761126036,76629000.0,16781000.0,55782000.0,33367000.0,59848000.0,27438000.0,-113278000.0,81271910.72,85007910.72,0.7784284808801897,1.6717715107741182,0.19362121390074255,0.884154698766462,0.011372371488067124,0.7784284808801897,0.017519814075442466,3.1644243554101936,69.10876761904761,4.843091038674691,0.0,0.7910561994314455,0.0,0.3351603178953138,0.6762370006293643,0.0038366675801589476,-11.503455162066524,0.15488844761126036,-0.9411764705882353,-0.9871150121456439,0.10501454586341329,-0.48940569846624504,-0.07681596658157346,-0.9230970442061208,0.08734602463605823,1.1200032071802692,0.16054256969240394,0.10608305160322824,Auto Parts,Consumer Cyclical,SYPR
2021Q2,2021,Q2,2021-08-12,2021-07-04,3823000.0,25969000.0,893000.0,0.17,4309000.0,0.16592860718549038,78666000.0,16698000.0,57136000.0,35124000.0,61968000.0,23317000.0,-113572000.0,82968060.0,79962060.0,0.7818879940063682,1.6266939984056485,0.19306943279180333,0.9095700083842376,0.020334058939853045,0.7818879940063682,0.22894957479937716,3.1948885209288,5.425585927282238,4.968742364355013,0.0,0.9289359694643393,0.0,0.330117204383088,0.8163364081539688,0.04859786947347011,9.124387990762125,0.16592860718549038,3.125,1.679478422353263,0.021735882155800093,0.6402704475920721,1.372797356828194,3.345398773006135,1.8377110694183865,3.5173273551949333,0.08736911893657076,-0.012374782629147136,Auto Parts,Consumer Cyclical,SYPR
2021Q1,2021,Q1,2021-05-18,2021-04-04,-1630000.0,19982000.0,-1066000.0,-0.08,1816000.0,0.09088179361425283,61594000.0,12498000.0,40586000.0,27511000.0,49096000.0,18675000.0,-117395000.0,71883840.0,81447840.0,0.5841824810694587,1.475264439678674,0.30738383608793063,1.514882381180989,-0.028553519970924243,0.5841824810694587,-0.1304208673387742,3.5974296867180464,-11.025128834355828,5.751627460393663,0.0,0.9727443105756359,0.0,0.32441471571906355,0.6299661953400458,-0.026463616586031108,-42.28461176470588,0.09088179361425283,-0.3333333333333334,0.705611449163348,-0.3168879767002145,-0.22992350849521784,-0.28784313725490196,-0.38841567291311757,-5.233918128654971,0.13436745730651584,-0.04483001639596369,-0.2486240212581647,Auto Parts,Consumer Cyclical,SYPR
2020Q4,2020,Q4,2021-03-18,2020-12-31,-1174000.0,20614000.0,-171000.0,-0.06,2550000.0,0.1237023382167459,60708000.0,14775000.0,39436000.0,22687000.0,45933000.0,16236000.0,-115765000.0,32313680.0,39968680.0,0.6949997648054942,1.7382642041697889,0.3172728470712262,1.3036209813874788,-0.004500895699632864,0.6949997648054942,-0.0794585448392555,1.5675599107402736,-6.881107325383305,2.187051099830795,0.0,1.112589307711259,0.0,0.3395598603149503,0.8850883766033412,-0.01933847268893721,10.164731047499213,0.1237023382167459,-1.352941176470588,0.8019266801658808,-0.3439703471005542,-0.30535281218558,-0.25460391698333823,-1.3359084406294706,-1.20260663507109,0.0873326373812277,-0.07975037559048921,-0.16279827504765212,Auto Parts,Consumer Cyclical,SYPR
2020Q3,2020,Q3,2020-11-12,2020-10-04,3495000.0,22154000.0,844000.0,0.17,3421000.0,0.15441906653426019,61378000.0,15202000.0,40576000.0,26784000.0,46176000.0,17844000.0,-114591000.0,22327840.0,33608840.0,0.7217052791492594,1.5149342891278375,0.31892534784450455,1.28765951848441,0.2599859685243682,0.7217052791492594,0.22990396000526248,1.007846889952153,1.5971273247496423,1.4687435863702145,0.0,1.0498206680116566,0.0,0.3609436605950015,0.6308617084826762,0.056942226856528395,27.874956304619225,0.15441906653426019,9.5,12.901637622982859,-0.46220993703439683,-0.402938268451423,0.707938092860709,11.043103448275861,1.9813953488372094,2.080220052540923,0.0038128638460926565,-0.18594134939957727,Auto Parts,Consumer Cyclical,SYPR
2020Q2,2020,Q2,2020-08-13,2020-07-05,-348000.0,17153000.0,-860000.0,-0.02,2003000.0,0.1167725762257331,56023000.0,11518000.0,38210000.0,24481000.0,44505000.0,18485000.0,-118086000.0,16257136.96,28543136.96,0.548058622002284,1.5608022548098526,0.3587098156114453,1.7447473519708283,-0.025282570401415714,0.548058622002284,-0.030213578746310123,0.9477722241007405,-11.678977701149426,1.4114548498003128,0.0,0.8195834460373276,0.0,0.30617781982400083,0.5794697929006168,-0.006211734466201381,-7.614584056206089,0.1167725762257331,-1.0,0.9612375045411715,-0.6054639017935963,-0.5648003663012093,-0.4422166527429685,-0.14098360655737704,-4.1046931407942235,0.8929228373098458,-0.21834349785474577,-0.47164749833026304,Auto Parts,Consumer Cyclical,SYPR
2020Q1,2020,Q1,2020-05-20,2020-04-05,-305000.0,22425000.0,277000.0,-0.01,3591000.0,0.16013377926421404,57266000.0,11307000.0,39478000.0,26339000.0,45959000.0,19401000.0,-117738000.0,14349495.6,26036495.6,0.5387364208118925,1.4988420213371807,0.29499179268676,1.494030246749801,0.009387370334065271,0.5387364208118925,-0.02697444061201026,0.6398883210702341,-11.761881639344262,1.2690807110639426,0.0,0.9707747023349312,0.0,0.3915936157580414,0.536390903223357,-0.005326022421681277,54.97891034482758,0.16013377926421404,0.75,0.9780897696602244,-0.4326950141050943,-0.682344995830472,0.3260709010339734,0.6449359720605355,1.3133484162895928,0.9113795866308357,0.18527351266987402,-0.544092213397168,Auto Parts,Consumer Cyclical,SYPR
2019Q4,2019,Q4,2020-03-19,2019-12-31,-859000.0,21624000.0,-884000.0,-0.04,2708000.0,0.1252312245652978,60056000.0,13431000.0,39838000.0,23366000.0,46625000.0,20784000.0,-117433000.0,16361817.4,28511817.4,0.6403642605130161,1.704955918856458,0.28714866124950045,1.2839699203335566,-0.018116985054028915,0.6403642605130161,-0.06395651850197305,0.7566508231594524,-4.761879336437718,1.2182128955401683,0.0,0.9101231716705158,0.0,0.36006394032236577,0.5754087135153642,-0.014303316904222726,-5.492385834172541,0.1252312245652978,0.4285714285714286,0.6078318800642235,-0.7682915817275915,-0.7323029374186225,0.1642304385210662,0.4482980089916506,0.12648221343873517,0.8223177655246303,0.04100588267405579,-0.505213222727988,Auto Parts,Consumer Cyclical,SYPR
2019Q3,2019,Q3,2019-11-12,2019-09-29,-1557000.0,22259000.0,-1012000.0,-0.07,2326000.0,0.10449705737005256,64231000.0,13412000.0,42247000.0,28141000.0,50819000.0,20566000.0,-116574000.0,21883345.0,32442345.0,0.6404660713432978,1.5012615045662911,0.2741978172533512,1.313152400835073,-0.024498184034428716,0.6404660713432978,-0.1160900685952878,0.9831234556808482,-3.5137034360950548,1.6316242916790933,0.0,0.9692210444422834,0.0,0.3465460603135558,0.5586510784975658,-0.024240631470785135,7.989538152610442,0.10449705737005256,-2.0,-0.25814195344585145,-0.7688976716738167,-0.7749037562957464,-0.4168964652795187,-2.035928143712575,-4.588652482269503,-1.0702468733662744,-0.014107425038400385,-0.579899330014453,Auto Parts,Consumer Cyclical,SYPR
2019Q2,2019,Q2,2019-08-14,2019-06-30,1503000.0,24444000.0,282000.0,0.07,3989000.0,0.16318933071510391,65779000.0,15105000.0,42732000.0,27243000.0,50674000.0,19919000.0,-115017000.0,16700000.0,30211000.0,0.7235928143712574,1.5685497191939213,0.2732330987093145,1.18987090367428,0.0061596494176689364,0.7235928143712574,0.09950347567030784,0.6831942398952708,2.777777777777778,1.1055941741145316,0.0,1.026908981374567,0.0,0.37160795998722995,0.5715229600264288,0.022849237598625703,-10.315009264978382,0.16318933071510391,1.6363636363636362,2.818335135135135,-0.7532377378564749,-0.7544856875448667,1.507228158390949,1.652060737527115,1.1438041815400306,1.2732900249855852,-0.016104164713459372,0.5179768951580586,Auto Parts,Consumer Cyclical,SYPR
2019Q1,2019,Q1,2019-05-15,2019-03-31,-2305000.0,19564000.0,-1961000.0,-0.11,1591000.0,0.08132283786546718,65676000.0,14158000.0,41877000.0,27999000.0,51518000.0,21209000.0,-115789000.0,22115830.0,34747830.0,0.6849871788669021,1.4956605593056895,0.2789603508130824,1.2940387060319254,-0.04572715787034675,0.6849871788669021,-0.16280548100014125,1.1304349826211408,-2.398680043383948,1.5620730329142536,0.0,0.8474232637088028,0.0,0.2978865947987088,0.5289117468481017,-0.035096534502710275,-4.588346473029046,0.08132283786546718,-10.0,-2.3107611239393377,-0.7818368779280138,-0.7698614702116409,0.13238434163701068,-11.26063829787234,-16.20175438596491,0.5690997289897867,-0.3077178161095655,-0.09704152294689523,Auto Parts,Consumer Cyclical,SYPR
2018Q4,2018,Q4,2019-03-28,2018-12-31,-188000.0,23955000.0,-114000.0,-0.01,1405000.0,0.05865163848883323,61568000.0,14834000.0,45398000.0,28985000.0,46734000.0,18584000.0,-114926000.0,16032900.0,15174900.0,0.721673558744831,1.5662584095221666,0.15992073804573806,0.6637454496427126,-0.001485076683921883,0.721673558744831,-0.01267358770392342,0.6692924232936757,-21.320345744680854,1.0808210866927328,0.0,1.2134093844167024,0.0,0.38908199064449067,0.7391409349663619,-0.0030535343035343037,7.199326448136507,0.05865163848883323,0.9090909090909092,-3.916286173441107,-0.6931014218025774,-0.7504701927471563,0.16888519134775373,0.9195205479452054,0.9433962264150944,0.9671949213087062,-0.21153444676278402,-0.2786925500004738,Auto Parts,Consumer Cyclical,SYPR
2018Q3,2018,Q3,2018-11-13,2018-09-30,-2336000.0,21101000.0,-2014000.0,-0.11,1202000.0,0.05696412492298943,62633000.0,14466000.0,46986000.0,30076000.0,48167000.0,18856000.0,-114738000.0,30832500.0,32191500.0,0.7037703721722208,1.5622423194573747,0.15937285456548464,0.690031798700401,-0.07306441204746289,0.7037703721722208,-0.16148209594912208,1.4611866736173642,-3.299711044520548,2.13137702198258,0.0,1.0553139584217226,0.0,0.3368990787603979,0.6681074610985503,-0.03729663276547507,20.060182173064412,0.05696412492298943,-3.75,-0.10359401300624457,-0.7392747230427122,-0.7435648619452974,-0.5903203817314246,-3.86977886977887,-2.715867158671587,-7.1518418627609375,-0.4750873677693403,-0.4177756915994096,Auto Parts,Consumer Cyclical,SYPR
2018Q2,2018,Q2,2018-08-14,2018-07-01,814000.0,22971000.0,-542000.0,0.04,2934000.0,0.1277262635496931,60153000.0,16262000.0,44563000.0,25688000.0,43891000.0,17555000.0,-112402000.0,33276420.000000004,36198420.0,0.7916849228372523,1.7347788850825288,0.16812129070869283,0.6218792276472759,-0.01707412974524334,0.7916849228372523,0.05005534374615669,1.448627399764921,10.220030712530713,2.046268601648014,0.0,1.1413842210196525,0.0,0.3818762156500923,0.7519075054500156,0.013532159659534852,-11.590532915360503,0.1277262635496931,1.4444444444444446,1.513175431876965,-0.7366824499496349,-0.7219033679733405,0.4446085672082718,1.4534818941504177,0.6666666666666666,1.0927652600761566,-0.45942614554254224,-0.37134281883044307,Auto Parts,Consumer Cyclical,SYPR
2018Q1,2018,Q1,2018-05-15,2018-04-01,-1795000.0,19942000.0,-1626000.0,-0.09,2031000.0,0.10184535151940628,57723000.0,15856000.0,40623000.0,23216000.0,41867000.0,16579000.0,-113216000.0,33650100.0,36860100.0,0.7774835736000785,1.7497846312887664,0.17739895708816242,0.6458123107971746,-0.055624450767938635,0.7774835736000785,-0.11320635721493441,1.6873984555210109,-4.686643454038997,2.1222313319878907,0.0,1.0803426020869775,0.0,0.3454775392824351,0.733459682977257,-0.031096789841137847,-31.986787072243345,0.10184535151940628,-0.4873574615765988,0.7390314276776608,-0.7611744642580295,-0.7420912506406309,0.4222689075630252,-0.4546191247974068,0.024009603841536616,0.8672971661069834,-0.4808157595246645,-0.5415725793302064,Auto Parts,Consumer Cyclical,SYPR
2017Q4,2017,Q4,2018-03-20,2017-12-31,-1234000.0,21489000.0,-1666000.0,-0.06051,1428000.0,0.06645260365768532,57155000.0,16930000.0,40003000.0,21624000.0,40225000.0,17641000.0,-111591000.0,28141680.599999998,30658680.599999998,0.8301461214082573,1.8499352571217167,0.1865278628291488,0.6297105729474306,-0.03361843911152021,0.8301461214082573,-0.0728883638511518,1.3095853971799525,-5.701312925445705,1.662237483756645,0.0,1.1371804319483023,0.0,0.3759776047589887,0.8074824269330374,-0.021590412037442042,-25.747191765782247,0.06645260365768532,0.5965999999999999,-0.23275379283435468,-0.7008973332078475,-0.7473800967522677,1.18348623853211,0.6061283115225023,0.41646234676007005,0.42060715099640167,-0.7631895656034753,-0.6529667692005791,Auto Parts,Consumer Cyclical,SYPR
2017Q3,2017,Q3,2017-11-14,2017-10-01,-3133000.0,21371000.0,-2855000.0,-0.15,654000.0,0.030602217958916288,63610000.0,18083000.0,45161000.0,26538000.0,45527000.0,22121000.0,-110357000.0,29167710.0,29350710.0,0.8865519439133206,1.7017484362046875,0.14821568935701934,0.5213736658740253,-0.09521987187180511,0.8865519439133206,-0.1732566498921639,1.3648266342239483,-2.3274585062240662,1.6129906542056074,0.0,0.9365308982414899,0.0,0.33596918723471153,0.7421810234380888,-0.04925326206571294,-9.569458661417324,0.030602217958916288,0.0,0.4894954084578462,-0.7462663440359337,-0.737269987753792,-0.5886792452830188,0.0044486812837623135,0.012110726643598616,-1.5991572040466961,-0.7721995190293307,-0.6884151692765842,Auto Parts,Consumer Cyclical,SYPR
2017Q2,2017,Q2,2017-08-15,2017-07-02,-3147000.0,21249000.0,-2890000.0,-0.15,1590000.0,0.0748270506847381,68918000.0,21109000.0,49860000.0,28691000.0,47809000.0,23895000.0,-107224000.0,33373999.999999996,32106999.999999996,1.0372972972972974,1.7378271931964728,0.13742418526364666,0.4486711829077645,-0.08655440212878131,1.0372972972972974,-0.14908332938557015,1.570615087768836,-2.6512551636479182,1.581031787389265,0.0,0.8227244193345888,0.0,0.3083229345018718,0.7507232233104458,-0.04566296178066688,-5.619464556322613,0.0748270506847381,0.06250000000000006,-1.6644314403304938,-0.7987062721525678,-0.7174765406609884,3.3043478260869565,0.04866989117291415,0.43697642704071693,-9.201133408592868,-0.7799572646809875,-0.6480460727366366,Auto Parts,Consumer Cyclical,SYPR
2017Q1,2017,Q1,2017-05-16,2017-04-02,-3308000.0,18185000.0,-5133000.0,-0.16,-690000.0,-0.0379433599120154,69379000.0,23838000.0,49995000.0,26431000.0,45541000.0,19544000.0,-104077000.0,21181650.0,13975650.0,1.1816784811381549,1.8915288865347508,0.13708759134608456,0.39898481416226195,-0.14036393353480864,1.1816784811381549,-0.13877003104287272,1.1647869122903491,-1.6007897521160823,0.8885665743770451,0.0,0.9657695456406058,0.0,0.26211101341904613,0.9726079225152283,-0.04768013375805359,-20.848080708661417,-0.0379433599120154,0.30434782608695654,-1.5872698135410095,-0.8230232706735721,-0.6716268954395542,-33.857142857142854,0.2882960413080895,0.09852476290832456,-2.927378898916623,-0.7922285034178961,-0.6029856372180099,Auto Parts,Consumer Cyclical,SYPR
2016Q4,2016,Q4,2017-03-28,2016-12-31,-4648000.0,19971000.0,-5694000.0,-0.23,21000.0,0.0010515247108307045,62637000.0,26098000.0,42900000.0,17722000.0,36539000.0,14558000.0,-100769000.0,17745200.0,12008200.0,1.2942226630300024,2.4207200090283263,0.15219438989734502,0.36527703272281403,-0.14933232978387864,1.2942226630300024,-0.17809793853935169,0.8885483951730009,-0.9544535283993115,0.6799448233581118,0.0,1.3703805467784036,0.0,0.3188371090569472,1.3136214874167702,-0.07420534189057586,-2.6489326765188834,0.0010515247108307045,-1.2254901960784315,-4.299454631564724,-0.7755945858725813,-0.5946618245607233,1.029126213592233,-1.221407135711904,0.05619094977623073,-74.49497790767154,-0.7391938863197451,-0.5525024746509716,Auto Parts,Consumer Cyclical,SYPR
2016Q3,2016,Q3,2016-11-16,2016-10-02,20993000.0,21384000.0,-6033000.0,1.02,-721000.0,-0.033716797605686494,72678000.0,30238000.0,49735000.0,22549000.0,42440000.0,15166000.0,-96121000.0,20230680.0,8701680.0,1.5245537965110416,2.2056410483835203,0.13169047029362393,0.31652225676301343,-0.1492160292797467,1.5245537965110416,0.6942588795555261,0.9460662177328844,0.2409217358167008,0.6690482174747008,0.0,1.4575365950151655,0.0,0.29422934037810616,1.3256020222626281,0.2888494454993258,-2.7839108297784505,-0.033716797605686494,4.923076923076923,2.279373452732325,-0.777173707703947,-0.5535418079590031,-1.9986149584487534,5.034787622525466,-0.29825693996126534,11.278226295798992,-0.7261730318062478,-0.44449329108094326,Auto Parts,Consumer Cyclical,SYPR
2016Q2,2016,Q2,2016-08-17,2016-07-03,-5203000.0,23504000.0,-4647000.0,-0.26,722000.0,0.030718175629680055,69814000.0,9414000.0,44342000.0,32218000.0,60400000.0,20622000.0,-117114000.0,17181630.0,39489630.0,0.476682363663983,1.3763113787323855,0.3455897098003266,2.562885064797111,-0.13776025698050573,0.476682363663983,-0.5526874867219036,0.7310087644656229,-0.8255636171439554,1.8251147227533462,0.0,1.104742508001164,0.0,0.33666599822385196,0.4375193990936743,-0.07452659924943421,-7.308222033177372,0.030718175629680055,0.0,-2.2010799730161916,-0.7364876292392997,-0.8570347651864225,-0.0068775790921595595,-0.02039615610904099,0.27208646616541354,-2.4117071862313804,-0.7197677233428692,-0.8325549015050371,Auto Parts,Consumer Cyclical,SYPR
2016Q1,2016,Q1,2016-05-18,2016-04-03,-5099000.0,26938000.0,-6384000.0,-0.26,727000.0,0.026987898136461505,73381000.0,14946000.0,45981000.0,29513000.0,58435000.0,20795000.0,-111911000.0,20096040.0,39985040.0,0.7586031874936555,1.557991393623149,0.3024624902904022,1.4850127124314199,-0.17103506966454832,0.7586031874936555,-0.341161514786565,0.7460108397059916,-0.9852931947440675,1.34457647531112,0.0,1.2604472228901178,0.0,0.3670977500987994,0.5345440992105174,-0.06948665185811041,-4.230745263157894,0.026987898136461505,0.07142857142857148,-3.3628048665862087,-0.6621226703954078,-0.7753237405617646,-0.3016330451488953,0.0717276533770253,-0.31982633863965265,0.23263697524764762,-0.6660591890083415,-0.7483542984187106,Auto Parts,Consumer Cyclical,SYPR
2015Q4,2015,Q4,2016-03-30,2015-12-31,-5493000.0,29121000.0,-4837000.0,-0.28,1041000.0,0.035747398784382406,68112000.0,19712000.0,41624000.0,26818000.0,48400000.0,20192000.0,-106812000.0,21475180.0,39472180.0,1.0005075626839914,1.5520918785890074,0.28403218228799626,0.9814326298701299,-0.11849175678234442,1.0005075626839914,-0.2786627435064935,0.7374465162597438,-0.9773884944474787,1.0894470373376623,0.0,1.390649762282092,0.0,0.42754580690627203,0.5124543217242151,-0.08064658210007047,-8.940541215653623,0.035747398784382406,-27.0,-2.2142261855493,-0.5881453296254208,-0.6865529168313005,-0.5782009724473258,-19.047445255474454,-0.18641157714005396,-4.680190314408085,-0.5804318973100586,-0.6955377888713216,Auto Parts,Consumer Cyclical,SYPR
2015Q3,2015,Q3,2015-11-17,2015-10-04,-274000.0,38437000.0,-4077000.0,-0.01,2468000.0,0.06420896531987408,72674000.0,23757000.0,43597000.0,28736000.0,48917000.0,23348000.0,-101319000.0,22798640.0,36567640.0,1.2087615752518572,1.5171561804008908,0.21385915182871454,0.6542071810413773,0.014349121047004998,1.2087615752518572,-0.011533442774761123,0.5931430652756459,-20.801678832116785,0.9596598897167149,0.0,1.5405602192907315,0.0,0.5288961664419187,0.5366091314031181,-0.003770261716707488,-22.66266401590457,0.06420896531987408,0.9767441860465116,0.8626671883661376,-0.5037532159295384,-0.6234269220357963,73.58823529411765,0.9674429657794676,0.4797754242694909,0.9536654270473547,-0.5263930567201293,-0.6417830386036399,Auto Parts,Consumer Cyclical,SYPR
2015Q2,2015,Q2,2015-08-18,2015-07-05,-8416000.0,40756000.0,-7837000.0,-0.43,-34000.0,-0.0008342329963686329,87908000.0,24810000.0,56104000.0,55483000.0,63098000.0,24464000.0,-101045000.0,28369440.0,52086440.0,1.2593269377188976,1.0111926175585315,0.28775538062519906,1.0195888754534461,-0.15640841416197662,1.2593269377188976,-0.3392180572349859,0.6960800863676514,-0.8427233840304182,1.1434679564691657,0.0,1.6673479398299542,0.0,0.46362105837921463,0.26631580844583025,-0.09573645174500614,-4.53620722737448,-0.0008342329963686329,0.3484848484848485,-0.8674378963630097,-0.3889474828349789,-0.6094005670985199,0.9892302819132087,0.35425458451622804,0.392150779492748,-2.8354193297046364,-0.6011960580329764,-0.6570034417228652,Auto Parts,Consumer Cyclical,SYPR
2015Q1,2015,Q1,2015-05-14,2015-04-05,-13033000.0,37009000.0,-12893000.0,-0.66,-3157000.0,-0.08530357480612824,108702000.0,33326000.0,70122000.0,63506000.0,75376000.0,29992000.0,-92629000.0,34977000.0,51511000.0,1.6959796437659034,1.1041791326803767,0.18352008242718626,0.5986016923723219,-0.24173023347213665,1.6959796437659034,-0.39107603672808017,0.9450944364884217,-0.670931481623571,1.0495408989977795,-0.031458605079413796,1.3392237930114697,0.011721988735454728,0.34046291696564923,0.5320757093817907,-0.11989659803867454,-6.23475935828877,-0.08530357480612824,-5.0,-4.073751858010228,-0.4447949144526778,-0.5241052837439107,-1.3420368364030335,-5.366878358573522,-9.77109440267335,-3.375333021522637,-0.6302415193854469,-0.5287092810911419,Auto Parts,Consumer Cyclical,SYPR
2014Q4,2014,Q4,2015-03-31,2014-12-31,-2047000.0,87215000.0,-1197000.0,-0.11,9230000.0,0.10583041907928682,129681000.0,46888000.0,89366000.0,74802000.0,82793000.0,29031000.0,-79596000.0,52138660.0,62135660.0,2.3921228508749555,1.1947006764525012,0.1310909076888673,0.36256611499744074,-0.04186944716025971,2.3921228508749555,-0.04365722572939772,0.5978175772516195,-6.367691744015633,1.1119830233748507,-0.20029311187103077,2.6862664048775446,0.007863646668326342,0.6725349125932095,0.7308494425282747,-0.015784887531712432,-13.753273542600898,0.10583041907928682,-0.8333333333333334,-1.085754557292758,0.24827768402678355,-0.33013479682602465,0.12437568522353515,-0.7661777394305436,-5.65,-2.494905989764124,0.008195377415720309,-0.25080997304574476,Auto Parts,Consumer Cyclical,SYPR
2014Q3,2014,Q3,2014-11-04,2014-09-28,-1159000.0,90204000.0,-180000.0,-0.06,8209000.0,0.09100483348853709,167837000.0,55802000.0,122863000.0,82693000.0,112035000.0,35490000.0,-77140000.0,65111840.0,70850840.0,2.845298796655109,1.4857726772520043,0.14895404469812973,0.44801261603526754,0.06794386277567387,2.845298796655109,-0.020769864879395004,0.7218287437364197,-14.044831751509921,1.166837030930791,-0.3546160483175151,2.3103691180614256,0.006312216027069731,0.5374500259180037,0.9778094881066112,-0.0069055095122052945,-104.01252396166134,0.09100483348853709,-4.0,0.38271079634565747,0.3551286370863585,-0.0753041636985225,-0.24180290015701486,-4.132432432432433,-1.107398568019093,-1.1830999522938361,-0.049413354369860545,-0.1667680343729583,Auto Parts,Consumer Cyclical,SYPR
2014Q2,2014,Q2,2014-08-05,2014-06-29,370000.0,93113000.0,1676000.0,0.02,10827000.0,0.11627807073126202,169872000.0,57831000.0,122907000.0,84129000.0,112041000.0,35008000.0,-75570000.0,109490760.0,114070760.0,2.947253083273876,1.4609349926897979,0.13539606291796175,0.3977105704552921,0.005305538785026827,2.947253083273876,0.006397952655150352,1.1758912289368832,73.98024324324325,1.893288374747108,1.0972972972972972,2.3504913162705665,0.00370807545769159,0.5481362437600076,0.9906928645294726,0.0021781105773759067,416.31467680608364,0.11627807073126202,-0.75,1.0514057678918818,0.06807072968720983,0.19754029538074322,0.02489587277546384,-0.7760290556900726,-0.3077240809582817,1.2291111688328769,0.050682231090654,-0.11606813840021481,Auto Parts,Consumer Cyclical,SYPR
2014Q1,2014,Q1,2014-05-06,2014-03-30,1652000.0,84244000.0,2421000.0,0.08,10564000.0,0.12539765443236314,164813000.0,57793000.0,117845000.0,78808000.0,107020000.0,36565000.0,-75529000.0,53785090.0,57720090.0,2.9764124221043415,1.4953431123743783,0.13955209843883673,0.3979720727423736,0.017572932903235652,2.9764124221043415,0.028584776703060925,0.6384441621955272,8.139390133171911,0.9306505978232658,0.2469733656174334,2.0150417065499795,0.007585745417549734,0.5111489991687549,0.9838214394477718,0.01002348115743297,27.72427319587629,0.12539765443236314,24.559105431309906,1.1382429508130267,-0.02095597885219017,0.14375740737260906,0.6557993730407523,26.081967213114755,2.313619099294628,-0.2232503400037004,0.07216312914954638,-0.1184729769547738,Auto Parts,Consumer Cyclical,SYPR
2013Q4,2013,Q4,2014-03-11,2013-12-31,61000.0,73859000.0,-1843000.0,0.00313,6380000.0,0.08638080667217266,146283000.0,56252000.0,97032000.0,60490000.0,90031000.0,34422000.0,-76786000.0,59517000.0,64843000.0,2.892133676092545,1.6040998512150768,0.16406554418490188,0.42665149683566805,0.0005692298840124547,2.892133676092545,0.0010844058877906564,0.8058191960356896,243.922131147541,1.0580423807153523,6.688524590163935,1.96034512811574,0.006855184233076264,0.5049048761646945,0.9457265663746074,0.00041699992480329225,-42.94155844155844,0.08638080667217266,1.0312999999999999,1.0004729126647427,-0.25963400922593943,-0.11121793473218348,-0.12133314970389754,1.030576441102757,-0.8902564102564102,1.0361565829543207,0.058112495787870706,-0.09392902291184092,Auto Parts,Consumer Cyclical,SYPR
2013Q3,2013,Q3,2013-11-12,2013-09-29,-1995000.0,76278000.0,-975000.0,-0.1,7261000.0,0.09519127402396498,148918000.0,53168000.0,98150000.0,69026000.0,95750000.0,37600000.0,-76440000.0,60443760.0,63856760.0,2.7444381355494762,1.421927969171037,0.08747095717106058,0.24499699067108036,-0.0258445173111131,2.7444381355494762,-0.03752256996689738,0.7924140643435853,-7.574406015037594,1.136844718627746,-0.20451127819548873,1.835558510638298,0.00675007643468904,0.5122147759169475,0.8122591487265668,-0.013396634389395506,-40.812802160702226,0.09519127402396498,-0.25000000000000006,0.7561101451068618,-0.2778845693137221,-0.6852282517551117,-0.1289587332053743,-0.3353413654618474,-0.41509433962264153,-0.014426818027008166,-0.000916947131678008,-0.14500796753828737,Auto Parts,Consumer Cyclical,SYPR
2013Q2,2013,Q2,2013-08-06,2013-06-30,-1494000.0,82166000.0,-689000.0,-0.08,8336000.0,0.10145315580653798,165723000.0,55077000.0,113547000.0,74568000.0,110646000.0,38160000.0,-74038000.0,65586330.0,67195330.0,2.846797953171034,1.5227309301577083,0.12068330889496329,0.3631279844581223,-0.02492873377272061,2.846797953171034,-0.02712566043902173,0.7982173891877419,-10.974954819277109,1.190811591045264,0.0,1.934748427672956,0.0,0.49580323793317765,0.9561742302328077,-0.009015043174453757,-31.039436819687648,0.10145315580653798,0.7647058823529411,-0.515601722440904,-0.2937378840061398,-0.6962768933359593,0.032194155522535906,0.7686948444031584,0.8998692050574044,0.662428574379378,0.25445119178971115,-0.11702224991084283,Auto Parts,Consumer Cyclical,SYPR
2013Q1,2013,Q1,2013-05-14,2013-03-31,-6459000.0,78411000.0,-6881000.0,-0.34,8076000.0,0.1029957531468799,168805000.0,57732000.0,112579000.0,75083000.0,111073000.0,36477000.0,-72136000.0,75837960.0,74849960.0,3.0145684298470052,1.499394003968941,0.1036699149906697,0.3031247834822975,-0.10129703174421882,3.0145684298470052,-0.11187902722926626,0.9671852163599495,-2.9353599628425453,1.3136208688422366,0.0,1.92820133234641,0.0,0.46450638310476583,0.9501884581063623,-0.03826308462427061,-207.20754098360655,0.1029957531468799,-5.927465362673187,-17.067924702314553,-0.29326884029463635,-0.7043507261660129,-0.06506135679555453,-5.871276595744681,-11.30948121645796,-1.5800089414455516,0.20696360944988065,-0.15410707149110944,Auto Parts,Consumer Cyclical,SYPR
2012Q4,2012,Q4,2013-03-12,2012-12-31,-940000.0,67466000.0,-559000.0,-0.04908,8638000.0,0.12803486200456526,160968000.0,62933000.0,96098000.0,58255000.0,98035000.0,33958000.0,-65282000.0,75837960.0,76173960.0,3.2861469374967363,1.6496094755814952,0.11803588290840415,0.3019083787520061,-0.009812606780378083,3.2861469374967363,-0.014936519790888723,1.1240915424065456,-20.169670212765958,1.20505871323471,-0.8574468085106383,1.7323752871193827,0.010627923008477548,0.41912678296307343,0.9817869710754442,-0.0058396699965210476,-8.442386730490927,0.12803486200456526,0.8363999999999999,0.5962818974901614,-0.3769487837207222,-0.7094910466718793,-0.07851504160443781,0.8362083986757275,-1.8803149606299212,-1.040304542199506,-0.01169326314536771,-0.07978159017182669,Auto Parts,Consumer Cyclical,SYPR
2012Q3,2012,Q3,2012-11-06,2012-09-30,-5739000.0,78763000.0,635000.0,-0.3,9374000.0,0.11901527366910859,171885000.0,64363000.0,103535000.0,76241000.0,107522000.0,35876000.0,-63938000.0,135425400.0,126344400.0,3.3743839781902065,1.357996353667974,0.04654274660383396,0.12429501421624226,0.004030193992109881,3.3743839781902065,-0.08916613582337679,1.7194037809631426,-5.899346576058546,2.1040877522800367,-0.07039553929255968,1.934134240160553,0.002983192222433901,0.45823079384472176,0.8043441193058852,-0.03338860284492538,31.924893917963225,0.11901527366910859,-2.3636363636363638,-3.0896210114179574,-0.2764571102031722,-0.7056753290918314,-0.29108371776450126,-2.293150067598017,-0.8578782452999105,-2.1428349661100947,0.21662596998609443,0.09664363489101846,Auto Parts,Consumer Cyclical,SYPR
2012Q2,2012,Q2,2012-08-07,2012-07-01,4438000.0,98912000.0,4468000.0,0.22,13223000.0,0.1336844872209641,198078000.0,70009000.0,128503000.0,88171000.0,128069000.0,39488000.0,-57797000.0,138815040.0,134266040.0,3.671543947975666,1.4574293134930987,0.07067922737507447,0.19997428901998315,0.049779442971181524,3.671543947975666,0.06339184961933465,1.4034196053057264,7.819684542586751,1.98281706637718,0.0,2.1700010129659644,0.0,0.49935883843738327,0.9330392079028252,0.022405315077898606,-28.44570491803279,0.1336844872209641,-0.18518518518518523,2.8377928641125836,-0.1892385117214111,-0.678318969635683,0.05665654466996963,-0.1607413010590015,-0.007772596047079724,1.6345057365780018,0.16755354172127238,0.49183721239102723,Auto Parts,Consumer Cyclical,SYPR
2012Q1,2012,Q1,2012-05-15,2012-04-01,5288000.0,96463000.0,4503000.0,0.27,12514000.0,0.12972849693664928,198952000.0,68150000.0,122277000.0,88615000.0,130802000.0,38946000.0,-61831000.0,75752000.0,65580000.0,3.5985848558453903,1.3798679681769452,0.04523704210060718,0.13206162876008803,0.04979249742670886,3.5985848558453903,0.07759354365370506,0.7852959165690472,3.5813161875945534,1.1115480557593542,0.0,2.1555230318903096,0.0,0.484855643572319,0.8996106753935564,0.026579275403112307,-31.81520369592608,0.12972849693664928,2.9130434782608696,21.636581239317987,-0.17237052820312393,-0.6879166240329113,0.43723440909612954,2.99697656840514,7.709864603481625,1.453703800497469,0.14940219693202925,0.3828419927175569,Auto Parts,Consumer Cyclical,SYPR
2011Q4,2011,Q4,2012-03-13,2011-12-31,1323000.0,83580000.0,517000.0,0.069,8707000.0,0.10417564010528835,175725000.0,60468000.0,99985000.0,74872000.0,115257000.0,33621000.0,-66722000.0,74236960.0,66063960.0,3.1929454007814977,1.3354124372261993,0.05690709916062029,0.16537672818680954,0.010136750979839605,3.1929454007814977,0.021879341139114904,0.888214405360134,14.02814814814815,1.2277065555335052,0.0,2.2269712382142113,0.0,0.47562953478446435,0.8168207073405278,0.007528809218950064,15.58944981100378,0.10417564010528835,-0.77,2.3000480173470264,-0.27006542689899743,-0.7245425498987517,-0.15161258891162427,-0.7824728707661953,-0.6673101673101673,1.010534076000018,-0.13953958060398913,-0.018775435225370847,Auto Parts,Consumer Cyclical,SYPR
2011Q3,2011,Q3,2011-11-08,2011-10-02,6082000.0,91177000.0,1554000.0,0.3,10263000.0,0.11256128190223412,187528000.0,64348000.0,109741000.0,82417000.0,123180000.0,36046000.0,-68045000.0,54647600.0,51620600.0,3.4147739333474845,1.331533542837036,0.06665671259758543,0.19425623173991421,0.015587908856077751,3.4147739333474845,0.09451731211537266,0.5993572940544216,2.2462841170667542,0.8492509479704109,0.0,2.24474282860789,0.0,0.48620472676080373,0.8450077047211134,0.03243249008148116,8.025789396387134,0.11256128190223412,4.75,8.281712668022156,-0.30492546686469696,-0.7081847442298111,0.26531870299593147,4.9238709677419354,6.095890410958904,1.7644006259039093,-0.11260616046138079,-0.6083444742522294,Auto Parts,Consumer Cyclical,SYPR
2011Q2,2011,Q2,2011-08-09,2011-07-03,-1550000.0,85058000.0,219000.0,-0.08,8111000.0,0.09535846128524066,194172000.0,62794000.0,111656000.0,79120000.0,131378000.0,38864000.0,-74128000.0,74578680.0,82418680.0,3.3342537036053734,1.4112234580384226,0.11330160888284614,0.3503519444532917,0.005119221688886809,3.3342537036053734,-0.024683886995572824,0.8767979496343672,-12.028819354838708,1.1876720705799917,0.0,1.979904281597365,0.0,0.4380549203798694,0.8621587462082912,-0.007982613353109614,-97.87228346456693,0.09535846128524066,-1.7999999999999998,-2.3486301838396573,-0.38298776591269673,-0.7157868486970648,-0.004540991654393717,-1.7553606237816763,-0.6583463338533542,-0.6153264934034609,-0.24892542953372798,-0.6442705418777341,Auto Parts,Consumer Cyclical,SYPR
2011Q1,2011,Q1,2011-05-17,2011-04-03,2052000.0,75810000.0,641000.0,0.1,8148000.0,0.1074792243767313,193322000.0,63254000.0,109238000.0,73502000.0,130068000.0,35367000.0,-72577000.0,73437280.0,80314280.0,3.376427885128643,1.4861908519496068,0.12572288720373262,0.38424447465772915,0.006242872028024994,3.376427885128643,0.0324406361653018,0.968701754385965,8.947037037037036,1.1609902931039935,0.0,1.913139367206718,0.0,0.39214367738798483,0.9336752741422002,0.010614415327795078,-110.432,0.1074792243767313,2.165093790050099,1.3059543054335965,-0.4383738392090527,-0.7147362096414345,0.12154163799036476,2.262769230769231,1.3280450358239508,4.2183451437001125,-0.3015027764624641,-0.6688619032470361,Auto Parts,Consumer Cyclical,SYPR
2010Q4,2010,Q4,2011-03-15,2010-12-31,-1625000.0,67233000.0,-1954000.0,-0.08583,7265000.0,0.10805705531509824,179692000.0,59798000.0,97007000.0,64251000.0,119894000.0,30264000.0,-74629000.0,79619500.0,86332500.0,3.191950464396285,1.509813076839271,0.12969414331188922,0.38972875347001573,-0.020675654001165715,3.191950464396285,-0.027174821900398008,1.1842324453765265,-12.249153846153845,1.3314742967992241,0.0,1.9814961670631774,0.0,0.37415689067960733,0.9031143484148106,-0.009043251786390046,114.89105339105339,0.10805705531509824,0.14170000000000002,-5.234961935114246,-0.5098890724808435,-0.7305568123057736,-0.05131888221467746,0.1406663141195135,-1.4333748443337484,0.2865481384174286,-0.36527995067968033,-0.7178184037037162,Auto Parts,Consumer Cyclical,SYPR
2010Q3,2010,Q3,2010-11-16,2010-10-03,-1891000.0,73412000.0,-803000.0,-0.1,7658000.0,0.104315370784068,190553000.0,59794000.0,102660000.0,72899000.0,130759000.0,31327000.0,-73004000.0,57933080.0,66103080.0,3.209899076658793,1.4082497702300443,0.12230193174602341,0.3897548248988193,-0.01323027299454272,3.209899076658793,-0.03162524668026892,0.7891500027243502,-7.659053410893707,0.9688778138274743,0.0,2.0989561719922114,0.0,0.3852576448547123,0.8539486138355807,-0.009923748248518785,-113.37197651663405,0.104315370784068,0.5652173913043478,-1.610097900943047,-0.4952172903569329,-0.7300827567795811,0.5530318393834922,0.5565196998123827,0.7704402515723271,-1.7050150364288645,-0.30946668599487814,-0.7200222335417987,Auto Parts,Consumer Cyclical,SYPR
2010Q2,2010,Q2,2010-08-17,2010-07-04,-4264000.0,63106000.0,-3498000.0,-0.23,4931000.0,0.07813837036097994,185329000.0,60097000.0,94862000.0,67137000.0,125232000.0,32522000.0,-71113000.0,77169600.0,85449600.0,3.224087982832618,1.4129615562208617,0.12574934306017946,0.3877897399204619,-0.04899966671494519,3.224087982832618,-0.07095196099638917,1.2228567806547714,-4.5244840525328325,1.2840840640963775,0.0,1.788789127359941,0.0,0.34050796151708584,0.7885666621981917,-0.023007732195177225,93.99464068209501,0.07813837036097994,-0.7692307692307693,-3.0817777469652685,-0.5140677313508786,-0.7257726491259634,-0.17994345584566773,-0.759075907590759,-2.0207253886010363,-0.806282582866565,-0.4708558291836116,-0.7175226664862238,Auto Parts,Consumer Cyclical,SYPR
2010Q1,2010,Q1,2010-05-18,2010-04-04,-2424000.0,62903000.0,-1158000.0,-0.13,6013000.0,0.09559162520070585,189791000.0,66083000.0,91395000.0,64871000.0,123708000.0,31190000.0,-66855000.0,63048054.300000004,72191054.30000001,3.5637706951410237,1.408872994095975,0.12279296700054271,0.3526625607190957,-0.014113409386072482,3.5637706951410237,-0.03668114341055945,1.0023059997138453,-6.502480847772277,0.9540737300062043,0.0,1.8239820455274127,0.0,0.33143299734971626,0.8325754189082949,-0.01277194387510472,-41.72604520185308,0.09559162520070585,-1.1065573770491803,-4.994811875649544,-0.5077087137978036,-0.6936718235614725,0.036902914295568204,-1.1073421309007174,0.6793132096372196,-8.661243639989566,-0.44881085571872975,-0.6909358444318497,Auto Parts,Consumer Cyclical,SYPR
2009Q4,2009,Q4,2010-03-23,2009-12-31,22582000.0,66097000.0,-3611000.0,1.22,5799000.0,0.0877346929512686,189947000.0,66218000.0,89447000.0,62464000.0,123729000.0,29042000.0,-64434000.0,52291260.0,59988260.0,3.571051070484819,1.431976818647541,0.12269211938066935,0.35194358029538797,-0.04075286269603441,3.571051070484819,0.34102509891570265,0.7911290981436374,0.5789042157470551,0.7896834697514271,0.0,2.076234419117141,0.0,0.34797601436190095,0.8632972592213115,0.1188857944584542,38.5060824742268,0.0877346929512686,14.555555555555557,16.00837959203579,-0.4717940848222336,-0.6896100445398037,0.11049406357717349,13.765404183154324,0.06426535371857994,23.66293045485954,-0.4104543629728481,-0.6919231309698188,Auto Parts,Consumer Cyclical,SYPR
2009Q3,2009,Q3,2009-11-17,2009-10-04,-1769000.0,62716000.0,-3859000.0,-0.09,5222000.0,0.0832642387907392,234727000.0,56857000.0,113014000.0,100754000.0,177870000.0,32379000.0,-87020000.0,53789458.0,118044458.0,3.07701049897175,1.1216825138456041,0.3195201233773703,1.3190987917055068,-0.00981047863738854,3.07701049897175,-0.031113143500360554,0.8576672300529371,-7.601675805539853,0.9460481207239214,0.0,1.7756570616757774,0.0,0.26718698743646874,0.4419377890704091,-0.007536414643394241,30.544837024417944,0.0832642387907392,0.7567567567567568,-1.4911419009570688,-0.48743526485341687,-0.7370575242494034,-0.3142481943532502,0.7390085570964886,0.149812734082397,-1.1598972317015668,-0.5124237280258165,-0.7370488871909676,Auto Parts,Consumer Cyclical,SYPR
2009Q2,2009,Q2,2009-08-18,2009-07-05,-6778000.0,82096000.0,-4539000.0,-0.37,7615000.0,0.0927572597934126,230210000.0,45476000.0,101771000.0,139624000.0,184734000.0,35838000.0,-85251000.0,23467060.0,88842060.0,2.4610888624309992,0.7288933134704635,0.3279614265236089,1.6602163778696455,-0.039378982090497235,2.4610888624309992,-0.14904565045298618,0.28584900604170727,-0.8655598996754205,0.516031753012578,0.0,2.078268876611418,0.0,0.3566135267798966,0.3976322122271243,-0.02944268276790756,5.29133258173619,0.0927572597934126,0.40322580645161293,-4.29596960771135,-0.1740670226565846,-0.7869871477581108,0.748564867967853,0.40255619215513444,0.5116204002582311,-13.924562104045817,-0.39303290250175654,-0.7902157773801916,Auto Parts,Consumer Cyclical,SYPR
2009Q1,2009,Q1,2009-05-20,2009-04-05,-11345000.0,81691000.0,-9294000.0,-0.62,4355000.0,0.05331064621561739,234768000.0,47971000.0,105442000.0,140328000.0,186797000.0,41701000.0,-78483000.0,12903800.0,82823800.0,2.6023109471628514,0.7513967276666097,0.31946432222449395,1.563444581101082,-0.0788814562355174,2.6023109471628514,-0.23649705030122364,0.1579586490555875,-0.2843499338915822,0.2689916824748285,-0.03402379903040987,1.8545358624493418,0.029913668841736542,0.34796479929121515,0.3643820192691409,-0.04832430314182512,-1.3211631002354869,0.05331064621561739,0.9065106298921706,-3.6781277499847342,-0.26661630155594046,-0.8050359315209029,1.5452951490356517,0.90719836400818,0.8289720658054544,-13.956532048676227,-0.38495629516238183,-0.7801389190780893,Auto Parts,Consumer Cyclical,SYPR
2008Q4,2008,Q4,2009-03-31,2008-12-31,-122250000.0,94549000.0,-54342000.0,-6.63177,1711000.0,0.018096436768236576,253205000.0,59985000.0,119279000.0,73078000.0,193220000.0,48394000.0,-67205000.0,11244740.0,70527740.0,3.2540414451556905,1.6322148936752512,0.2883039434450347,1.216970909394015,-0.4029793050332377,3.2540414451556905,-2.0380095023755938,0.11893029011412072,-0.022995378323108384,0.18745919813286654,-0.004736196319018405,1.9183783113609125,0.05149074144889077,0.3734088979285559,0.7993103259530913,-0.48281037104322583,-1.2444378043382027,0.018096436768236576,-14.789928571428574,-29.926709351672717,-0.029514108693647314,-0.6675632367831564,-0.74290007513148,-14.761990716864362,-9.04287562372944,-475.69461029701307,-0.2995457608904903,-0.7253155054717594,Auto Parts,Consumer Cyclical,SYPR
2008Q3,2008,Q3,2008-11-05,2008-09-28,-7756000.0,100157000.0,-5411000.0,-0.42,6655000.0,0.06644568028195733,359062000.0,160156000.0,175232000.0,91048000.0,198906000.0,68587000.0,55385000.0,32513130.0,82961130.0,8.718819750666885,1.9246111940954223,0.18102723206577137,0.4058542920652364,-0.024674867498569036,8.718819750666885,-0.04842778291166113,0.3246216440188903,-1.0479992908715834,0.20300912859961537,-0.07490974729241877,1.3632612594223394,0.017869703716621565,0.2789406843386379,0.7825652403128021,-0.021600726336955735,-20.487164461247637,0.06644568028195733,-7.3999999999999995,-9.765337786265903,0.1270149179950488,-0.12375556933792209,-0.399097065462754,-7.295187165775401,-4.566872427983539,-3.537619584913799,-0.3016077081941761,-0.26684305798007374,Auto Parts,Consumer Cyclical,SYPR
2008Q2,2008,Q2,2008-08-07,2008-06-29,-935000.0,110350000.0,-972000.0,-0.05,11075000.0,0.10036248300860898,372831000.0,172004000.0,181702000.0,97848000.0,200827000.0,69087000.0,63695000.0,77074200.0,126384200.0,9.373004195956623,1.8569822581963862,0.16897736507962052,0.36627055184763146,-0.003610880787439484,9.373004195956623,-0.0054359200948815144,0.6984521975532397,-20.60807486631016,0.44809539313039237,-0.6213903743315508,1.4369563014749518,0.007538190471000672,0.29597860692914485,0.7716764778023056,-0.0025078386722134157,-5.85403311560079,0.10036248300860898,-3.5000000000000004,-1.270311746215278,0.21022047267937105,-0.05462467968767576,-0.12987115021998744,-3.4285714285714284,-1.6445623342175066,-1.463676354719737,-0.13689507092113684,-0.2027717220886226,Auto Parts,Consumer Cyclical,SYPR
2008Q1,2008,Q1,2008-04-30,2008-03-30,385000.0,106262000.0,1508000.0,0.02,12728000.0,0.11977941314863262,404884000.0,187023000.0,196231000.0,111844000.0,217861000.0,73563000.0,65211000.0,75752460.0,111805460.0,10.196434412823029,1.7545062765995494,0.13584137678940142,0.29408147660982875,0.0043774870766188564,10.196434412823029,0.002058570336268801,0.7128838154749582,49.18990909090908,0.4050435507932179,1.4857142857142858,1.271481587210962,0.007550909897843581,0.2624504796435522,0.7655037373484497,0.0009508896375258098,4.929233472149922,0.11977941314863262,1.164771791069369,-0.7841020608439646,0.3947749443922845,0.0443985738635873,0.32362728785357736,1.1726457399103138,1.722914669223394,-0.35855746466847405,-0.15925927485206692,-0.12355327347133742,Auto Parts,Consumer Cyclical,SYPR
2007Q4,2007,Q4,2008-03-10,2007-12-31,-2230000.0,103709000.0,-2086000.0,-0.12138,9616000.0,0.09272097889286368,422060000.0,207479000.0,253493000.0,101052000.0,214581000.0,71789000.0,65402000.0,111886200.0,162264200.0,11.311689019736125,2.5085401575426514,0.15400653935459413,0.31328471797145735,-0.005397429003850975,11.311689019736125,-0.010748075708866921,1.0788475445718309,-12.543295964125559,0.5392651786445857,-0.25739910313901343,1.3106882670046942,0.00513021266250887,0.24572098753731697,0.7292186201163757,-0.005283608965549922,-9.129095953002611,0.09272097889286368,-1.8669999999999998,-1.5265572444171431,0.20277921742508873,0.17083224764430394,-0.08174178762414057,-1.8456579446340537,-1.4965484408474172,-0.4983372428752318,-0.16214036538746213,-0.016806373889574032,Auto Parts,Consumer Cyclical,SYPR
2007Q3,2007,Q3,2007-11-02,2007-09-30,2637000.0,104520000.0,4201000.0,0.14,10472000.0,0.10019135093761959,435037000.0,209967000.0,267746000.0,119524000.0,225070000.0,82284000.0,68202000.0,171968460.0,210623460.0,11.464835644861854,2.240102406211305,0.1264260281309406,0.26194592483580753,0.01291999988449246,11.464835644861854,0.012559116432582264,1.6453163030998852,16.303418657565416,0.8190261326779924,0.21729237770193402,1.142968256283117,0.003332006345814808,0.24025542654992563,0.6259663331213815,0.00606155338511437,-18.651676789587853,0.10019135093761959,2.076923076923077,-0.4246583323954714,0.13896986363242692,0.1983341535240136,0.3598233995584989,2.146023468057366,2.3128125,-0.2613120124580734,-0.13813047315897858,-0.02028534854169177,Auto Parts,Consumer Cyclical,SYPR
2007Q2,2007,Q2,2007-08-08,2007-07-01,-2301000.0,116247000.0,-3200000.0,-0.13,7701000.0,0.06624687088699063,362258000.0,207374000.0,194328000.0,93598000.0,154884000.0,80570000.0,66130000.0,146078759.99999997,174680759.99999997,11.41361659970279,2.076198209363448,0.1325022497777827,0.23146585396433497,-0.006906109151921786,11.41361659970279,-0.011095894374415308,1.2566239128751706,-15.87122555410691,0.7044217693635653,-0.2459800086918731,1.3472260146456498,0.0038746221558835802,0.3208956047899563,0.8586935618282442,-0.0063518265987224575,62.45351004702863,0.06624687088699063,-12.0,-1.630783349320094,0.21601156906056673,0.2152175943609362,-0.3586241359207129,-8.391836734693877,-13.213740458015268,-2.1379474066515276,0.18940155256899177,-0.012125460639994366,Auto Parts,Consumer Cyclical,SYPR
2007Q1,2007,Q1,2007-05-02,2007-04-01,-245000.0,111439000.0,262000.0,-0.01,12007000.0,0.10774504437405218,372700000.0,208789000.0,201450000.0,95781000.0,163911000.0,82174000.0,69003000.0,121135830.0,151384830.0,11.530844424808086,2.103235505998058,0.14757177354440568,0.2634238393785113,0.000556838502945714,11.530844424808086,-0.0011734334663224596,1.0870146896508404,-123.60798979591837,0.5801830077255028,-2.2489795918367346,1.2100177671769659,0.004548612908336039,0.2990045613093641,0.8887462022739374,-0.0006573651730614436,-79.5899014454665,0.10774504437405218,0.8139188686267212,-1.0753936833632038,0.0008285546256594323,-0.03376740178918519,0.5391616459428279,0.7482014388489209,1.1255992329817832,-1.058879749717011,0.01851476163070182,-0.13611386659573813,Auto Parts,Consumer Cyclical,SYPR
