Quarters,Year,Quarter,FillingDate,Date,NetIncome,Revenue,OperatingIncome,EPSDiluted,GrossProfit,GrossProfitRatio,TotalAssets,CommonStockEquity,CurrentAssets,CurrentLiability,TotalLiability,Inventory,RetainedEarnings,MarketCap,EnterpriseValue,bookValuePerShare,currentRatio,debtToAssets,debtToEquity,roic,shareholdersEquityPerShare,roe,priceToSalesRatio,peRatio,pbRatio,payoutRatio,inventoryTurnover,dividendYield,assetTurnover,quickRatio,returnOnAssets,priceToFreeCashFlowsRatio,grossProfitMargin,epsdilutedGrowth,fiveYNetIncomeGrowthPerShare,fiveYRevenueGrowthPerShare,fiveYShareholdersEquityGrowthPerShare,grossProfitGrowth,netIncomeGrowth,operatingIncomeGrowth,threeYNetIncomeGrowthPerShare,threeYRevenueGrowthPerShare,threeYShareholdersEquityGrowthPerShare,Industry,Sector,Symbol
2023Q1,2023,Q1,2023-04-27,2023-03-31,10000000.0,12189000000.0,71000000.0,0.0152,2349000000.0,0.1927147428,66786000000.0,-5771000000.0,17652000000.0,24590000000.0,72557000000.0,2308000000.0,-8501000000.0,9617000000.0,52094000000.0,-8.85122699386503,0.7178527856852379,0.642784415895547,-7.438745451394905,0.0009297160830406692,-8.85122699386503,-0.0017328019407381737,0.7889900730166544,240.425,-1.6664356264079017,0.0,4.263431542461006,0.0,0.18250831012487648,0.5482716551443676,0.00014973197975623633,3.4006364922206505,0.19271474280088605,-0.9866666666666666,-0.9610547364601886,-0.15109210638075735,-3.106491115443489,-0.2785626535626536,-0.987546699875467,-0.9486623282718727,1.0029135834407843,-0.06534197014290906,-0.4294698016840909,Airlines,Industrials,AAL
2022Q4,2022,Q4,2023-02-22,2022-12-31,803000000.0,13189000000.0,1383000000.0,1.14,3256000000.0,0.2468723937,64716000000.0,-5799000000.0,15269000000.0,21496000000.0,70515000000.0,2279000000.0,-8511000000.0,8280007680.0,51527007680.0,-8.908600432602498,0.7103181987346483,0.6750571728784226,-7.533540265563028,0.023925463394557412,-8.908600432602498,-0.13847215037075358,0.6277964728182577,2.5778355168119553,-1.4278337092602174,0.0,4.3584905660377355,0.0,0.20379813338278013,0.5165147004093785,0.012408059830644663,-8.903234064516129,0.2468723936613845,0.6521739130434783,1.281501673848127,-0.08801018927973019,-2.0827489366843537,0.1529745042492918,0.6625258799171843,0.4870967741935484,0.29490918903893176,-0.2216800011742108,-31.80916744745363,Airlines,Industrials,AAL
2022Q3,2022,Q3,2022-10-20,2022-09-30,483000000.0,13462000000.0,930000000.0,0.69,2824000000.0,0.2097756648,66652000000.0,-7893000000.0,17377000000.0,21970000000.0,74545000000.0,2215000000.0,-9314000000.0,7833055439.999999,52183055440.0,-12.132139332847617,0.7909421939007738,0.6703774830462702,-5.660965412390726,0.01532792003206514,-12.132139332847617,-0.06119346256176359,0.5818641687713564,4.0543765217391305,-0.992405351577347,0.0,4.802708803611738,0.0,0.20197443437556262,0.601866181156122,0.007246594250735162,-6.717886312178387,0.20977566483434854,0.014705882352941025,-0.4232397053165561,-0.0778674639325981,-2.4896964155681878,-0.027882960413080894,0.014705882352941176,-0.0855457227138643,-0.22804456290175318,-0.23229319314208843,-34.50858970797097,Airlines,Industrials,AAL
2022Q2,2022,Q2,2022-07-21,2022-06-30,476000000.0,13422000000.0,1017000000.0,0.68,2905000000.0,0.2164357026,67963000000.0,-8422000000.0,18525000000.0,22770000000.0,76385000000.0,2273000000.0,-9797000000.0,8246387280.0,52710387280.0,-12.950029676510658,0.813570487483531,0.6601386048290981,-5.32711944906198,0.018147018923331308,-12.950029676510658,-0.05651864165281406,0.6143933303531516,4.331085756302521,-0.9791483353122773,0.0,4.626924769027717,0.0,0.1974898106322558,0.6305226174791392,0.007003810897105778,7.876205616045845,0.21643570257785724,1.26984126984127,-0.5526294253199118,-0.08783232130182418,-2.7109307310270814,55.96078431372549,1.291131498470948,1.6461245235069886,-0.5079918369829314,-0.23209163258164603,-260.948491194757,Airlines,Industrials,AAL
2022Q1,2022,Q1,2022-04-21,2022-03-31,-1635000000.0,8899000000.0,-1574000000.0,-2.52,51000000.0,0.005730981,67401000000.0,-8940000000.0,17762000000.0,21866000000.0,76341000000.0,2002000000.0,-10273000000.0,11853429750.0,57339429750.0,-13.764370603369038,0.8123113509558219,0.6804350083826649,-5.129977628635347,-0.027451460115076202,-13.764370603369038,0.18288590604026847,1.3319957017642432,-1.812451032110092,-1.3258869966442952,0.0,4.419580419580419,0.0,0.1320306820373585,0.6412238177993231,-0.024257800329371967,31.35827976190476,0.0057309810091021466,-0.7500000000000001,-6.420842887482764,-0.28261793781118477,-3.006333200977398,-0.9332460732984293,-0.7561761546723953,-1.0179487179487179,-7.149732408701189,-0.41493843858533813,-8.78116518642019,Airlines,Industrials,AAL
2021Q4,2021,Q4,2022-02-22,2021-12-31,-931000000.0,9427000000.0,-780000000.0,-1.44,764000000.0,0.0810438103,66467000000.0,-7340000000.0,17336000000.0,19006000000.0,73807000000.0,1795000000.0,-8638000000.0,11651837360.0,57555837360.0,-11.31378648079585,0.9121330106282227,0.6947357335218981,-6.291144414168937,-0.012985537375183322,-11.31378648079585,0.12683923705722072,1.2360069332767583,-3.1288499892588613,-1.5874437820163487,0.0,4.826183844011142,0.0,0.14182978019167405,0.7332421340629275,-0.014006950817699008,-7.888854001354096,0.08104381033202504,-6.76,-3.555106832735327,-0.23617757668276232,-2.5381100193420343,-0.2596899224806202,-6.508875739644971,-2.310924369747899,-3.0337229993319865,-0.38812731202287165,-29.83435267102532,Airlines,Industrials,AAL
2021Q3,2021,Q3,2021-10-21,2021-09-30,169000000.0,8969000000.0,595000000.0,0.25,1032000000.0,0.1150629948,68437000000.0,-7437000000.0,19195000000.0,18938000000.0,75874000000.0,1851000000.0,-7707000000.0,13308533280.0,59670533280.0,-11.466871426721188,1.0135705987960715,0.6817218755936116,-6.27336291515396,0.010325134697545583,-11.466871426721188,-0.0227242167540675,1.483836913814249,19.687179408284024,-1.789502928600242,0.0,4.28795245813074,0.0,0.13105483875681284,0.8378920688562678,0.002469424434151117,-7.4018538820912125,0.11506299475972795,7.333333333333334,-0.8142328811472086,-0.31414282842574975,-2.3720943408496273,1.6597938144329898,7.894736842105263,0.3492063492063492,-0.6480883524117101,-0.4490336491190267,-8.297169772292607,Airlines,Industrials,AAL
2021Q2,2021,Q2,2021-07-22,2021-06-30,19000000.0,7478000000.0,441000000.0,0.03,388000000.0,0.0518855309,72464000000.0,-7667000000.0,22647000000.0,21521000000.0,80131000000.0,1789000000.0,-7876000000.0,13661848830.0,61633848830.0,-11.903006102871656,1.0523209888016356,0.666496467211305,-6.299334811529934,0.019027959450621322,-11.903006102871656,-0.002478153123777227,1.8269388646696978,179.7611688157895,-1.7819028081387769,0.0,3.9631078814980434,0.0,0.10319606977257673,0.8921053854374796,0.00026219916096268493,3.9772485676855895,0.051885530890612465,1.015228426395939,-0.982518866738185,-0.3692757187501118,-2.5541262606485953,1.1799628942486085,1.0152,1.335361216730038,-0.9758426650608601,-0.5377973678244158,-5.349178513098282,Airlines,Industrials,AAL
2021Q1,2021,Q1,2021-04-22,2021-03-31,-1250000000.0,4008000000.0,-1315000000.0,-1.97,-2156000000.0,-0.5379241517,68649000000.0,-7945000000.0,18089000000.0,17333000000.0,76594000000.0,1658000000.0,-7895000000.0,15167155100.0,62914155100.0,-12.519519893351655,1.0436162233889112,0.6995586243062536,-6.044556324732536,-0.021585097693200116,-12.519519893351655,0.15733165512901195,3.784220334331337,-3.03343102,-1.9090188923851477,0.0,3.7177322074788903,0.0,0.058383953152995674,0.8659781918883055,-0.018208568223863422,114.90269015151515,-0.5379241516966068,0.48293963254593175,-2.7059013615357754,-0.594185321892971,-2.6114429591815234,-0.16226415094339622,0.426078971533517,0.47713717693836977,-6.001566284900818,-0.7132116029921629,-4.808380832092639,Airlines,Industrials,AAL
2020Q4,2020,Q4,2021-02-17,2020-12-31,-2178000000.0,4028000000.0,-2515000000.0,-3.81,-1855000000.0,-0.4605263158,62008000000.0,-6867000000.0,11095000000.0,16569000000.0,68875000000.0,1614000000.0,-6664000000.0,9020187680.0,49796187680.0,-12.005580575680439,0.6696239966201943,0.6615436717842859,-5.973642056210863,-0.04579500070051009,-12.005580575680439,0.31716906946264745,2.239371320754717,-1.0353750780532598,-1.3135558002038736,0.0,3.6449814126394053,0.0,0.06495936008256999,0.4952622367071036,-0.035124500064507805,-2.8329735175879396,-0.4605263157894737,0.19108280254777069,-1.7271595917637306,-0.5418145783482256,-2.334907641511581,0.23881821912187115,0.0921217173822426,0.12399860675722744,-8.042435363291997,-0.6830233088713688,-2.4591550828819555,Airlines,Industrials,AAL
2020Q3,2020,Q3,2020-10-22,2020-09-30,-2399000000.0,3173000000.0,-2871000000.0,-4.71,-2437000000.0,-0.7680428616,62773000000.0,-5528000000.0,12340000000.0,16584000000.0,68301000000.0,1633000000.0,-4487000000.0,6256212210.0,47208212210.0,-10.85946539527629,0.7440906898215147,0.6564127889379192,-7.453871201157742,-0.04980802747265442,-10.85946539527629,0.433972503617945,1.9717025559407502,-0.6519604220508545,-1.1317315864688855,0.0,3.4353949785670546,0.0,0.050547209787647554,0.5679570670525808,-0.0382170678476415,-1.9667438572775857,-0.7680428616451308,0.022821576763485542,-2.8424077072051377,-0.6146500695791464,-2.9105644608469228,0.2668471720818291,-0.1606192549588776,-0.15486725663716813,-4.661201208729541,-0.7222212902022564,-2.3334257240625322,Airlines,Industrials,AAL
2020Q2,2020,Q2,2020-07-23,2020-06-30,-2067000000.0,1622000000.0,-2486000000.0,-4.82,-3324000000.0,-2.0493218249,64544000000.0,-3169000000.0,13789000000.0,18000000000.0,67713000000.0,1653000000.0,-2088000000.0,5604507490.0,45191507490.0,-7.390271147625855,0.7660555555555556,0.620491447694596,-12.6377406121805,-0.04232777150023858,-7.390271147625855,0.6522562322499211,3.4553067139334157,-0.6778552842283503,-1.7685413348059325,0.0,2.9921355111917727,0.0,0.025130143777887953,0.594,-0.03202466534457114,-4.324465655864198,-2.049321824907522,0.08365019011406835,-2.9483013378059666,-0.759382086991401,-2.399856786768678,-52.13846153846154,0.07764390896921017,0.02471557473519027,-3.9463446444906727,-0.8328174665704227,-1.9763871074388766,Airlines,Industrials,AAL
2020Q1,2020,Q1,2020-04-30,2020-03-31,-2241000000.0,8515000000.0,-2549000000.0,-5.26,65000000.0,0.0076335878,58580000000.0,-2636000000.0,7175000000.0,19213000000.0,61216000000.0,1772000000.0,-21000000.0,5189441470.0,38788441470.0,-6.191965009290296,0.3734450632384323,0.5816490269716627,-12.926024279210926,-0.048136415874787376,-6.191965009290296,0.8501517450682853,0.6094470311215502,-0.5789202889335118,-1.968680375569044,-0.019187862561356538,4.7686230248307,0.008286055493366997,0.14535677705701605,0.23921303284234632,-0.03825537726186412,-5.122844491609082,0.007633587786259542,-6.536842105263158,-4.9334818313238475,0.4174733439030446,-2.5601220376066935,-0.9741345005968961,-6.413043478260869,-4.496570644718793,-12.335878143978906,0.047268901998471835,-1.902558157972635,Airlines,Industrials,AAL
2019Q4,2019,Q4,2020-02-19,2019-12-31,414000000.0,11313000000.0,729000000.0,0.95,2513000000.0,0.2221338283,59995000000.0,-118000000.0,8206000000.0,18311000000.0,60113000000.0,1851000000.0,2264000000.0,12463697040.0,45627697040.0,-0.27152778097372626,0.44814592321555347,0.5574464538711559,-283.4237288135593,0.01244981551497506,-0.27152778097372626,-3.5084745762711864,1.1017145796870857,7.526387101449275,-105.62455118644067,0.10386473429951691,4.7541869259859535,0.0034500196740982403,0.18856571380948411,0.3045164109005516,0.00690057504792066,-23.123742189239334,0.22213382833907894,-0.010416666666666676,0.12687764027580517,0.8094010200156888,-1.094878201883687,-0.10121602288984263,-0.02588235294117647,-0.09777227722772278,0.6962117535141795,0.36841248680718935,-1.0369142197578418,Airlines,Industrials,AAL
2019Q3,2019,Q3,2019-10-24,2019-09-30,425000000.0,11911000000.0,808000000.0,0.96,2796000000.0,0.2347409957,61175000000.0,160000000.0,9572000000.0,19560000000.0,61015000000.0,1800000000.0,1894000000.0,11918447550.0,46046447550.0,0.36206057726033286,0.48936605316973414,0.5629750715161422,215.25,0.014073482677546883,0.36206057726033286,2.65625,1.0006252665603224,7.0108515,74.4902971875,0.10588235294117647,5.063888888888889,0.003775659523710368,0.1947037188393952,0.35879345603271984,0.006947282386595832,541.7476159090909,0.23474099571824364,-0.3557046979865772,-0.265877318396605,0.7399334432733982,-0.9476270744098058,-0.05091649694501019,-0.3580060422960725,-0.2992194275802255,-0.3143773343323774,0.3367555014837074,-0.956676825734175,Airlines,Industrials,AAL
2019Q2,2019,Q2,2019-07-25,2019-06-30,662000000.0,11960000000.0,1153000000.0,1.49,2946000000.0,0.2463210702,61967000000.0,-22000000.0,9850000000.0,20123000000.0,61989000000.0,1708000000.0,1514000000.0,14631863040.000002,49060863040.0,-0.04943731348649912,0.4894896387218606,0.5607500766537028,-1579.4545454545455,0.01958680098947364,-0.04943731348649912,-30.09090909090909,1.2233999197324417,5.525628036253776,-665.0846836363636,0.06646525679758308,5.27751756440281,0.003007135856843012,0.19300595478238416,0.36525368980768275,0.010683105523907886,-51.88603914893618,0.2463210702341137,2.6341463414634148,0.24071115325766923,0.7055736602078393,-1.0087186803960773,0.380506091846298,2.5783783783783782,2.074666666666667,-0.11839314065554347,0.46011229468069126,-1.0064548254853662,Airlines,Industrials,AAL
2019Q1,2019,Q1,2019-04-26,2019-03-31,185000000.0,10584000000.0,375000000.0,0.41,2134000000.0,0.2016250945,60787000000.0,-636000000.0,8654000000.0,19849000000.0,61423000000.0,1666000000.0,897000000.0,14620614850.0,47727614850.0,-1.4072321999508797,0.43599173761902366,0.5501834273775643,-52.58490566037736,0.006706533686374933,-1.4072321999508797,-0.2908805031446541,1.3813884023053666,19.757587635135135,-22.98838812893082,0.24864864864864866,5.07202881152461,0.003146242512502817,0.17411617615608602,0.313617814499471,0.00304341388783786,42.256112283236995,0.20162509448223734,-0.41428571428571426,-0.38260897844382835,0.69627730331774,-1.9304066694343731,-0.09614570097416349,-0.4307692307692308,-0.3156934306569343,-0.6454883541420577,0.5047513609947565,-1.1811311008618304,Airlines,Industrials,AAL
2018Q4,2018,Q4,2019-02-25,2018-12-31,325000000.0,10938000000.0,548000000.0,0.7,2361000000.0,0.2158529896,60580000000.0,-169000000.0,8637000000.0,18096000000.0,60749000000.0,1522000000.0,136000000.0,14789512790.0,48543512790.0,-0.36692148531554164,0.47728779840848806,0.5617200396170353,-201.3550295857988,0.010398496865127444,-0.36692148531554164,-1.9230769230769231,1.3521222152130188,11.3765483,-87.51191,0.14153846153846153,5.6353482260183965,0.0031103120605232596,0.18055463849455267,0.357316534040672,0.00536480686695279,-50.476152866894196,0.2158529895776193,-0.13580246913580257,1.0815207809999803,-0.2552624216338542,0.9689558358696522,-0.07592954990215264,-0.0469208211143695,-0.15562403697996918,-0.8652510029084587,0.5451122752758085,-1.0407982180865698,Airlines,Industrials,AAL
2018Q3,2018,Q3,2018-10-25,2018-09-30,341000000.0,11559000000.0,649000000.0,0.81,2555000000.0,0.2210398823,52635000000.0,-568000000.0,9498000000.0,16348000000.0,53203000000.0,1576000000.0,-316000000.0,18241434860.0,42705434860.0,-1.2333722743124167,0.5809885001223392,0.4705424147430417,-43.603873239436616,0.020055653307407946,-1.2333722743124167,-0.6003521126760564,1.57811530928281,13.373485967741935,-32.11520221830986,0.1348973607038123,5.713197969543147,0.0025217314511189718,0.21960672556283842,0.4297161732321997,0.006478578892371996,-16.85899709796673,0.22103988234276323,-0.32499999999999996,-0.36018566072642044,-0.08203909773165556,0.9611213720059301,-0.1162227602905569,-0.39752650176678445,-0.36867704280155644,-0.7105221708537144,0.5517112575028618,-1.2169938526918886,Airlines,Industrials,AAL
2018Q2,2018,Q2,2018-07-26,2018-06-30,566000000.0,11643000000.0,1028000000.0,1.2,2891000000.0,0.2483037018,52622000000.0,-869000000.0,9176000000.0,16669000000.0,53491000000.0,1522000000.0,-610000000.0,17595712680.0,41378712680.0,-1.8747316803765859,0.5504829323894654,0.4575272699631333,-27.705408515535098,0.03249847044139872,-1.8747316803765859,-0.6513233601841196,1.5112696624581294,7.771957897526502,-20.24823093210587,0.0812720848056537,5.750328515111695,0.002614273194645049,0.22125726882292576,0.39684444177815104,0.01075595758428034,123.9134695774648,0.24830370179507,2.0769230769230766,0.38527754128714575,-0.027889658049438118,0.9430488643327859,0.2888987962550156,2.043010752688172,1.3851508120649652,-0.50647030169763,0.5978029237497113,-1.3551095506135107,Airlines,Industrials,AAL
2018Q1,2018,Q1,2018-04-26,2018-03-31,186000000.0,10401000000.0,431000000.0,0.39,2243000000.0,0.2156523411,53280000000.0,-1018000000.0,9673000000.0,17008000000.0,54298000000.0,1455000000.0,-1130000000.0,24540552120.0,48982552120.0,-2.155423388249343,0.5687323612417686,0.4643205705705706,-24.30157170923379,0.012379256846184886,-2.155423388249343,-0.18271119842829076,2.3594416036919528,32.984613064516125,-24.106632730844794,0.25806451612903225,5.606872852233677,0.001955946213650225,0.19521396396396395,0.417450611476952,0.003490990990990991,24.035800313418218,0.21565234112104606,-0.2777777777777778,1.288136490386346,-0.09899464300884943,0.9357976675551914,-0.13196594427244582,-0.27906976744186046,-0.3753623188405797,-0.7057273083630425,0.5606555822434058,-1.5430785741417028,Airlines,Industrials,AAL
2017Q4,2017,Q4,2018-02-21,2017-12-31,258000000.0,10601000000.0,690000000.0,0.54,2584000000.0,0.2437505896,51396000000.0,3926000000.0,9146000000.0,14964000000.0,47470000000.0,1359000000.0,3361000000.0,24826894950.0,49596894950.0,8.22776188530173,0.6112002138465651,0.4876838664487509,6.384360672440143,0.014408041697691734,8.22776188530173,0.06571574121242996,2.3419389633053487,24.057068750000003,6.323712417218544,0.18604651162790697,5.899190581309787,0.0019333871632626375,0.20626118764106155,0.4556268377439187,0.005019845902404857,-25.568377909371783,0.24375058956702197,-0.6029411764705882,-0.7417827526653726,-0.5317836036676258,1.1288942201694836,-0.1282051282051282,-0.5865384615384616,-0.43993506493506496,-0.36041939918700105,0.5441981732907227,1.8749737887045037,Airlines,Industrials,AAL
2017Q3,2017,Q3,2017-10-26,2017-09-30,624000000.0,10878000000.0,1232000000.0,1.36,2964000000.0,0.2724765582,52401000000.0,3948000000.0,10002000000.0,15307000000.0,48453000000.0,1315000000.0,3152000000.0,23021822280.0,47365822280.0,8.144034721477313,0.6534265368785523,0.47105971260090457,6.2522796352583585,0.026742986144274537,8.144034721477313,0.1580547112462006,2.1163653502482074,9.223486490384616,5.831261975683891,0.07692307692307693,6.0182509505703425,0.002084978305201303,0.20759145817827904,0.4878813614686091,0.011908169691418103,-23.02182228,0.27247655819084393,-0.2228571428571428,1.6767145563431118,-0.5632795643916467,1.1381697606017689,-0.10534258979776638,-0.22291407222914073,-0.1973941368078176,-0.017425435168130218,0.4485539720540524,0.17805403642497017,Airlines,Industrials,AAL
2017Q2,2017,Q2,2017-07-28,2017-06-30,803000000.0,11105000000.0,1535000000.0,1.75,3313000000.0,0.2983340837,53336000000.0,3715000000.0,11016000000.0,16112000000.0,49621000000.0,1206000000.0,2577000000.0,24697961760.0,49170961760.0,7.56899706204744,0.6837140019860973,0.4660829458527074,6.691520861372813,0.0333426793084844,7.56899706204744,0.2161507402422611,2.2240397802791536,7.689278256537983,6.648172748317631,0.06351183063511831,6.461028192371476,0.0020649477270872573,0.20820833958302085,0.5231504468718967,0.015055497225138744,118.74020076923077,0.29833408374606035,1.6119402985074627,1.8494023035708245,-0.5612277672193867,1.1056034606262302,0.511405109489051,2.4316239316239314,1.5540765391014975,0.3645064067649424,0.43583719913333907,0.3348554290042547,Airlines,Industrials,AAL
2017Q1,2017,Q1,2017-04-27,2017-03-31,234000000.0,9624000000.0,601000000.0,0.67,2192000000.0,0.2277639235,52627000000.0,3457000000.0,10626000000.0,15286000000.0,49170000000.0,1154000000.0,1823000000.0,21315054600.0,45484054600.0,6.860460962647499,0.6951458851236425,0.46635757310886045,7.09950824414232,0.013760665362035225,6.860460962647499,0.06768874746890367,2.214781234413965,22.77249423076923,6.165766444894416,0.21794871794871795,6.440207972270364,0.002392675081395288,0.18287190985615748,0.5281303153212089,0.004446386835654702,39.76689291044776,0.22776392352452202,0.1964285714285714,1.0350023417251768,-0.6041562706424716,1.0988254693528507,-0.12249799839871897,-0.1903114186851211,-0.21642764015645372,-0.2995942415390294,0.38340042214509945,3.5358673822729427,Airlines,Industrials,AAL
2016Q4,2016,Q4,2017-02-22,2016-12-31,289000000.0,9789000000.0,767000000.0,0.56,2498000000.0,0.2551843906,51274000000.0,3785000000.0,10324000000.0,13872000000.0,47489000000.0,1094000000.0,1640000000.0,24025319990.0,48047319990.0,7.355641884210343,0.744232987312572,0.47478254085891486,6.431704095112285,0.01572635686413622,7.355641884210343,0.07635402906208719,2.454318111145163,20.783148780276814,6.347508583883751,0.17993079584775087,6.66453382084095,0.0021643832432468677,0.1909154737293755,0.5733131487889274,0.005636384912431252,-28.84192075630252,0.255184390642558,-0.6,1.0641761751636547,-0.6003555870784061,1.1294271272193939,-0.2311480455524777,-0.6078697421981004,-0.4640111809923131,1.0648860098995085,-0.40341554528674545,1.6223395551261113,Airlines,Industrials,AAL
2016Q3,2016,Q3,2016-10-20,2016-09-30,737000000.0,10594000000.0,1431000000.0,1.4,3249000000.0,0.3066830281,51108000000.0,4391000000.0,11048000000.0,14533000000.0,46717000000.0,1100000000.0,1403000000.0,19235443150.0,42197443150.0,8.357203353539584,0.7602009220394963,0.45673867104954213,5.316101115918925,0.031982525570475685,8.357203353539584,0.16784331587337736,1.8156921984141967,6.524912873134328,4.380652049647005,0.07191316146540028,6.677272727272728,0.002755330334045358,0.20728653048446427,0.5819858253629671,0.014420442983485951,-133.57946631944444,0.3066830281291297,-0.16666666666666669,2.0801574839782733,-0.6055006736564134,1.2157154482000225,-0.0076359193646915085,-0.22421052631578947,-0.18275271273557966,0.21204505767676748,-0.2625788727800132,1.263437574380529,Airlines,Industrials,AAL
2016Q2,2016,Q2,2016-07-22,2016-06-30,950000000.0,10363000000.0,1751000000.0,1.68,3274000000.0,0.31593168,51051000000.0,4312000000.0,11184000000.0,14917000000.0,46739000000.0,999000000.0,719000000.0,15938530000.0,38338530000.0,7.658969804618117,0.7497486089696319,0.4475132710426828,5.2982374768089056,0.04093790816087459,7.658969804618117,0.22031539888682747,1.5380227733281868,4.19435,3.696319573283859,0.061052631578947365,7.096096096096096,0.003638980508240095,0.20299308534602653,0.5839646041429242,0.018608842138253902,22.543889674681754,0.31593168001543953,0.4736842105263159,1.7382179321566533,-0.6233074057385694,1.2125325902369328,0.16099290780141845,0.35714285714285715,0.31161048689138576,0.9143274664944292,-0.28762539801976816,1.23266637726327,Airlines,Industrials,AAL
2016Q1,2016,Q1,2016-04-22,2016-03-31,700000000.0,9435000000.0,1335000000.0,1.14,2820000000.0,0.2988871224,49909000000.0,4710000000.0,10802000000.0,15277000000.0,45199000000.0,886000000.0,-591000000.0,24862107450.0,46111107450.0,7.769136240298889,0.7070759965961904,0.43567292472299585,4.61656050955414,0.0316253094254793,7.769136240298889,0.14861995753715498,2.6350935294117646,8.879324089285713,5.278579076433121,0.08714285714285715,7.466139954853273,0.002453532956635983,0.18904406018954498,0.5485370164299274,0.01402552645815384,23.38862412982126,0.2988871224165342,-0.7760314341846759,1.329380754942006,-0.6501612567775856,1.2446923789453772,-0.04341926729986431,-0.7866504114599208,0.25,1.8447931329796137,-0.3632613703567997,1.231414705077413,Airlines,Industrials,AAL
2015Q4,2015,Q4,2016-02-24,2015-12-31,3281000000.0,9630000000.0,1068000000.0,5.09,2948000000.0,0.3061266874,48415000000.0,5635000000.0,9985000000.0,13605000000.0,42780000000.0,863000000.0,-1230000000.0,26534773650.0,46705773650.0,8.993566447852476,0.7339213524439544,0.42468243313022824,3.6488021295474713,0.5447319329925755,8.993566447852476,0.5822537710736468,2.7554282087227415,2.0218510857970133,4.708921677018634,0.02194452910697958,7.742757821552723,0.002713420545797646,0.1989052979448518,0.5644248438074237,0.0677682536404007,-20.38001048387097,0.30612668743509863,1.044176706827309,7.645888056016746,-0.657785645265183,1.2835435548123892,-0.19431538671768242,0.9379799173065564,-0.4657328664332166,1.5007966540475182,-0.6760837926563197,1.140891137832906,Airlines,Industrials,AAL
2015Q3,2015,Q3,2015-10-23,2015-09-30,1693000000.0,10706000000.0,1999000000.0,2.49,3659000000.0,0.3417709695,48715000000.0,3762000000.0,13706000000.0,14161000000.0,44953000000.0,1010000000.0,-4445000000.0,25700373270.0,45245373270.0,5.683904216695449,0.967869500741473,0.4220671251154675,5.465443912812334,0.08141614775998282,5.683904216695449,0.450026581605529,2.4005579366710257,3.795093512994684,6.831571842105262,0.03898405197873597,6.977227722772278,0.0025680560864476507,0.21976803859180952,0.7556669726714215,0.03475315611208047,-85.10057374172186,0.34177096954978514,0.033195020746887995,1.2247628291263815,-0.65562748242065,1.194053919545321,0.0386034629577065,-0.006455399061032864,0.04060385216033316,2.344755637940032,-0.6851909665246121,1.0964317702174204,Airlines,Industrials,AAL
2015Q2,2015,Q2,2015-07-24,2015-06-30,1704000000.0,10827000000.0,1921000000.0,2.41,3523000000.0,0.3253902281,47868000000.0,3636000000.0,14109000000.0,15045000000.0,44232000000.0,1069000000.0,-6070000000.0,27504312745.0,45346312745.0,5.2793051528399495,0.9377866400797608,0.3926213754491518,5.168866886688669,0.08468169819428731,5.2793051528399495,0.46864686468646866,2.5403447626304607,4.0352571515551645,7.5644424491199125,0.04107981220657277,6.8325537885874645,0.0025450554118181075,0.2261845073953372,0.7185776005317381,0.03559789420907496,44.57749229335494,0.32539022813337026,0.8538461538461539,28.974648353213446,-0.6554069324822949,1.1670779180755841,0.21776702385067404,0.8283261802575107,0.5797697368421053,2.2845199454424328,-0.6951388508128501,1.073657432982406,Airlines,Industrials,AAL
2015Q1,2015,Q1,2015-04-24,2015-03-31,932000000.0,9827000000.0,1216000000.0,1.3,2893000000.0,0.2943929989,46754000000.0,2764000000.0,14129000000.0,14233000000.0,43990000000.0,995000000.0,-7702000000.0,36756783700.0,54630783700.0,3.968897855445388,0.9926930373076653,0.4047140351627668,6.8458755426917515,0.05541895612388874,3.968897855445388,0.33719247467438496,3.7403870662460568,9.859652280042917,13.298402206946456,0.07510729613733906,6.9688442211055275,0.001904410368745076,0.21018522479360055,0.7727815639710531,0.01993412328356932,33.87722,0.29439299888063497,0.5853658536585368,1.3296030768043097,-0.653701131339797,1.1268329021633987,0.0912863070539419,0.5611390284757118,0.413953488372093,1.1008730426541646,-0.7075395953014869,1.0571722797510898,Airlines,Industrials,AAL
2014Q4,2014,Q4,2015-02-25,2014-12-31,597000000.0,10160000000.0,860000000.0,0.82,2651000000.0,0.2609251969,43771000000.0,2021000000.0,12112000000.0,13435000000.0,41750000000.0,1004000000.0,-8562000000.0,37872701550.0,54782701550.0,2.8618563124393748,0.9015258652772609,0.40903794749948597,8.858980702622464,0.04527060521461082,2.8618563124393748,0.2953983176645225,3.7276281053149605,15.859590263819095,18.73958513112321,0.12060301507537688,7.479083665338646,0.0019011054678775615,0.23211715519407827,0.6754000744324525,0.01363916748532133,-75.59421467065869,0.2609251968503937,-0.35937500000000006,1.3056555174207432,-0.6465012208394157,1.1020191486924058,-0.08743545611015491,-0.3662420382165605,-0.31746031746031744,1.0966000022695748,-0.6977572141968308,1.0503561547536486,Airlines,Industrials,AAL
2014Q3,2014,Q3,2014-10-23,2014-09-30,942000000.0,11139000000.0,1260000000.0,1.28,2905000000.0,0.2607954035,44173000000.0,4971000000.0,13450000000.0,13888000000.0,39202000000.0,1182000000.0,-9086000000.0,25512497159.999996,41424497160.0,6.913124924381178,0.9684619815668203,0.3868879179589342,3.4379400523033596,0.056693078569531964,6.913124924381178,0.18949909474954738,2.290375900888769,6.770832579617833,5.132266578153288,0.07643312101910828,6.9661590524534684,0.0028221463210150147,0.25216761370067686,0.7099654377880185,0.021325243927285898,-15.105090088809945,0.26079540353712183,0.0940170940170941,1.3884387627602532,-0.6783755959891082,1.2573923978272352,-0.06861173453029817,0.09027777777777778,-0.09935668334524661,2.008796584092071,-0.6969141855051161,1.1784410141095858,Airlines,Industrials,AAL
2014Q2,2014,Q2,2014-07-24,2014-06-30,864000000.0,11355000000.0,1399000000.0,1.17,3119000000.0,0.2746807574,44811000000.0,4086000000.0,14966000000.0,15088000000.0,40725000000.0,1093000000.0,-9953000000.0,30956976000.0,46474976000.0,5.670274771024147,0.991914103923648,0.3733011983664725,4.093979441997063,0.048046592716787545,5.670274771024147,0.21145374449339208,2.7262858652575956,8.957458333333333,7.576352422907489,0.0,7.535224153705398,0.0,0.25339760326705496,0.7582184517497349,0.019280980116489255,-123.827904,0.27468075737560543,0.7999999999999998,1.321516684813937,-0.6629289289674573,1.197665778517902,0.5326781326781327,0.8,0.9164383561643835,1.5245523835032577,-0.6775199447385601,1.1573472954174915,Airlines,Industrials,AAL
2014Q1,2014,Q1,2014-04-24,2014-03-31,480000000.0,9995000000.0,730000000.0,0.65,2035000000.0,0.2036018009,43737000000.0,1095000000.0,15193000000.0,15079000000.0,42642000000.0,1052000000.0,-10816000000.0,26497338600.0,41923338600.0,1.512491522450485,1.0075601830360104,0.38148478405011776,15.237442922374429,0.03997471918444272,1.512491522450485,0.4383561643835616,2.6510593896948476,13.8006971875,24.19848273972603,0.0,7.566539923954372,0.0,0.2285250474426687,0.774056635055375,0.010974689622059126,126.78152440191387,0.2036018009004502,1.0750577367205543,1.184239865961482,-0.7026959566340846,1.0506952228479371,0.27586206896551724,1.24,3.5341614906832297,1.1891334818152977,-0.689661399133856,1.047636588845414,Airlines,Industrials,AAL
2013Q4,2013,Q4,2014-02-28,2013-12-31,-2000000000.0,7368000000.0,161000000.0,-8.66,1595000000.0,0.2164766558,42278000000.0,-2731000000.0,14323000000.0,13806000000.0,45009000000.0,1012000000.0,-11296000000.0,5834315500.0,21493315500.0,-11.819338532515083,1.037447486600029,0.3973461374710251,-6.151226656902233,0.009810526123459498,-11.819338532515083,0.7323324789454412,0.7918452090119436,-0.7292894375,-2.1363293665324057,0.0,5.704545454545454,0.0,0.17427503666209376,0.7830653339127915,-0.04730592743270732,-3.0292396157840082,0.21647665580890338,-9.490196078431373,-1.6528784991245034,-0.39241369667884674,0.5803571036495628,-0.10844046953605366,-7.920415224913495,-0.7693409742120344,-9.985257247855907,-0.29000547892804984,0.6273672649807783,Airlines,Industrials,AAL
2013Q3,2013,Q3,2013-10-17,2013-09-30,289000000.0,6828000000.0,698000000.0,1.02,1789000000.0,0.2620093732,26780000000.0,-7922000000.0,10241000000.0,10098000000.0,34702000000.0,681000000.0,-9295000000.0,4734671990.281,14584671990.281,-31.72365739090738,1.014161220043573,0.39458551157580285,-1.3338803332491795,0.06090149085122945,-31.72365739090738,-0.03648068669527897,0.6934200337259813,4.095737015814014,-0.5976611954406715,0.0,7.399412628487519,0.0,0.2549663928304705,0.8024361259655377,0.010791635548917102,-8.177326408084628,0.2620093731693029,0.29113924050632906,1.4782439461955241,-0.5896546017053491,-4.273005136145619,0.14240102171136654,0.31363636363636366,0.4274028629856851,0.00657249237653623,-0.4178763921404248,-0.08307596756047239,Airlines,Industrials,AAL
2013Q2,2013,Q2,2013-07-18,2013-06-30,220000000.0,6449000000.0,489000000.0,0.79,1566000000.0,0.2428283455,26216000000.0,-8216000000.0,9635000000.0,10669000000.0,34432000000.0,589000000.0,-9584000000.0,4193078150.4119997,13270078150.411999,-32.91824927480488,0.9030837004405287,0.369278303326213,-1.1783106134371957,0.12779786038786575,-32.91824927480488,-0.026777020447906523,0.6501904404422391,4.764861534559091,-0.5103551789693281,0.0,8.290322580645162,0.0,0.2459948123283491,0.7110319617583654,0.008391821788220934,16.705490639091632,0.24282834547991936,1.5766423357664234,1.0570682750365974,-0.607974056798282,-2.8590581277946057,0.3785211267605634,1.6451612903225807,8.403846153846153,10.966464733881438,-0.43361181645398844,-0.04178720424389161,Airlines,Industrials,AAL
2013Q1,2013,Q1,2013-04-18,2013-03-31,-341000000.0,6098000000.0,52000000.0,-1.37,1136000000.0,0.1862905871,23852000000.0,-8376000000.0,7525000000.0,9990000000.0,32228000000.0,595000000.0,-9803000000.0,4159014970.0000005,11860014970.0,-33.57235331134189,0.7532532532532532,0.34827268153613955,-0.9917621776504298,0.1453823953823954,-33.57235331134189,0.040711556829035336,0.6820293489668745,-3.04913120967742,-0.49653951408787017,0.0,8.339495798319328,0.0,0.2556599027335234,0.5492492492492492,-0.014296495052825759,-22.481162,0.1862905870777304,-1.7405405405405405,0.6124608300059897,-0.6009968998302344,-2.254431183802637,1.2072992700729928,-2.301526717557252,16.333333333333332,0.6633776428213783,-0.40016642708548295,-0.07286182663792488,Airlines,Industrials,AAL
2012Q4,2012,Q4,2013-02-20,2012-12-31,262000000.0,5937000000.0,3000000.0,1.85,-5480000000.0,-0.9230250969,23510000000.0,-7987000000.0,7072000000.0,9304000000.0,31497000000.0,580000000.0,-9462000000.0,1689153750.0,9744153750.0,-63.833443225638874,0.7601031814273431,0.36303700552956186,-1.0686114936772255,-0.0026858660130718954,-63.833443225638874,-0.03280330537122825,0.28451301162203135,1.6117879293893131,-0.21148788656566922,0.0,19.68448275862069,0.0,0.2525308379413016,0.5391229578675838,0.011144193960017014,-1.6609181415929204,-0.9230250968502611,1.973684210526316,3.8223231667748214,-0.2234955785912947,-3.234326672995579,-2.5948777648428405,2.100840336134454,-0.9885496183206107,1.757080874696286,0.16585444960106616,-1.2755277781342642,Airlines,Industrials,AAL
2012Q3,2012,Q3,2012-10-17,2012-09-30,-238000000.0,6429000000.0,262000000.0,-1.9,3436000000.0,0.5344532587,23927000000.0,-7375000000.0,7303000000.0,9586000000.0,31302000000.0,596000000.0,-9725000000.0,1345066875.0,8870066875.0,-58.94223660812404,0.761840183601085,0.3357295105947256,-1.0892203389830508,0.7480848693068387,-58.94223660812404,0.03227118644067797,0.2092186770881941,-1.4128853728991597,-0.18238194915254236,0.0,5.021812080536913,0.0,0.268692272328332,0.5618610473607344,-0.009946921887407532,-2.339246739130435,0.5344532586716441,0.015544041450777216,-2.010865671641791,-0.19633869000105433,-7.620430456413586,0.0037978381536663743,0.012448132780082987,0.056451612903225805,0.43599550991560304,0.06679300979013637,-1.1945623404488577,Airlines,Industrials,AAL
2012Q2,2012,Q2,2012-07-18,2012-06-30,-241000000.0,6452000000.0,248000000.0,-1.93,3423000000.0,0.530533168,24726000000.0,-8968000000.0,7984000000.0,10066000000.0,33694000000.0,593000000.0,-9487000000.0,1667882925.0,9666882925.0,-71.67375971547884,0.7931651102722035,0.3385100703712691,-0.9333184656556646,-5.0416330167924475,-71.67375971547884,0.026873327386262264,0.2585063429944203,-1.7301690093360995,-0.18598159288581623,0.0,5.107925801011804,0.0,0.26093990131845024,0.6068944963242598,-0.009746825204238453,10.42426828125,0.5305331680099195,0.8543396226415094,-1.5582748716982908,-0.1940999205367955,-11.795830682652314,0.11935905820797907,0.8548192771084338,4.17948717948718,0.48350554917719096,0.1030305620598175,-1.4985472636815924,Airlines,Industrials,AAL
2012Q1,2012,Q1,2012-04-19,2012-03-31,-1660000000.0,6037000000.0,-78000000.0,-13.25,3058000000.0,0.5065429849,24511000000.0,-8686000000.0,7778000000.0,9543000000.0,33197000000.0,619000000.0,-9246000000.0,949679775.0,13972679775.0,-69.41996843093769,0.8150476789269622,0.546611725347803,-1.5424821551922634,-0.02990477812309308,-69.41996843093769,0.19111213446926087,0.15730988487659434,-0.1430240625,-0.10933453545935988,0.0,4.812600969305331,0.0,0.2462975806780629,0.6156344964895735,-0.06772469503488229,1.1455727080820266,0.5065429849262879,0.22196124486200827,-15.43744241754192,-0.21633842946681744,-28.075630696077138,-0.016403988420714055,-0.5159817351598174,-0.3220338983050847,-2.686686567164179,0.03902249447122716,-1.3267970216463518,Airlines,Industrials,AAL
2011Q4,2011,Q4,2012-02-15,2011-12-31,-1095000000.0,5956000000.0,-59000000.0,-17.03,3109000000.0,0.5219946273,23848000000.0,-7111000000.0,6757000000.0,8630000000.0,30959000000.0,617000000.0,-7586000000.0,634371075.0,8571371075.0,-56.83230434174509,0.7829663962920046,0.3446829922844683,-1.1559555618056532,-0.10353562179099193,-56.83230434174509,0.1539867810434538,0.1065095827736736,-0.14483357876712327,-0.08920982632541133,0.0,4.6142625607779575,0.0,0.24974840657497485,0.5681344148319815,-0.04591580006709158,-16.693975657894736,0.5219946272666219,-12.2015503875969,-45.49767944825836,-0.23761483599546596,-7.106440881085051,-0.04279556650246306,-5.7592592592592595,-2.5128205128205128,-1.6822212467076387,-0.09300234974332942,-1.0178178951918433,Airlines,Industrials,AAL
2011Q3,2011,Q3,2011-10-19,2011-09-30,-162000000.0,6376000000.0,39000000.0,-1.29,3248000000.0,0.5094102886,24719000000.0,-4833000000.0,6838000000.0,8923000000.0,29552000000.0,631000000.0,-6491000000.0,686119500.0,12002119500.0,-38.74179352139095,0.7663341925361425,0.47008374125166874,-2.404303745085868,0.01168144484546035,-38.74179352139095,0.0335195530726257,0.10760970828105396,-1.058826388888889,-0.1419655493482309,0.0,4.957210776545167,0.0,0.25793923702415145,0.5851171130785611,-0.0065536631740766215,-0.8707100253807106,0.5094102885821832,0.43421052631578944,-7.928999119832623,-0.3003804041950477,-5.032543008025485,0.05970636215334421,0.43356643356643354,1.5492957746478873,-3.780838323353293,-0.23295847178093584,-4.997082921950532,Airlines,Industrials,AAL
2011Q2,2011,Q2,2011-07-20,2011-06-30,-286000000.0,6114000000.0,-71000000.0,-2.28,3065000000.0,0.5013084724,25787000000.0,-4509000000.0,7997000000.0,9766000000.0,30296000000.0,641000000.0,-6329000000.0,1114841475.0,12678841475.0,-36.03668404963136,0.8188613557239403,0.460774809012293,-2.6351740962519408,-0.015381415517453112,-36.03668404963136,0.06342869815923709,0.18234240677134445,-0.9745117788461539,-0.24724805389221557,0.0,4.7566302652106085,0.0,0.23709621126924418,0.6267663321728446,-0.011090859735525652,-2.4719323170731706,0.5013084723585214,0.35042735042735046,-1.5928689883913765,-0.3827327796165615,-4.354293982841697,0.06645789839944329,0.3440366972477064,0.6939655172413793,0.8520120392512575,-0.25862804443553394,-3.035171731702931,Airlines,Industrials,AAL
2011Q1,2011,Q1,2011-04-20,2011-03-31,-436000000.0,5533000000.0,-232000000.0,-3.51,2874000000.0,0.5194288813,27113000000.0,-3949000000.0,8825000000.0,9853000000.0,31062000000.0,595000000.0,-6043000000.0,1083310605.0,17205310605.0,-31.75062612813617,0.8956662945295849,0.6051709512042194,-4.154975943276779,-0.0259032827805276,-31.75062612813617,0.11040769815143074,0.1957908196276884,-0.6211643377293579,-0.2743252988098253,0.0,4.46890756302521,0.0,0.20407184745325121,0.6821272708819649,-0.016080846826245714,3.1583399562682217,0.5194288812579071,-3.443037974683544,-1.6720598296917482,-0.41623004816042986,-0.7504412479906848,-0.2847187655550025,-3.4489795918367347,-3.188679245283019,0.006042627993847529,-0.2737777271742516,-2.186362336623486,Airlines,Industrials,AAL
2010Q4,2010,Q4,2011-02-16,2010-12-31,-98000000.0,5586000000.0,106000000.0,-0.79,4018000000.0,0.7192982456,25088000000.0,-3945000000.0,6838000000.0,8780000000.0,29033000000.0,594000000.0,-5607000000.0,1244998755.0,12212998755.0,-31.718465453405212,0.7788154897494305,0.44387755102040816,-2.8228136882129276,0.010019918301205227,-31.718465453405212,0.024841571609632445,0.2228784022556391,-3.1760172321428572,-0.3155890380228137,0.0,2.6397306397306397,0.0,0.22265625,0.596127562642369,-0.00390625,-3.1202976315789472,0.7192982456140351,-1.7596153846153846,0.9085177888066528,-0.3905670342560845,-0.5049431332142419,-0.05879597095338487,-1.6853146853146854,-0.6900584795321637,-0.06201854027940979,-0.26501514711966934,-2.110223885910751,Airlines,Industrials,AAL
2010Q3,2010,Q3,2010-10-20,2010-09-30,143000000.0,5842000000.0,342000000.0,1.04,4269000000.0,0.7307428963,25357000000.0,-3643000000.0,6837000000.0,8939000000.0,29000000000.0,575000000.0,-5509000000.0,1150473375.0,12237473375.0,-29.290334511218045,0.7648506544356192,0.4452025081831447,-3.0988196541312107,-0.016222149943080178,-29.290334511218045,-0.039253362613230855,0.1969314233139336,2.011317089160839,-0.3158038361240736,0.0,2.7356521739130435,0.0,0.23039003036636826,0.6092404072043853,0.005639468391371219,-1.5078288007863696,0.7307428962684013,13.951432129514323,1.4617520732008489,-0.47380203022761147,-1.468856742243094,0.05277435265104809,14.0,0.7448979591836735,-0.388983268983269,-0.2653309212340494,-4.289909474692084,Airlines,Industrials,AAL
2010Q2,2010,Q2,2010-07-21,2010-06-30,-11000000.0,5674000000.0,196000000.0,-0.0803,4055000000.0,0.7146633768,25885000000.0,-3930000000.0,7344000000.0,9359000000.0,29815000000.0,569000000.0,-5652000000.0,1070873054.9999999,12370873055.0,-31.59786292316413,0.784699220002137,0.4441568475951323,-2.925445292620865,0.4739919019357701,-31.59786292316413,0.0027989821882951653,0.18873335477617198,-24.338023977272726,-0.27248678244274804,0.0,2.845342706502636,0.0,0.21920030905930074,0.6404530398546854,-0.0004249565385358316,3.54593726821192,0.7146633768064857,0.9802702702702704,-1.0943800948157685,-0.4681461298462148,-2.1800441703335234,0.12420293873024674,0.9782178217821782,-0.7048192771084337,-1.0256344672748459,-0.2870209893513177,-5.759415152857776,Airlines,Industrials,AAL
2010Q1,2010,Q1,2010-04-21,2010-03-31,-505000000.0,5068000000.0,664000000.0,-4.07,3607000000.0,0.7117205998,25525000000.0,-3892000000.0,6834000000.0,8241000000.0,29417000000.0,552000000.0,-5641000000.0,914159925.0,16191159925.0,-31.292336513220047,0.8292682926829268,0.6059157688540646,-3.973792394655704,0.1801490740005413,-31.292336513220047,0.12975334018499485,0.18037883287292816,-0.4525544183168317,-0.23488178956834532,0.0,2.6467391304347827,0.0,0.19855044074436826,0.6538041499817984,-0.019784524975514202,6.576690107913669,0.7117205998421468,-0.4693140794223828,-0.5165165165165165,-0.4809445234708392,-1.7165070378843692,-0.002488938053097345,-0.4680232558139535,0.04897314375987362,-5.418492566640715,-0.33817288820052777,-13.204842010151744,Airlines,Industrials,AAL
2009Q4,2009,Q4,2010-02-17,2009-12-31,-344000000.0,5062000000.0,633000000.0,-2.77,3616000000.0,0.7143421573,25438000000.0,-3489000000.0,6642000000.0,7728000000.0,28927000000.0,557000000.0,-5136000000.0,601977420.0,15576977420.0,-28.052148534076245,0.859472049689441,0.5947008412611055,-4.33591286901691,0.029537133295280182,-28.052148534076245,0.09859558612783033,0.11892086527064401,-0.4374835901162791,-0.17253580395528803,0.0,2.5960502692998206,0.0,0.19899363157480934,0.6686076604554866,-0.01352307571349949,-1.4540517391304348,0.7143421572500988,0.17804154302670624,0.5675675675675675,-0.45769773296749733,-1.921430897334512,-0.01925684838622186,0.04178272980501393,-0.21851851851851853,-15.063138699294615,-0.3481578172040566,-3.001299724035141,Airlines,Industrials,AAL
2009Q3,2009,Q3,2009-10-21,2009-09-30,-359000000.0,5127000000.0,810000000.0,-3.37,3687000000.0,0.7191339965,25754000000.0,-2859000000.0,6453000000.0,7901000000.0,28613000000.0,546000000.0,-4792000000.0,500303250.0,15495303250.0,-26.858310434721343,0.8167320592330085,0.588879397375165,-5.30465197621546,0.05756003185309098,-26.858310434721343,0.12556838055264077,0.09758206553540082,-0.3484005919220056,-0.1749923924449108,0.0,2.6373626373626373,0.0,0.19907587170924904,0.6234653841285913,-0.013939582200823173,-0.97525,0.719133996489175,0.09408602150537636,0.05289540396926842,-0.3921573140754474,-4.1404575392642196,0.02931323283082077,0.07948717948717948,0.11724137931034483,-18.994987404432543,-0.34070682327966445,-3.182147962016679,Airlines,Industrials,AAL
2009Q2,2009,Q2,2009-07-15,2009-06-30,-390000000.0,4889000000.0,725000000.0,-3.72,3582000000.0,0.7326651667,24138000000.0,-3000000000.0,5140000000.0,8270000000.0,27138000000.0,535000000.0,-4433000000.0,254129400.00000003,14002129400.0,-28.686173264486516,0.6215235792019347,0.5774712072251222,-4.646333333333334,0.24087442189034955,-28.686173264486516,0.13,0.05197983227653918,-0.16290346153846155,-0.08470980000000002,0.0,2.4429906542056075,0.0,0.20254370701797994,0.43385731559854895,-0.016157096694009446,5.524552173913044,0.7326651667007568,-0.030470914127423913,-35.82142857142857,-0.4577417923691216,-12.173302107728336,0.0033613445378151263,-0.04,0.013986013986013986,-1.9672619047619047,-0.4094528292488543,-3.262162542182227,Airlines,Industrials,AAL
2009Q1,2009,Q1,2009-04-16,2009-03-31,-375000000.0,4839000000.0,715000000.0,-3.61,3570000000.0,0.7377557347,24518000000.0,-3109000000.0,5362000000.0,8908000000.0,27627000000.0,494000000.0,-4043000000.0,263642444.99999997,14232642445.0,-29.834991099403588,0.601930848675348,0.5773717268945264,-4.553232550659376,0.2392929552528627,-29.834991099403588,0.12061756191701511,0.054482836329820206,-0.17576162999999997,-0.084799757156642,0.0,2.568825910931174,0.0,0.19736520107675992,0.4096317916479569,-0.015294885390325474,0.9091118793103448,0.7377557346559206,0.7258921791951405,-0.3049378929545534,-0.38048304903949415,-12.30312329731333,-0.02618657937806874,-0.10294117647058823,0.033236994219653176,-1.7430327121169733,-0.39063610427049344,-0.6448305253278693,Airlines,Industrials,AAL
2008Q4,2008,Q4,2009-02-19,2008-12-31,-340000000.0,5469000000.0,692000000.0,-13.17,3666000000.0,0.6703236423,25175000000.0,-2935000000.0,5935000000.0,9374000000.0,28110000000.0,525000000.0,-3461000000.0,805516245.0,15279516245.0,-28.165229616194768,0.633134200981438,0.5825223435948361,-4.996592844974447,0.22485091629050363,-28.165229616194768,0.11584327086882454,0.14728766593527154,-0.5922913566176471,-0.27445187223168654,0.0,3.434285714285714,0.0,0.21723932472691163,0.4179645828888415,-0.013505461767626613,-0.518683995492595,0.6703236423477784,-42.15625,-0.7693860583388586,-0.2805325524206403,-37.856741497181915,-0.01610305958132045,-8.555555555555555,-0.06864064602960969,0.6211829437747509,-0.2878475629328013,-0.3363530769974292,Airlines,Industrials,AAL
2008Q3,2008,Q3,2008-10-16,2008-09-30,45000000.0,6421000000.0,743000000.0,0.32,3726000000.0,0.5802834449,26950000000.0,934000000.0,7507000000.0,9484000000.0,26016000000.0,670000000.0,-3121000000.0,581068890.0,15839068890.0,9.692516837375342,0.7915436524673134,0.5762894248608534,16.62847965738758,-0.6277221445945247,9.692516837375342,0.048179871520342615,0.09049507709079582,3.2281605000000004,0.6221294325481799,0.0,4.022388059701493,0.0,0.2382560296846011,0.6036482496836778,0.0016697588126159556,-0.415642982832618,0.58028344494627,1.0204996796925048,26.426160455776593,-0.1501827661404681,2.0926011459029787,-0.004541811381244991,1.0310773480662982,-0.02236842105263158,1.187546886130935,-0.2535257812435925,1.8169737881994477,Airlines,Industrials,AAL
2008Q2,2008,Q2,2008-07-17,2008-06-30,-1448000000.0,6179000000.0,760000000.0,-15.61,3743000000.0,0.6057614501,28925000000.0,1660000000.0,9072000000.0,10640000000.0,27265000000.0,702000000.0,-3166000000.0,234371250.0,15725371250.0,17.706949977866312,0.8526315789473684,0.5454796888504754,9.504819277108433,0.10546856258240682,17.706949977866312,-0.8722891566265061,0.03793028807250364,-0.04046464951657459,0.1411875,0.0,3.47008547008547,0.0,0.21362143474503026,0.5859962406015038,-0.05006050129645635,0.5219849665924277,0.6057614500728273,-3.2534059945504086,-11.274307062264109,-0.09150572445298503,3.102296930031093,0.024637284423761292,-3.4146341463414633,6.891472868217054,-17.48264094119759,-0.23159231512054032,2.782047196939433,Airlines,Industrials,AAL
2008Q1,2008,Q1,2008-02-20,2008-03-31,-328000000.0,5697000000.0,-129000000.0,-3.67,3653000000.0,0.6412146744,28766000000.0,2489000000.0,7513000000.0,9572000000.0,26277000000.0,637000000.0,-1718000000.0,828643365.0,16033643365.0,26.763009198776363,0.7848934391976599,0.5356323437391365,6.190437926878264,-0.011099729229499224,26.763009198776363,-0.13177983125753315,0.1454525829383886,-0.6315879306402439,0.3329222036962636,0.0,3.208791208791209,0.0,0.1980463046652298,0.5879648976180527,-0.011402349996523673,3.5717386422413795,0.6412146743900299,-3.959459459459459,0.8028040308981913,-0.1329233292980086,16.301472384010673,-0.6420031360250882,-3.753623188405797,-0.8695652173913043,-0.3172690763052209,-0.21968801521876982,3.3233133394409773,Airlines,Industrials,AAL
2007Q4,2007,Q4,2007-12-31,2007-12-31,-69000000.0,5683000000.0,-69000000.0,-0.74,10204000000.0,1.7955305296,28571000000.0,2657000000.0,7229000000.0,8483000000.0,25914000000.0,601000000.0,-1390000000.0,1368052065.0,12362052065.0,28.569431675833187,0.8521749381115171,0.38997584963774456,4.193451260820474,-0.00471762614522084,28.569431675833187,-0.025969138125705685,0.24072709220482139,-4.9567103804347825,0.5148859860745202,0.0,-7.522462562396007,0.0,0.19890798361975429,0.6556642697159024,-0.002415036225543383,-6.5457036602870815,1.7955305296498327,-1.45398773006135,0.9182096782450212,-0.14950428271507477,0.740957280657786,3.7659971975712283,-1.3942857142857144,0.9825845532559313,0.8840011207621183,-0.18577989562301186,3.9753022416689134,Airlines,Industrials,AAL
2007Q3,2007,Q3,2007-10-18,2007-10-18,175000000.0,5946000000.0,-3962000000.0,1.63,2141000000.0,0.3600739993,29599000000.0,828000000.0,8062000000.0,9236000000.0,28771000000.0,556000000.0,-1321000000.0,2578001486.9985003,14408001486.9985,8.903082208351478,0.8728886964053703,0.4051150376701916,14.481884057971014,-6.1196807030391795,8.903082208351478,0.2113526570048309,0.4335690358221494,3.6828592671407145,3.1135283659402178,0.0,6.843525179856115,0.0,0.20088516503935944,0.7098310957124296,0.005912361904118382,50.54904876467648,0.36007399932727885,-0.43598615916955025,1.1185179157260252,-0.172039220723481,-0.7936513880176558,-0.03558558558558558,-0.4479495268138801,-0.08340169537872573,1.5284295032725077,-0.19313979616957708,2.7039759880593666,Airlines,Industrials,AAL
2007Q2,2007,Q2,2007-07-24,2007-06-30,317000000.0,5879000000.0,-3657000000.0,2.89,2220000000.0,0.3776152407,30410000000.0,610000000.0,8588000000.0,9393000000.0,29800000000.0,532000000.0,-1496000000.0,2781237870.0,15126237870.0,6.639022213515307,0.9142978814010433,0.41302203222624134,20.59016393442623,-3.529817968655806,6.639022213515307,0.519672131147541,0.4730800935533254,2.1934052602523657,4.559406344262295,0.0,6.87781954887218,0.0,0.19332456428806313,0.7579048227403385,0.010424202564945742,4.220391305007587,0.3776152406871917,2.6125,1.403506610823684,-0.17297433188665445,-0.9125484428905722,0.12234580384226491,2.9135802469135803,0.006519967400162999,31.215447154471548,-0.2578144725546635,4.048780487804878,Airlines,Industrials,AAL
2007Q1,2007,Q1,2007-04-20,2007-03-31,81000000.0,5427000000.0,-3681000000.0,0.8,1978000000.0,0.3644739267,29884000000.0,226000000.0,7833000000.0,8958000000.0,29658000000.0,503000000.0,-1813000000.0,4008880079.9999995,16623880080.0,2.5639280284981734,0.8744139316811789,0.42698433944585734,56.46017699115044,-12.599595988745401,2.5639280284981734,0.3584070796460177,0.7386917412935322,12.373086666666666,17.738407433628318,0.0,6.856858846918489,0.0,0.18160219515459777,0.7263898191560616,0.0027104805246954892,5.567888999999999,0.3644739266629814,-0.9786039047873764,1.0925202652910833,-0.13821488869947218,-0.9695710940160249,0.015400410677618069,3.764705882352941,0.014985282312014986,1.3332236321229374,-0.1786096550373872,2.1432297926588126,Airlines,Industrials,AAL
