Year,Date,FillingDate,NetIncome,Revenue,OperatingIncome,EPSDiluted,GrossProfit,GrossProfitRatio,TotalAssets,CommonStockEquity,CurrentAssets,CurrentLiability,TotalLiability,Inventory,RetainedEarnings,EnterpriseValue,bookValuePerShare,currentRatio,debtToAssets,debtToEquity,roic,shareholdersEquityPerShare,roe,priceToSalesRatio,peRatio,pbRatio,payoutRatio,inventoryTurnover,dividendYield,assetTurnover,quickRatio,returnOnAssets,priceToFreeCashFlowsRatio,grossProfitMargin,epsdilutedGrowth,fiveYNetIncomeGrowthPerShare,fiveYRevenueGrowthPerShare,fiveYShareholdersEquityGrowthPerShare,grossProfitGrowth,netIncomeGrowth,operatingIncomeGrowth,threeYNetIncomeGrowthPerShare,threeYRevenueGrowthPerShare,threeYShareholdersEquityGrowthPerShare,Industry,Sector,Price,MarketCap,AvgVolume,Symbol
2022,2022-12-31,2023-05-04,-21628406.0,11830379.0,-9952643.0,-8.12,1949950.0,0.1648256577,35714490.0,4047691.0,23235675.0,25362347.0,30497257.0,7654242.0,-70143785.0,6396229.1899999995,1.5190311834223817,0.9161484542420305,0.15274870227742296,1.3477664179405,-0.7894623536652821,1.5190311834223817,-5.343393554498108,0.27704295779535043,-0.15153789835459905,0.8097266293301539,0.0,1.2908435609953277,0.0,0.3312487172573373,0.25675139607544994,-0.6055919040143091,-0.31959603639361317,0.16482565774097346,0.8753071253071254,0.2685462047968613,-0.9261800480643242,-0.9921134360291811,-0.5757649860510127,0.38066078885805965,-0.22766738284194038,0.7012223317387235,3.5916444456185634,-0.9714160653026299,Pharmaceutical Retailers,Healthcare,1.8681,8191208,194245,BIMI
2021,2021-12-31,2022-04-15,-34921745.0,27079795.0,-8106954.0,-65.12,4596391.0,0.1697350737,38128362.0,11193430.0,21159647.0,22092140.0,26791935.0,2639883.0,-47900929.0,21911340.5,20.87185549690188,0.9577907346232643,0.3418378686186414,1.1644078714031356,-0.27643457754548306,20.87185549690188,-3.119843068657239,0.5050064633059446,-0.3916033262369907,1.2217409230235952,0.0,8.516818358995456,0.0,0.7102270745331257,0.6950855824741288,-0.9158994294063826,-6.542007568853751,0.16973507369608964,-2.670800450958287,-3.711751807953987,0.09925269437993928,-0.8972180380412532,0.8815944870205177,-8.223830471720415,-1.1265363177583185,0.4198850868688415,0.15424476182300392,-0.6920455033883411,Pharmaceutical Retailers,Healthcare,1.8681,8191208,194245,BIMI
2020,2020-12-31,2021-03-31,-3786035.0,12844902.0,-3812281.0,-17.74,2442817.0,0.1901779399,33202139.0,16710450.0,25184488.0,15565214.0,16308668.0,735351.0,-12914973.0,22721660.0,78.28522037328536,1.6179981849269789,0.1515984557500949,0.30121229530024624,-0.1976314686509476,78.28522037328536,-0.2265669087307643,1.3875992202976715,-4.707715591641388,1.0666125687818102,0.0,14.145741285454157,0.0,0.3868697134241863,0.5340444403783976,-0.11402985211284128,-4.719359312668699,0.1901779398550491,0.3470739786529261,-1.2926077655049797,0.12294947506848163,-0.677073683401426,17.715365877023718,0.14701373078911764,-1.225395778364116,-0.5983773020011216,0.0005486036870171802,-0.5935558103207872,Pharmaceutical Retailers,Healthcare,1.8681,8191208,194245,BIMI
2019,2019-12-31,2020-05-14,-4438565.0,157978.0,-1713080.0,-27.17,-146142.0,-0.9250781754,30061778.0,8682635.0,22049958.0,21549193.0,21549193.0,707526.0,-10881667.0,26130608.5,53.14283003739679,1.023238225208712,0.0035720774732618944,0.012367558926524034,-0.3812376442743581,53.14283003739679,-0.5112002289627515,164.95707313676587,-5.8711742421255515,3.0013456168547914,0.0,0.42983579402029043,0.0,0.0052551116570683214,0.002155904399761049,-0.14764811981513534,-12.620926708356096,-0.9250781754421502,0.7579475015919034,-3.992562103563278,-0.9890100174210382,-0.8075941826378756,-1.3181467887511593,0.7355873695954293,0.8915341927079558,-0.965732035719622,-0.978950390669858,-0.7383019283506137,Pharmaceutical Retailers,Healthcare,1.8681,8191208,194245,BIMI
2018,2018-12-31,2019-08-30,-16786509.0,6542232.0,-15793733.0,-112.24837660709379,459354.0,0.07021365185459641,23050799.0,10135732.0,2607273.0,13065378.0,13065378.0,937966.0,-6443102.0,123418603.0,67.77577767673256,0.19955587966915309,0.2523539856470919,0.5739063542721927,-0.990042352103815,67.77577767673256,-1.6561713549647918,17.978497552517243,-7.00678753396552,11.604440804078086,0.0,6.4851796333769025,0.0,0.283818014290958,0.10396706471102482,-0.7282397889982035,-341.9469779341222,0.07021365185459641,-9.115379799420028,-67.26047464421511,-0.15541270392716564,-0.7669625877028783,-0.4988030733845855,-9.693290364418273,-12.21572776847568,-13.508859655511904,-0.18363736315766635,-0.7204251053341884,Pharmaceutical Retailers,Healthcare,1.8681,8191208,194245,BIMI
2017,2017-12-31,2018-03-30,-1569817.0,8508173.0,-1195071.0,-11.096802970614077,916514.0,0.10772159898488194,41433065.0,27247768.0,18755767.0,14136253.0,14136253.0,2064231.0,10343407.0,13802628.0,192.6100122997752,1.3267848983744137,0.17434580328537125,0.26511092578298523,-0.034728803903752825,192.6100122997752,-0.0576126822571302,0.8064129631590707,-4.370637469208194,0.25180414777459936,0.0,3.677717755425628,0.0,0.20534741998932496,0.9228671841116596,-0.03788802493853641,-7.554373401421888,0.10772159898488194,0.19705314268785643,-14.428219932618441,-0.3087700721556273,-0.3117598454955564,5.160651748684201,0.13631429500450876,0.19254687341643864,-1.0393168696841413,-0.3164166171483615,-0.3026474724325307,Pharmaceutical Retailers,Healthcare,1.8681,8191208,194245,BIMI
2016,2016-12-31,2017-03-31,-1817579.0,6041261.0,-1480050.0,-13.820096398110968,148769.0,0.024625487956901712,37319117.0,26707058.0,15114944.0,10612059.0,10612059.0,4606564.0,11913224.0,11324748.835,203.06924580092308,1.4243177502122821,0.15436104771717937,0.21569646495694134,-0.04559150769550326,203.06924580092308,-0.0680561295819255,0.9416523859836547,-3.129860014337754,0.21300615870905737,0.0,1.2791512285512585,0.0,0.16188113454024114,0.6972549813377404,-0.04870369789295926,-22.968865540450512,0.024625487956901712,-0.7863375770073625,-1.719415961578284,-0.6722260722406566,-0.267121875648745,-0.8736558272257089,-0.8748713177271049,-1.3097450783023947,-7.404288029703283,-0.11316072511951601,-0.30177515949298833,Pharmaceutical Retailers,Healthcare,1.8681,8191208,194245,BIMI
2015,2015-12-31,2016-03-30,-969442.0,6714869.0,-640785.0,-7.736553592106408,1177490.0,0.17535561751092985,44353642.0,30377475.0,19576937.0,13976167.0,13976167.0,7051198.0,13730803.0,12196817.5,242.42440565969977,1.4007371978311365,0.18166902731460022,0.26525190128540965,-0.01600648369189748,242.42440565969977,-0.03191318567458289,0.6811310094061404,-4.717874302949531,0.15056239861937176,0.0,0.7853103827179438,0.0,0.1513938584795359,0.680399211028317,-0.02185710025796754,-1.457987089576028,0.17535561751092985,-0.4217919854008006,-1.1915450350037977,-0.7750034234762491,-0.01639391213125333,-0.20670028983476318,-0.5704781051400393,-0.7033275207604547,-10.361986062124645,-0.38411375178817564,-0.13376148822833336,Pharmaceutical Retailers,Healthcare,1.8681,8191208,194245,BIMI
2014,2014-12-31,2015-03-27,-617291.0,9980917.0,-376196.0,-5.4414103269301295,1484294.0,0.1487131893792925,48304931.0,31333159.0,18837250.0,16971772.0,16971772.0,5623318.0,14700245.0,17665063.5,276.2017841559197,1.1099165131372257,0.20599294510947547,0.3175701179699117,-0.010182390077544278,276.2017841559197,-0.0197008862081222,0.9035961825952465,-14.610157122005665,0.28783304294341977,0.0,1.5109625669400166,0.0,0.20662314992231332,0.6135239738078028,-0.012779047339908218,-6.746932028840874,0.1487131893792925,-2.3090292459583504,-1.1211555548303282,-0.5396713315981446,0.424417438421751,-0.03791821850486844,-2.4262537118752254,-1.9741139792797902,-1.2832571680326512,-0.37219981211361064,-0.0031861067081361254,Pharmaceutical Retailers,Healthcare,1.8681,8191208,194245,BIMI
2013,2013-12-31,2014-03-28,-180165.0,5674933.0,386193.0,-1.6444128844059842,1542794.0,0.27186118320692065,42676193.0,31864625.0,12491391.0,10811568.0,10811568.0,2647947.0,17545449.0,16058899.0,290.83646702323796,1.1553727451929268,0.19611590002885215,0.26265741398180587,0.012988398854395955,290.83646702323796,-0.0056540756403064526,1.534851424677613,-48.34556656398302,0.2733494902262305,0.0,1.5605066868785515,0.0,0.13297655205561565,0.6270137689556223,-0.0042216745997001185,-46.46444822601209,0.27186118320692065,-3.0377240788768978,-1.0447404001135143,-0.6749121581440729,0.8591075546981503,-0.1638290146173316,-3.0465388372674194,-0.31808381964738186,-1.0407131659289706,-0.7825224232645961,0.18003184852543247,Pharmaceutical Retailers,Healthcare,1.8681,8191208,194245,BIMI
2012,2012-12-31,2013-03-29,88034.0,9269016.0,566335.0,0.8069850582088184,1845070.0,0.19905780721491903,42831702.0,29813350.0,13693082.0,13018352.0,13018352.0,1205560.0,17725614.0,12085074.149999999,279.85872524171594,1.0518291408927951,0.2347679062578461,0.33728209007038795,0.009523694576508328,279.85872524171594,0.002952838241928532,0.5844830939983273,61.53966819637867,0.18171668564586,0.0,6.158089186767975,0.0,0.2164055026344739,0.8427868596578123,0.0020553467616112944,1.5373155888076628,0.19905780721491903,-0.9569823011444152,-0.9658256905137457,-0.27987091383948354,1.6127109624831821,-0.5577576551163101,-0.9569823011444152,-0.7916298739333787,-0.9816003485151995,-0.5447635935685677,0.4432768772548781,Pharmaceutical Retailers,Healthcare,1.8681,8191208,194245,BIMI
2011,2011-12-31,2012-03-28,2046460.0,14929430.0,2717928.0,18.759372994774957,4172079.0,0.279453334789071,43817923.0,29517823.0,17356778.0,13340100.0,14300100.0,581176.0,17637580.0,11020850.0,277.08460527550926,1.3010980427433079,0.22344411440953055,0.33169305880044064,0.06021120263289102,277.08460527550926,0.06932963857124558,0.23761449700356943,1.7334563099205456,0.12017989944583649,0.0,18.509627032086666,0.0,0.3407151452614493,1.0246614343220815,0.04670371984541577,-5.27054203791279,0.279453334789071,-0.524070446161369,-0.7488710378175517,-0.72498108238952,-0.45195574057271615,-0.3898481844671042,-0.5243847907995883,-0.5149307312372003,-0.4773382449101686,-0.12042831498286029,0.7712018311551525,Pharmaceutical Retailers,Healthcare,1.8681,8191208,194245,BIMI
2010,2010-12-31,2011-03-25,4302764.0,25372206.0,5603175.0,39.41628092533947,6837772.0,0.2694985213347235,34033845.0,26255909.0,18312158.0,6851379.0,7777936.0,823398.0,15591120.0,28759684.9,246.4649300666479,2.672769671623771,0.08504595939718242,0.11023960358790091,0.15985697397437276,246.4649300666479,0.1638779293453523,1.051897533072213,6.202748024293221,1.0164935024721482,0.0,22.509690332014408,0.0,0.7454992522884205,2.3784063033149967,0.12642603267423944,-17.574471115571296,0.2694985213347235,-0.1207503710599693,1.1131000216857894,0.0,1.4321714957668847,0.03238253237475679,-0.09906343942130862,0.021548661700013183,0.6703090690223531,0.9712193312274326,1.3009524684163587,Pharmaceutical Retailers,Healthcare,1.8681,8191208,194245,BIMI
2009,2009-12-31,2010-03-30,4775879.0,20323997.0,5484981.0,44.829454148143704,6623293.0,0.3258853561137605,26071674.0,20619285.0,14856602.0,4776580.0,5452389.0,638775.0,9839011.0,56037513.0,193.9050847776409,3.1103010940882387,0.01679665831967675,0.02123822431282171,0.22011601278619078,193.9050847776409,0.23162195003366995,2.746847728820271,11.689350798041575,2.7075102264700255,0.0,21.448403584986888,0.0,0.7795432314779634,2.8499392871049998,0.18318267557349788,20.29503952897501,0.3258853561137605,0.21970316547955082,1.1231209591255975,0.0,1.4468295350979676,0.50592464070746,0.307453439954446,0.5778356047820234,-0.4128698536489021,-0.6249268403213035,-0.6164760994914081,Pharmaceutical Retailers,Healthcare,1.8681,8191208,194245,BIMI
2008,2008-12-31,2009-03-30,3652810.0,15834944.0,3476269.0,36.754396821228305,4398157.0,0.27775008234951765,18052013.0,15547509.0,13329887.0,2504504.0,2504504.0,1516777.0,5595312.0,1474129.0,156.43875271673508,5.322366025368696,0.0,0.0,0.22355729009837802,156.43875271673508,0.234945032030533,0.23535921566883974,1.0202830149939361,0.2397104256379591,0.0,7.540190153199844,0.0,0.877184389353143,4.456079127843277,0.20234917845450257,-28.132430535111755,0.27775008234951765,0.5199507794615172,1.1172818076104718,0.0,1.5712463417034517,0.3042361846492907,0.7657463167796681,0.6928754741973343,1.1029195075989677,0.0,1.2743123321407832,Pharmaceutical Retailers,Healthcare,1.8681,8191208,194245,BIMI
TTM,,,,,,,,,,,,,,,,11640347.0,1.9834387941090792,1.104796638469619,0.14278124368171463,0.6809916081806794,-0.7610738301817068,1.9834387941090792,-2.221030349178063,0.8184441104095135,-0.36228377425440145,0.9418490782515491,0.0,0.9245431326638484,0.0,0.27590987031204933,0.29042344225134076,-0.5450819913917764,-1.5494057987654628,0.21799186432657477,,,,,,,,,,,Pharmaceutical Retailers,Healthcare,1.8681,8191208,194245,BIMI
