Quarters,Year,Quarter,FillingDate,Date,NetIncome,Revenue,OperatingIncome,EPSDiluted,GrossProfit,GrossProfitRatio,TotalAssets,CommonStockEquity,CurrentAssets,CurrentLiability,TotalLiability,Inventory,RetainedEarnings,MarketCap,EnterpriseValue,bookValuePerShare,currentRatio,debtToAssets,debtToEquity,roic,shareholdersEquityPerShare,roe,priceToSalesRatio,peRatio,pbRatio,payoutRatio,inventoryTurnover,dividendYield,assetTurnover,quickRatio,returnOnAssets,priceToFreeCashFlowsRatio,grossProfitMargin,epsdilutedGrowth,fiveYNetIncomeGrowthPerShare,fiveYRevenueGrowthPerShare,fiveYShareholdersEquityGrowthPerShare,grossProfitGrowth,netIncomeGrowth,operatingIncomeGrowth,threeYNetIncomeGrowthPerShare,threeYRevenueGrowthPerShare,threeYShareholdersEquityGrowthPerShare,Industry,Sector,Symbol
2023Q1,2023,Q1,2023-05-19,2023-03-31,-884207.0,3197637.0,580746.0,-0.23,1690241.0,0.5285906437,36273686.0,7605383.0,24978071.0,22608750.0,27654494.0,8465313.0,-71027106.0,2104342.3183999998,5553481.318399999,1.9834387941090792,1.104796638469619,0.14278124368171463,0.6809916081806794,0.03720459725795311,1.9834387941090792,-0.11626068009987137,0.6580929350016902,-0.5949801116706834,0.27669116971492425,0.0,0.17806736738499804,0.0,0.08815307603423594,0.29042344225134076,-0.024375989801532716,0.7467971971270019,0.5285906436534228,0.9444444444444444,0.9336923430348241,-0.18530189578605133,-0.9899094407295113,1.7289615676390662,0.9198169025030404,1.078365537979244,0.9805182083151871,-0.637765527063624,-0.9595036558512695,Pharmaceutical Retailers,Healthcare,BIMI
2022Q4,2022,Q4,2023-05-04,2022-12-31,-11027349.0,-5431572.0,-7410732.0,-4.14,-2318697.0,0.4268924356,35714490.0,4047691.0,23235675.0,25362347.0,30497257.0,7654242.0,-70143785.0,3277523.19,6396229.1899999995,1.5190311834223817,0.9161484542420305,0.15274870227742296,1.3477664179405,-0.5863848155770457,1.5190311834223817,-2.7243554411638637,-0.603420738968387,-0.07430442235028563,0.8097266293301539,0.0,-0.4066862531913676,0.0,-0.1520831460844044,0.25675139607544994,-0.30876400586988645,-1.1204445201847806,0.426892435560092,-1.5874999999999997,-0.2780003490920246,-1.0629492046657485,-0.9919895621291405,-2.4631615613387123,-1.968943790009943,-1.3966446408428113,0.6886095960488242,0.6074236848847724,-0.9675584071614708,Pharmaceutical Retailers,Healthcare,BIMI
2022Q3,2022,Q3,2022-11-21,2022-09-30,-3714233.0,7314842.0,-3092128.0,-1.6,1584717.0,0.2166440505,33003375.0,9798428.0,17384085.0,18899086.0,22793008.0,1230339.0,-58498042.0,6577773.023999999,18147598.024,4.224582044197942,0.9198373402819586,0.3822851753797907,1.287625014951378,-0.1159185671238073,4.224582044197942,-0.37906417233458267,0.8992365144729031,-0.44274100628581997,0.6713090124252584,0.0,4.657354599017019,0.0,0.2216392111412848,0.5547903745186408,-0.11254100527597556,-0.7939370259961187,0.21664405054818683,0.1160220994475138,0.4592742683449212,-0.6092952534239242,-0.9779218246941603,0.29316093548545036,0.10421494212732953,-0.35685408937226154,0.5250975432405723,1.4434952383504995,-0.9315180377038351,Pharmaceutical Retailers,Healthcare,BIMI
2022Q2,2022,Q2,2022-08-22,2022-06-30,-4146344.0,4927361.0,-2278895.0,-1.81,1225460.0,0.2487051385,40216585.0,14157436.0,24177481.0,21509435.0,25821045.0,3027785.0,-54596942.0,14597923.436,22918901.436,6.193304595161873,1.124040729103298,0.3320846113612083,0.9433423537990918,-0.07082454378352834,6.193304595161873,-0.29287393564766956,2.9626251123065677,-0.8801683745969944,1.031113503603336,0.0,1.2226432854380347,0.0,0.12252062177830365,0.6396222401936639,-0.10310035026594128,4.700357386165138,0.24870513851126394,0.3345588235294118,0.01811419191053142,-0.8182114129921984,-0.9674704351828491,-0.15976331360946747,-0.5129991826249416,0.10865729598986819,0.6704470119994964,0.01178152077119909,-0.9099489005485238,Pharmaceutical Retailers,Healthcare,BIMI
2022Q1,2022,Q1,2022-05-20,2022-03-31,-2740480.0,5019748.0,-2556699.0,-2.72,1458470.0,0.2905464577,38712010.0,13251867.0,22054390.0,20694483.0,25318227.0,2169589.0,-50640327.0,13920970.8,25606758.8,13.136710594924889,1.0657135044156454,0.34335602827132977,1.0030286298526843,-0.08167587508375404,13.136710594924889,-0.20679954001953083,2.7732409674748615,-1.2699390982601588,1.0504912854920745,0.0,1.6414528281623846,0.0,0.12966900969492412,0.47960937221770655,-0.0707914675574841,-6.472744670819722,0.2905464577106261,0.9503014799926914,0.09410537196123502,-0.320535750856776,-0.9302379045918314,142.18378166110347,0.9075583234327311,0.9135179333406239,0.2750408070054665,0.3023992812145765,-0.7969641010574018,Pharmaceutical Retailers,Healthcare,BIMI
2021Q4,2021,Q4,2022-04-15,2021-12-31,-29645503.0,1877310.0,-29563343.0,-54.73,10186.0,0.0054258487,38128362.0,11193430.0,21159647.0,22092140.0,26791935.0,2639883.0,-47900929.0,13813018.5,14131140.5,20.664018150703267,0.9577907346232643,0.13417757101655717,0.4570512345188204,-1.8115221422214554,20.664018150703267,-2.64847352420125,7.357878293941863,-0.11648493955390132,1.2340291135067625,0.0,0.7072752845485956,0.0,0.04923657617392533,0.5342755839859787,-0.7775183995577885,6.106407984251474,0.005425848687750025,-16.403983337755776,-11.563128444765589,-0.7954200221929311,-0.8905436910457382,-0.9949800626777566,-16.403396789540174,-18.130714136879146,0.42141841453764667,-0.8889766941828132,-0.6912017629102247,Pharmaceutical Retailers,Healthcare,BIMI
2021Q3,2021,Q3,2021-11-15,2021-09-30,-1703432.0,13777494.0,-1545334.0,-3.1446823947061633,2029109.0,0.14727707375521268,63078874.0,34529582.0,26303061.0,24187204.0,28290623.0,2117486.0,-18227631.0,19470939.215,30653842.215,63.74452774388161,1.0874783625259041,0.18061048458157322,0.3299404551146898,-0.031055259134487947,63.74452774388161,-0.049332540428667804,1.4132424383563513,-2.8576044149399564,0.5638915413166601,0.0,5.548270449013595,0.0,0.21841692989002942,0.538132063548974,-0.027004794029772947,-50.21169180998357,0.14727707375521268,-4.402546920679228,-0.08404064631155603,1.3894533874772437,-0.7047100072244009,0.03271216158099789,-5.172190517600594,-9.271822073329611,-0.5359206228012975,2.4936738270241343,-0.5949478593350994,Pharmaceutical Retailers,Healthcare,BIMI
2021Q2,2021,Q2,2021-08-16,2021-06-30,-275985.0,9256987.0,-150444.0,-0.582074055232972,1964835.0,0.21225426804639566,62612425.0,30387172.0,25626343.0,27656942.0,31973870.0,5116715.0,-16524199.0,31767447.0,43602633.0,64.08889338825371,0.926579048399494,0.19902982515051926,0.41009870875776133,-0.00336255394648593,64.08889338825371,-0.00908228643323571,3.4317264353941517,-28.776425349203762,1.0454229501843737,0.0,1.4251628241948202,0.0,0.14784584689061317,0.3680023626617867,-0.004407831193249583,-14.447142946799135,0.21225426804639566,0.9416989070904787,0.7240795613175062,2.742418125881921,-0.7089279368361147,2.317515419722048,0.9172022313411388,0.9535722408636741,0.9465510767361158,4.24007176300094,-0.614705916228066,Pharmaceutical Retailers,Healthcare,BIMI
2021Q1,2021,Q1,2021-05-24,2021-03-31,-3333242.0,2168004.0,-3240389.0,-9.9839304236767,592261.0,0.2731826140542176,49746525.0,24252377.0,21697069.0,23452999.0,25274739.0,3569135.0,-16248215.0,29212837.5,35544395.5,72.64213849476279,0.9251298309440085,0.18418154835940803,0.3777935663790811,-0.09267450355397593,72.64213849476279,-0.1374398064156763,13.474531181676786,-2.191022846525995,1.204535023515427,0.0,0.44149156588361044,0.0,0.04358101395022065,0.434191678428844,-0.06700451941115484,-16.54358110805743,0.2731826140542176,-1380.1583567687796,-1.409200897494823,-0.4546489731483062,-0.6829525113824907,-0.5681752727426503,-1380.1583567687796,-2.911827540817633,-1.8708676736274548,5.344015285605049,-0.6304399176856352,Pharmaceutical Retailers,Healthcare,BIMI
2020Q4,2020,Q4,2021-03-31,2020-12-31,-2413.367,5536086.0,1694917.0,-0.0072286645298473284,1371531.0,0.24774380311288516,33008928.0,16710450.0,25184488.0,15565214.0,16308668.0,735351.0,0.0,27877393.5,32054480.5,50.05211749800066,1.6179981849269789,0.13064332170981136,0.2580658210880018,5.408880690189208,50.05211749800066,-0.00014442262177260338,5.0355781142128215,-2887.8112508375225,1.668261088121505,0.0,5.6633566827270245,0.0,0.16771480733939617,0.438276081523839,-7.311255306443155e-05,-16.557162295555163,0.24774380311288516,0.9992047627668101,0.9987482212302176,0.3559706472564707,-0.7840462108192681,4.330929966806334,0.9987364220054273,2.183036175458091,0.9977676710332204,-0.4879144672960765,-0.7360558611974118,Pharmaceutical Retailers,Healthcare,BIMI
2020Q3,2020,Q3,2020-11-16,2020-09-30,-1909947.0,3091071.0,-1432684.0,-9.089947286361275,257278.0,0.08323264007847118,33571631.0,13284278.0,25464828.0,20024916.0,20163548.0,4195247.0,-10834660.0,17649744.0,10870829.0,63.223543185668866,1.271657169498239,0.14316867714887013,0.3618116091819217,-0.08337815040243773,63.223543185668866,-0.14377499477201547,5.70991219548176,-2.310240022367113,1.32861898855173,0.0,0.6754770338909724,0.0,0.09207390013312132,0.892798651440036,-0.05689169525305458,35.79031639909722,0.08323264007847118,-1.3997727263681996,-172.45113750065192,-0.30187469820740087,-0.7525881849200047,-0.6969249327358487,-1.4116030898241996,0.3092089783102601,-2.0693240408457276,0.8224946017978932,-0.6695861376803891,Pharmaceutical Retailers,Healthcare,BIMI
2020Q2,2020,Q2,2020-10-19,2020-06-30,4640264.0,3790847.0,-2073976.0,22.737787464743732,848892.0,0.223932013083092,37307996.0,14071802.0,22405277.0,22997437.0,23161357.0,2523075.0,-8436279.0,23162739.5,28136819.5,68.95339504206746,0.9742510437141322,0.1359063081276196,0.3603228641221643,-0.10735190861483737,68.95339504206746,0.3297562032211653,6.110175245795992,1.2479214275308474,1.6460393274436351,0.0,1.1660196387344808,0.0,0.1016095048364431,0.6711257867561503,0.12437719785324304,-8.804668012805552,0.223932013083092,2.9209893936521816,24.569417419568964,0.7642360545596862,-0.7416543358582346,25.33470932232542,3.1141358847314766,-0.16102168851678042,13.308537359806685,0.5665944898599892,-0.6378308382998367,Pharmaceutical Retailers,Healthcare,BIMI
2020Q1,2020,Q1,2020-06-29,2020-03-31,-2194875.0,426898.0,-1786337.0,-11.836498181551484,-34884.0,-0.0817150701104245,42852066.0,9082178.0,27704913.0,33713161.0,33898578.0,3196034.0,-13076542.0,22993692.0,24487131.0,48.97821854793915,0.8217833088982668,0.0389550412808568,0.1837999651625414,-0.1662633263637837,48.97821854793915,-0.24166835311970322,53.86226217972443,-2.619020673159064,2.53173765147523,0.0,0.14448594727089886,0.0,0.009962133447661543,0.0715069998924159,-0.051219817499581,-28.786049708367397,-0.0817150701104245,0.10936956004814148,-14.733608107387557,-0.7770430053415966,-0.8220960289268385,0.8522390335643245,0.10936956004814141,-8.148551411202556,-2.9469738655548836,-0.6856508957871009,-0.739902684878855,Pharmaceutical Retailers,Healthcare,BIMI
2019Q4,2019,Q4,2020-05-14,2019-12-31,-2464406.0,-962826.0,-195259.0,-13.290022045722225,-236084.0,-0.24519902869261945,30061778.0,8682635.0,22049958.0,21549193.0,21549193.0,707526.0,-10881667.0,29576563.5,29647583.5,46.82356969902876,1.023238225208712,0.0035720774732618944,0.012367558926524034,-0.02221372015392915,46.82356969902876,-0.28383157877764065,-30.71849274946875,-3.0003744817209506,3.4064041042840105,0.0,-1.0271594259433576,0.0,-0.03202824530205765,0.002155904399761049,-0.08197805199679141,-26.201194605009633,0.24519902869261945,-2.941239469332453,-2.3010520017917715,-1.160926921332327,-0.829068611534381,-2.2513083236930536,-3.5262558566236093,0.5479268103510149,-2.050792165885161,-1.3065041304842369,-0.7519778063520586,Pharmaceutical Retailers,Healthcare,BIMI
2019Q3,2019,Q3,2019-11-14,2019-09-30,-544469.0,208402.0,-431919.0,-3.372041244673017,-72612.0,-0.3484227598583507,24364299.0,9960672.0,5213076.0,14557224.0,14557224.0,1531728.0,-8417261.0,8799897.0,14390751.0,61.68897476868195,0.3581092109319744,0.23215147704434264,0.5678540564331402,-0.027657188887921274,61.68897476868195,-0.0546618742189282,42.22558804617998,-4.040586791901835,0.8834641879584028,0.0,0.1834620768178162,0.0,0.008553580794588015,0.07150937568866152,-0.022347000420574383,-9.6749157282988,-0.3484227598583507,0.3873479944485516,-2.174795319163267,-0.9499486055595133,-0.7782521213263679,-6.001515360242458,0.3684357658543828,0.39373152429318575,-0.16241511665197017,-0.8787455904272753,-0.7142321457463986,Pharmaceutical Retailers,Healthcare,BIMI
2019Q2,2019,Q2,2019-09-20,2019-06-30,-862096.0,333690.0,-712422.0,-5.504007518326559,14518.0,0.043507447031676104,25036039.0,10772367.0,5102740.0,14418529.0,14418529.0,1154735.0,-7872792.0,18952351.0,24673402.0,68.77544675064323,0.3539015665190256,0.23234430174837162,0.5399909787700327,-0.04294454489712314,68.77544675064323,-0.08002846542454412,56.79628097935209,-5.4960094351441136,1.7593488042135959,0.0,0.2764028110345664,0.0,0.013328386331400106,0.10465915073583443,-0.03443420103315864,-48.06325557096883,0.043507447031676104,-0.4687758354890911,-0.6568410361412425,-0.8495610496566559,-0.7519472539354246,-0.9019292604501608,-0.5188603121245116,-0.9075238299239584,-1.609058482982359,-0.5916283012487932,-0.6876430513559671,Pharmaceutical Retailers,Healthcare,BIMI
2019Q1,2019,Q1,2019-09-16,2019-03-31,-567594.0,578712.0,-373480.0,-3.747343457957808,148036.0,0.2558025408147749,24251500.0,9800065.0,3651855.0,14588369.0,14588369.0,1168472.0,-7010696.0,45439800.0,51078448.0,64.70141814004464,0.2503264758383888,0.24495173494423025,0.6061640407487093,-0.023727309505561192,64.70141814004464,-0.05791737095621305,78.51884875378427,-20.014217909280223,4.6366835322010616,0.0,0.3685805051383345,0.0,0.023862936313217738,0.14605635489477953,-0.023404490443890067,123.50725173411033,0.2558025408147749,0.9603834332319782,-2.8377974530449737,-0.754485855070384,-0.7696284453978172,15.99402410614808,0.9603834332319783,0.9725557652990329,0.0957375432304351,-0.6791300273034439,-0.7176098810365907,Pharmaceutical Retailers,Healthcare,BIMI
2018Q4,2018,Q4,2019-08-30,2018-12-31,-14327188.0,4728121.0,-13608687.0,-94.59031318641777,-9873.0,-0.002088144529296099,23050799.0,10135732.0,2607273.0,13065378.0,13065378.0,937966.0,-6443102.0,119128009.0,124927110.0,66.91753924973261,0.19955587966915309,0.2523539856470919,0.5739063542721927,-0.8530653608214016,66.91753924973261,-1.4135326387872134,25.195634587185904,-2.078705343295558,11.753271396678603,0.0,5.05134940925364,0.0,0.20511744516968805,0.10396706471102482,-0.6215484330933605,-148.90945283955185,-0.002088144529296099,-45.19959692372185,-48.058873996444184,1.2416683518410014,-0.7639892572561987,-1.0676237508476085,-45.19959692372184,-59.56272696525207,-15.380068166349801,1.5526224007895282,-0.7112790250241189,Pharmaceutical Retailers,Healthcare,BIMI
2018Q3,2018,Q3,2018-11-14,2018-09-30,-310115.0,1102693.0,-224704.0,-2.047427239302363,145999.0,0.13240221893128912,36391485.0,23836755.0,15593085.0,12511918.0,12511918.0,4439780.0,7884086.0,33322520.0,38946125.0,157.37363500719633,1.2462585672316586,0.16007464383495204,0.24438536201760686,-0.007575840883987281,157.37363500719633,-0.013009950389639865,30.2192178602748,-26.86303468068297,1.3979469940434426,0.0,0.21548229867245675,0.0,0.030300851971278447,0.5788758366223308,-0.008521636311351406,47.45783664459161,0.13240221893128912,0.811995341638441,-7.867898626767379,-0.4037458825159326,-0.45863093840983366,-0.4996452940632165,0.8119953416384411,0.8544332293157317,-38.06812580723691,-0.6545199424937457,-0.3841519357982937,Pharmaceutical Retailers,Healthcare,BIMI
2018Q2,2018,Q2,2018-08-14,2018-06-30,-1649507.0,564339.0,-1543649.0,-10.890300576302092,291791.0,0.5170491495360059,38804811.0,25194491.0,16991150.0,13560507.0,13560507.0,4229734.0,8194201.0,20296444.0,26872782.0,166.3376005176079,1.2529878123288458,0.1751988690268328,0.2698430779966938,-0.048252373521131965,166.3376005176079,-0.06547093965899133,35.96498558490553,-3.0761379005969665,0.8055905554908809,0.0,0.06443620331680432,0.0,0.014543016328568125,0.635356332915871,-0.042507796262685055,-16.447832192993616,0.5170491495360059,-2.1314961791152176,-23.858552641785376,-0.7242817951978983,-0.424717827263222,8.281769888984318,-2.30100120272404,-2.704523474116436,-10.288577684550203,-0.6461335364057872,-0.37678778758823805,Pharmaceutical Retailers,Healthcare,BIMI
2018Q1,2018,Q1,2018-05-15,2018-03-31,-499699.0,147079.0,-416693.0,-3.4776668893714158,31437.0,0.2137422745599304,41603059.0,28243861.0,18360943.0,13304542.0,13304542.0,3062238.0,9843708.0,10201848.0,16323049.0,196.56381187016314,1.3800507375601505,0.15309631438399757,0.22551006747979677,-0.012038579803921841,196.56381187016314,-0.017692304887069087,69.36304978956888,-5.1039966059567865,0.3612058563806131,0.0,0.037763883800018154,0.0,0.003535292921609442,0.8598178727234654,-0.012011111971357683,10.32709500826018,0.2137422745599304,-0.07396096164509573,-39.31060525246813,-0.9152082296654744,-0.31810630305417187,-0.930900554562779,-0.0739609616450957,-0.19144330899130205,-3.622676921906435,-0.9008679300592112,-0.28601970962352896,Pharmaceutical Retailers,Healthcare,BIMI
2017Q4,2017,Q4,2018-03-30,2017-12-31,-465286.0,4652808.0,-349738.0,-3.2381688101998773,454953.0,0.09778030814940139,41433065.0,27247768.0,18755767.0,14136253.0,14136253.0,2064231.0,10343407.0,6968868.0,13910395.0,189.6314793162964,1.3267848983744137,0.17434580328537125,0.26511092578298523,-0.010146186888498089,189.6314793162964,-0.017076114271084516,1.4977768263809725,-3.7444002183603207,0.2557592240215786,0.0,2.033616877180897,0.0,0.11229697827085686,0.9228671841116596,-0.01122982333071425,-8.983208854216349,0.09778030814940139,-0.09340011183216686,-6.1186506608030715,0.15321848590657972,-0.3157687034670055,9.84538368018308,-0.11057645258843944,-0.027616582290010842,0.19568416625858012,0.003604384121121751,-0.3077423984400702,Pharmaceutical Retailers,Healthcare,BIMI
2017Q3,2017,Q3,2017-11-14,2017-09-30,-418959.0,1141920.0,-340339.0,-2.9615588796436167,41949.0,0.03673549810844893,40162485.0,27069027.0,17625076.0,13044913.0,13044913.0,5148940.0,10808693.0,6578169.0,12568311.0,191.34652142564292,1.3511072093773258,0.14966628683459204,0.22206080772685327,-0.010289591693123842,191.34652142564292,-0.01547743108756735,5.760621584699454,-3.925305936857783,0.24301460854134135,0.0,0.21363057250618575,0.0,0.02843250361624785,0.6101780057866235,-0.01043160053467807,-2004.9280707101493,0.03673549810844893,-0.6031614836243415,-311.52578582082714,-0.5079082858567858,-0.31210086669566167,-0.8572337746315897,-0.6031614836243414,-1.0977243870267872,-2.031785895508291,-0.6869750238257774,-0.31218365393784964,Pharmaceutical Retailers,Healthcare,BIMI
2017Q2,2017,Q2,2017-08-14,2017-06-30,-261333.0,1677404.0,-162242.0,-1.8473241216775513,293830.0,0.17516948808992944,38673007.0,26933715.0,16330843.0,11739292.0,11739292.0,4765555.0,11227652.0,6436703.0,12322950.0,190.39002304440643,1.3911267391593973,0.1526236116058935,0.2191459291820679,-0.004982196628185981,190.39002304440643,-0.009702820424141266,3.8373003760572884,-6.157568121898114,0.23898311094477684,0.0,0.29032798907997076,0.0,0.04337402571255967,0.6711814477397785,-0.006757504013070409,695.4087078651686,0.17516948808992944,0.3839958136804962,-11.437839256809468,-0.6175291025529956,-0.317229461643942,1.3360258224547232,0.3839958136804961,0.5266490056950798,0.44390996427107515,-0.1627012868795816,-0.3133193563875889,Pharmaceutical Retailers,Healthcare,BIMI
2017Q1,2017,Q1,2017-05-15,2017-03-31,-424239.0,1036041.0,-342752.0,-2.9988824146065087,125782.0,0.12140639221806859,37880360.0,26639078.0,15706955.0,11241282.0,11241282.0,4779275.0,11488985.0,7780630.0,13566475.0,188.30728231518526,1.397256558460147,0.15324746121736962,0.2179155374671751,-0.010577061134005047,188.30728231518526,-0.01592543856059883,7.5099634087840155,-4.585051115055428,0.2920757993200816,0.0,0.19045964084510725,0.0,0.027350347251187686,0.5653049180689533,-0.011199444778243924,-56.20299339776651,0.12140639221806859,0.31159200403725046,-2879.110505780971,-0.3489632495836566,-0.32367589829446497,-0.6706760224118972,0.31159200403725046,0.35739020389032106,-2.071269503451457,-0.5293976890063841,-0.32952564848014576,Pharmaceutical Retailers,Healthcare,BIMI
2016Q4,2016,Q4,2017-03-31,2016-12-31,-616261.0,2396495.0,-533375.0,-4.356257382531596,381940.0,0.1593744197254741,37319117.0,26707058.0,15114944.0,10612059.0,10612059.0,4606564.0,11913224.0,6119111.83,11755092.83,188.78782180877383,1.4243177502122821,0.15436104771717937,0.21569646495694134,-0.0164278240957206,188.78782180877383,-0.023074836621839814,2.553358897055909,-2.482353998549316,0.22911965181638505,0.0,0.4373226986534866,0.0,0.064216283573912,0.6972549813377404,-0.016513279239699055,-67.76650198788442,0.1593744197254741,-0.5016938044261388,-1.3918126365761645,-0.626671786212657,-0.31866362037306495,3.6771995738238097,-0.6148043141036391,-0.7882527676637632,-1.2593545248426465,0.21652878074832405,-0.3341662806847584,Pharmaceutical Retailers,Healthcare,BIMI
2016Q3,2016,Q3,2016-11-14,2016-09-30,-381632.0,1400352.0,-298266.0,-2.9008958881576445,-142664.0,-0.10187724229336624,39551478.0,28399333.0,16026117.0,11152145.0,11152145.0,5292193.0,12529485.0,7564527.5,13341167.5,215.8709380724705,1.437043456662373,0.1529661672820419,0.21303451035276075,-0.008662228134387813,215.8709380724705,-0.013438062084063734,5.4018757426704145,-4.955380772576723,0.2663628578882469,0.0,0.2915645744590192,0.0,0.035405807085135986,0.7813642128935734,-0.009648994659567462,111.76737193599385,-0.10187724229336624,-0.3751087738514297,-5.3474740704541395,-0.5627954741408882,-0.18101237652459626,-3.473884996878685,-0.3802591747349843,-0.5494257172690012,-11.564462806912857,-0.12820337260950293,-0.25739881929054853,Pharmaceutical Retailers,Healthcare,BIMI
2016Q2,2016,Q2,2016-08-15,2016-06-30,-276493.0,683754.0,-192501.0,-2.1095755792705493,57668.0,0.08434027442618251,40101226.0,28858403.0,16342894.0,11242823.0,11242823.0,5971403.0,12911162.0,4907766.37,10772586.370000001,220.18222117101308,1.4536290396104252,0.1514602820372624,0.21046705183235537,-0.005512027853666676,220.18222117101308,-0.009581022206946102,7.177678477932122,-4.4375141233231945,0.17006368543678596,0.0,0.10484738678665634,0.0,0.01705070064441421,0.7640474283015929,-0.006894876480833778,-23.579726475604776,0.08434027442618251,0.4909435365683018,-1.450700062296553,-0.8862652697945099,-0.15364206614181306,1.389188459591699,0.4909435365683018,0.5777634961439588,-5.427961306194313,-0.6139439445483307,-0.23849504742698455,Pharmaceutical Retailers,Healthcare,BIMI
2016Q1,2016,Q1,2016-05-16,2016-03-31,-543148.0,1560660.0,-455908.0,-4.14408956729335,-148175.0,-0.09494380582574038,41422362.0,30029932.0,16788995.0,11392430.0,11392430.0,6056373.0,13187655.0,4855995.3,10687645.3,229.1206872873209,1.473697446462256,0.14976379183784835,0.2065795553583005,-0.01258249892599396,229.1206872873209,-0.01808688744283537,3.1115010956902847,-2.235116073335444,0.1617051713603614,0.0,0.28215484746398545,0.0,0.0376767505435832,0.7800349003680515,-0.013112434293341359,-286.96343812788086,-0.09494380582574038,0.2823742052775384,-2.5101935890518794,-0.5149886569698146,-0.08623902853232941,-1.8655840172912346,0.2823742052775385,0.3642062339886399,-46.651933091498975,-0.013625608809885573,-0.20516421097735307,Pharmaceutical Retailers,Healthcare,BIMI
2015Q4,2015,Q4,2016-03-30,2015-12-31,-756868.0,1602791.0,-717069.0,-5.774722143169418,171185.0,0.1068043182174095,44353642.0,30377475.0,19576937.0,13976167.0,13976167.0,7051198.0,13730803.0,4783909.0,12407021.0,231.7723513344422,1.4007371978311365,0.18166902731460022,0.26525190128540965,-0.01770518591252498,231.7723513344422,-0.02491543487403084,2.984736625049679,-1.5801662244935708,0.15748211462605105,0.0,0.20303018011974702,0.0,0.036136626615690316,0.680399211028317,-0.017064393494450804,-2.405476888327734,0.1068043182174095,-109.19062765246453,-2.2415332831674473,-0.8207660829993175,-0.059613263145521775,-0.5412151894663211,-115.10185611290075,-9.80346948547015,-10.128220111068302,-0.5644843021680941,-0.16371534396168333,Pharmaceutical Retailers,Healthcare,BIMI
2015Q3,2015,Q3,2015-11-13,2015-09-30,-6519.0,2621274.0,81453.0,-0.052406654415134014,373127.0,0.14234566855658737,44813173.0,31787351.0,16312952.0,13025822.0,13025822.0,7231646.0,16715305.0,7650169.5,13798146.5,255.53970882605935,1.2523548993683469,0.14399406620905866,0.202999960581805,0.002159519559695986,255.53970882605935,-0.00020508157474336255,2.9184928778906745,-293.3797169811321,0.24066709742501033,0.0,0.31087625140943015,0.0,0.0584933809529622,0.6468962956809943,-0.00014547061865045798,-73.5918723666237,0.14234566855658737,0.9456768107729742,-1.002697345367462,-0.7209750551287252,0.05909318146588464,0.07644173903008972,0.9456768107729743,9.655084475613643,-6.494943840992647,0.2846325585287464,-0.08132354371229421,Pharmaceutical Retailers,Healthcare,BIMI
2015Q2,2015,Q2,2015-08-14,2015-06-30,-120004.0,1309729.0,-9411.0,-0.9647197662883483,346630.0,0.2646578032554826,47597169.0,33200943.0,18235000.0,14396226.0,14396226.0,6738527.0,16721824.0,9640457.5,17911147.5,266.9036280176537,1.2666514126688482,0.17925559816383196,0.2569824296858074,-0.0002256478908065851,266.9036280176537,-0.0036144756490802082,7.360650562062839,-20.083617004433187,0.2903669784319078,0.0,0.1429242622311968,0.0,0.027516951690971368,0.5653644225924211,-0.002521242387336104,2525.663479172125,0.2646578032554826,-0.2823493574204079,-1.0749938356899542,-0.8446118288327498,0.22525269629241956,0.20967516786018398,-0.39456833738132036,-3.2185289957567185,-6.450899874233961,-0.6603760596980754,-0.042838847977373445,Pharmaceutical Retailers,Healthcare,BIMI
2015Q1,2015,Q1,2015-05-15,2015-03-31,-86051.0,1181075.0,4242.0,-0.752306507353809,286548.0,0.24261626061003747,45630087.0,31490447.0,16006808.0,14139640.0,14139640.0,6407860.0,16841828.0,10008512.5,17795197.5,275.3070561184791,1.1320520182974956,0.17636628656877204,0.25555715357104963,0.0001075490025392619,275.3070561184791,-0.0027326064949157436,8.474070232627056,-29.077269584316277,0.3178269428820747,0.0,0.13959839946565625,0.0,0.02588368941746703,0.5853031618909675,-0.0018858390517642448,-9.549141499046852,0.24261626061003747,0.8131377509473295,-1.2182525561576547,-0.6127679766486727,0.3490554501406459,2.2776436945953673,0.8131377509473295,1.0075671490828266,-723.0102897543602,-0.0820973362302144,-0.011207664763208966,Pharmaceutical Retailers,Healthcare,BIMI
2014Q4,2014,Q4,2015-03-27,2014-12-31,-460505.0,3690571.0,-560581.0,-4.025995144379099,87425.0,0.02368874626717654,48304931.0,31333159.0,18837250.0,16971772.0,16971772.0,5623318.0,14700245.0,9093448.5,17739793.5,273.9319566718831,1.1099165131372257,0.20599294510947547,0.3175701179699117,-0.0135793899549309,273.9319566718831,-0.014697049856990161,2.463967906321271,-4.936671968816842,0.2902180562132276,0.0,0.6407508876432029,0.0,0.0764015375573148,0.6135239738078028,-0.009533291746136641,-23.76533380375554,0.02368874626717654,-2.4026320670745767,-1.318019155257155,-0.3285850229380329,0.415195907739559,-0.901329971536081,-2.4053325765066345,-2.165044568725619,-1.3621084798156942,-0.28895278300998095,-0.011377927692848368,Pharmaceutical Retailers,Healthcare,BIMI
2014Q3,2014,Q3,2014-11-14,2014-09-30,327684.0,2943947.0,481167.0,2.8703144886570175,886034.0,0.3009680541123872,45389340.0,31759485.0,15738291.0,13629855.0,13629855.0,4470664.0,17388663.0,15997661.19,24259268.189999998,278.1942047773797,1.154692474718183,0.19767604023323537,0.28251040594644405,0.010122625261882876,278.1942047773797,0.010317673602075096,5.434086004265701,12.205097891566265,0.5037128653062227,0.0,0.46031484361159775,0.0,0.06485987679045344,0.6138922974602444,0.0072194043799711565,-15.559369315744785,0.3009680541123872,1.8640379171587564,-0.8597711166746171,-0.6376118310648606,0.5255111475413194,7.432476159658907,1.8744396054822594,2.6479732853840225,3.3016596136488734,0.05917082307475888,0.05543438440411167,Pharmaceutical Retailers,Healthcare,BIMI
2014Q2,2014,Q2,2014-08-14,2014-06-30,-374736.0,1597473.0,-291975.0,-3.321977463784882,105074.0,0.06577513360163208,43579166.0,31276470.0,13919968.0,12302696.0,12302696.0,2991874.0,17060979.0,14946662.5,22179585.5,277.2613802579673,1.1314567148533947,0.19354218481372498,0.26967260052045516,-0.007550502235894053,277.2613802579673,-0.011981403272172338,9.356441392123685,-9.9714615756159,0.4778884094017004,0.0,0.4988174635696557,0.0,0.036656805226607594,0.6096540953299993,-0.008598971352503626,24.89450782811459,0.06577513360163208,-2.4021676154591103,-1.4366359448032406,-0.7114732575695638,0.7152018134533717,-0.7410446050754015,-2.4149488763737765,-59.73954649469523,-1.7097257945482556,-0.6912631677167168,0.06576438227291136,Pharmaceutical Retailers,Healthcare,BIMI
2014Q1,2014,Q1,2014-05-13,2014-03-31,-109734.0,1748926.0,-4807.0,-0.9764296881465063,405761.0,0.2320058138537594,42798632.0,31563530.0,13067609.0,11235102.0,11235102.0,2976079.0,17435715.0,8990640.0,16813813.0,280.8568021853839,1.163105506296249,0.1974643488604963,0.2677521810773383,-0.00012045346950617407,280.8568021853839,-0.0034766073376456944,5.1406634700381835,-20.4828038711794,0.2848426649363997,0.0,0.4513203446548294,0.0,0.04086406313173748,0.626561111772728,-0.002563960455558486,-17.08240390644297,0.2320058138537594,0.4935782356877495,-1.2349348108570837,-0.31619990324168895,0.8660594415046444,0.45547253598677107,0.4935782356877495,0.9681484769975948,-1.3558320577731897,-0.3661237871234246,0.12009084577506653,Pharmaceutical Retailers,Healthcare,BIMI
2013Q4,2013,Q4,2014-03-28,2013-12-31,-216685.0,1564958.0,-150919.0,-1.9280958224071456,278783.0,0.17814088301411285,42676193.0,31864625.0,12491391.0,10811568.0,10811568.0,2647947.0,17545449.0,8934448.5,16283168.5,283.53598853919186,1.1553727451929268,0.19611590002885215,0.26265741398180587,-0.0038275605222862813,283.53598853919186,-0.006800174174339099,5.709065994103356,-10.308106814038812,0.28038768697262245,0.0,0.4857253562854544,0.0,0.03667051557293313,0.6270137689556223,-0.005077421034252048,12.753222403663335,0.17814088301411285,-7.351054536256748,-1.2099199593790537,-0.6363556086720654,0.9390586011821348,-0.3395504973810206,-7.577507719103792,-1.5679048117194174,-1.414530504930644,-0.7959035683661897,0.15041108876025236,Pharmaceutical Retailers,Healthcare,BIMI
2013Q3,2013,Q3,2013-11-14,2013-09-30,-25262.0,1335946.0,265747.0,-0.23088052102116788,422111.0,0.31596411831017124,43469118.0,31806756.0,13364887.0,11662362.0,11662362.0,2916770.0,17762134.0,10285104.0,18307400.0,290.6956569423119,1.145984578424165,0.2092855208150301,0.2860227871084998,0.010465659733550368,290.6956569423119,-0.0007942337785091947,7.698742314434865,-101.78434011558863,0.3233622441722758,0.0,0.313303757238315,0.0,0.03073322076606201,0.6710998166580664,-0.000581148207331927,-2.8028411283413015,0.31596411831017124,-1.4846147382317716,-1.0192070768726031,-0.7649062909212779,0.7635435837475725,-0.02045367523350931,-1.4856489224676548,0.5318949018884457,-1.0118833370335876,-0.8383280699065642,0.20479822710806914,Pharmaceutical Retailers,Healthcare,BIMI
2013Q2,2013,Q2,2013-08-14,2013-06-30,52017.0,1475416.0,173476.0,0.47642075819565155,430925.0,0.2920701686846286,44936853.0,31569270.0,14823943.0,13367583.0,13367583.0,2642954.0,17787396.0,3493856.0,12397766.0,289.1408918970902,1.1089471447456134,0.2189394749116054,0.31164645238866784,0.0033009656813478834,289.1408918970902,0.001647709940711331,2.368048062376984,16.791894957417767,0.1106726889788709,0.0,0.3951983273261661,0.0,0.03283309581113746,0.6527060277089732,0.001157557695462119,1.1222636869455502,0.2920701686846286,4.248351576816005,-0.9569098188831711,-0.6977884388611746,1.0589822778674993,0.048543098728633126,4.326881720430108,0.7721705196702388,-0.9629646831400468,-0.8005693434178782,0.32733548823050246,Pharmaceutical Retailers,Healthcare,BIMI
2013Q1,2013,Q1,2013-05-13,2013-03-31,9765.0,1298613.0,97889.0,0.09077531320504251,410975.0,0.31647226694942987,42355222.0,31009172.0,13224932.0,11346050.0,11346050.0,1840404.0,17735379.0,4141022.635,11012238.635,288.2616641722365,1.1655978953027706,0.19347770152166832,0.26426990698107,0.0008445285623202521,288.2616641722365,0.00031490682821198835,3.1888042357499886,106.01696454173066,0.13354186416199695,0.0,0.48230605888707045,0.0,0.030660044704759193,0.8478888247451757,0.00023055008423754692,-12.483600885694733,0.31647226694942987,-0.8565088974769665,-0.9861176623733013,-0.6266454150351668,1.101271621378979,-0.33124558611509786,-0.8565088974769665,0.049432878063423315,-0.9736649669758981,-0.5472778564390179,0.4125354235410962,Pharmaceutical Retailers,Healthcare,BIMI
2012Q4,2012,Q4,2013-03-29,2012-12-31,68053.0,3020552.0,93278.0,0.6326198043566572,614538.0,0.20345221668092456,42831702.0,29813350.0,13693082.0,13018352.0,13018352.0,1205560.0,17725614.0,5470624.915,12138115.915,277.14528738624006,1.0518291408927951,0.2347679062578461,0.33728209007038795,0.0027487430802443586,277.14528738624006,0.002282635128222759,1.8111341619015333,20.096927817289465,0.1834958136204083,0.0,1.9957646239092206,0.0,0.070521409585825,0.8427868596578123,0.0015888465043952724,3.2438028888487,0.20345221668092456,66.92568352093281,-0.923615411113882,-0.24009227381927822,1.6798046204342392,1.0468020903068513,65.98129921259843,-0.05584290702970798,-0.9500282674172045,-0.4156918027426081,0.4317967181467172,Pharmaceutical Retailers,Healthcare,BIMI
2012Q3,2012,Q3,2012-11-13,2012-09-30,1016.0,1747469.0,98795.0,0.00931341094509121,300243.0,0.1718159234870547,45230065.0,29632462.0,18685487.0,15597603.0,15597603.0,1199863.0,17657561.0,4314465.0,13001013.0,278.1607246784943,1.1979717011645956,0.25357376780245616,0.38704708370165125,0.0002990980245952153,278.1607246784943,3.4286722446484536e-05,2.4689794210941653,1061.6301673228345,0.14559927555125188,0.0,1.2061593698613926,0.0,0.038635120245792264,0.920271018566122,2.2462934775795702e-05,5.166126840249298,0.1718159234870547,-0.9461122308263498,-0.998577661014197,-0.3039009975753539,1.9163179370307648,-0.4110087531730743,-0.9461122308263499,-0.5696763262088221,-0.9995340606462825,-0.7694808819444405,0.5253275554204436,Pharmaceutical Retailers,Healthcare,BIMI
2012Q2,2012,Q2,2012-08-13,2012-06-30,18854.0,3302624.0,229583.0,0.17282977358144652,509758.0,0.15434939006075168,43899083.0,29705806.0,17144598.0,14193277.0,14193277.0,876824.0,17656545.0,6125475.0,13151727.0,278.8492067962076,1.2079379554136793,0.22428245255145762,0.33144342220507333,0.0020821273576599624,278.8492067962076,0.0006346907402546156,1.854729754280233,81.22248594462714,0.206204638918062,0.0,3.1852070655000317,0.0,0.07523218651287089,0.9818512666243321,0.0004294850532527069,-8.485024573496085,0.15434939006075168,168.85585585585588,-0.9822384467707159,-0.3530695612389285,2.1524822176989082,0.21217698576323743,168.85585585585585,0.5868439787391397,-0.9767376281458097,-0.36836221592178864,0.7250244687229418,Pharmaceutical Retailers,Healthcare,BIMI
2012Q1,2012,Q1,2012-05-09,2012-03-31,111.0,1198371.0,144679.0,0.001017508479237327,420531.0,0.35091887236924124,43951904.0,29660890.0,17538893.0,14291014.0,14291014.0,856091.0,17637691.0,5006910.0,11287423.0,278.42757908570354,1.2272672184073152,0.241650964654455,0.3580816354465426,3.1503316240618144e-05,278.42757908570354,3.7423017313371244e-06,4.178096766360334,11276.824324324325,0.16880511677161408,0.0,0.9085949974944253,0.0,0.027265508224626627,0.9332220932678394,2.5254878605486578e-06,2.903667490170152,0.35091887236924124,-0.999906283323244,1.0010747844536707,-0.06491120567931874,3.2661650821637163,-0.760047861359541,-0.999906283323244,-0.8962723607808162,-0.9997492979792002,-0.5057146841766967,0.849919278028427,Pharmaceutical Retailers,Healthcare,BIMI
2011Q4,2011,Q4,2012-03-28,2011-12-31,1184421.0,4833988.0,1394797.0,10.857282977358144,1752562.0,0.362549927720135,43817923.0,29517823.0,17356778.0,13340100.0,14300100.0,581176.0,17637580.0,3547448.9999999995,11020850.0,277.08460527550926,1.3010980427433079,0.22344411440953055,0.33169305880044064,0.03202911836000358,277.08460527550926,0.04012562173030172,0.7338555660460886,0.7487728181111276,0.12017989944583649,0.0,5.302053078585489,0.0,0.1103198798354728,1.0246614343220815,0.027030514431275073,1.3078398893398546,0.362549927720135,15.662461387604726,-0.20670156037265194,0.0,3.416791511276055,2.5223553624330224,15.662507209881406,7.084701749911606,0.21048574191571115,0.18497303892529113,0.8949385927436396,Pharmaceutical Retailers,Healthcare,BIMI
2011Q3,2011,Q3,2011-11-10,2011-09-30,71083.0,2593645.0,172523.0,0.6516013885820569,497554.0,0.19183581407632888,37094290.0,28079461.0,11163301.0,9014829.0,9014829.0,846054.0,16453159.0,4053466.4999999995,9596503.5,263.5826621608936,1.238326428598923,0.15350812753121842,0.20279146383899604,0.004010657607766005,263.5826621608936,0.002531494461378728,1.562845532060093,14.256103780088065,0.14435699104053315,0.0,2.4774907984596726,0.0,0.06992033005618924,1.0398009768127603,0.0019162787588062745,-21.246142274590376,0.19183581407632888,-0.8574433949020316,1.0063015793815562,0.0,18.09860677649913,-0.556737263258799,-0.8574433949020316,-0.7458707663663185,-0.9444903870421175,-0.5312173351984044,0.5990590211438716,Pharmaceutical Retailers,Healthcare,BIMI
2011Q2,2011,Q2,2011-08-12,2011-06-30,498630.0,4886396.0,678879.0,4.570825659984398,1122481.0,0.2297155203958091,37094694.0,27714057.0,19136423.0,9380637.0,9380637.0,1202638.0,16382076.0,8818553.4,14170389.4,260.15260490002817,2.0399918470355476,0.1550720164991791,0.20756069744678665,0.016847886836894973,260.15260490002817,0.01799195260369133,1.8047152543510596,4.421391312195415,0.3181978517255702,0.0,3.1297156750410347,0.0,0.13172762659802503,1.8460403062180106,0.013442084196731749,-3.492425855953009,0.2297155203958091,0.7057326409556453,1.102561669396966,0.0,2.0835848765581897,0.40401034669948793,0.7057326409556454,0.4391292458169839,-0.5766549183730109,0.02581333770565531,0.8525556849318624,Pharmaceutical Retailers,Healthcare,BIMI
2011Q1,2011,Q1,2011-05-11,2011-03-31,292326.0,2615401.0,471729.0,2.6796846998387567,799482.0,0.30568237910744855,34555333.0,26711829.0,19149916.0,7843504.0,7843504.0,1289599.0,15883446.0,17364922.65,20175071.65,250.74466347507743,2.4415001254541338,0.169875023342996,0.21975612377572498,0.011961057428039447,250.74466347507743,0.010943690901884705,6.639487654092049,14.850648462675233,0.6500836258722681,0.0,1.4081268673440348,0.0,0.07568733312452813,2.213872906802878,0.008459649339799445,-25.930063403132525,0.30568237910744855,-0.41003834510595355,1.0390170263225835,0.0,2.09601291323568,-0.37816214971734713,-0.4100383451059536,-0.3743638917292994,-0.5803481400781692,-0.2407035284125191,0.8277929779021526,Pharmaceutical Retailers,Healthcare,BIMI
2010Q4,2010,Q4,2011-03-25,2010-12-31,495500.0,7268396.0,753999.0,4.5421336753149015,1285676.0,0.1768857943348161,34033845.0,26255909.0,18312158.0,6851379.0,7777936.0,823398.0,15591120.0,26688960.9,28759684.9,246.4649300666479,2.672769671623771,0.08504595939718242,0.11023960358790091,0.020345485916567912,246.4649300666479,0.01887194231210963,3.6719189350717816,13.465671493440968,1.0164935024721482,0.0,7.265890857155349,0.0,0.21356376277790534,2.3784063033149967,0.014559036747096897,-23.616605801469436,0.1768857943348161,-0.7623855165625328,1.0894666825252655,0.0,1.5210797641267986,-0.5487907809395729,-0.760600494163097,-0.7022876891847766,-0.4383917451918144,0.8464794453730191,1.383146632571594,Pharmaceutical Retailers,Healthcare,BIMI
2010Q3,2010,Q3,2010-11-12,2010-09-30,2069762.0,8045358.0,2532643.0,19.11555899121045,2849401.0,0.35416708616322606,30782959.0,25703730.0,15527732.0,4970420.0,5079229.0,1583246.0,13646275.0,34622250.0,35298458.0,241.28161081385525,3.124028150538586,0.03441004485631157,0.0412096999151485,0.0802383389066838,241.28161081385525,0.08052379946412447,4.303382149060365,4.181911978285426,1.3469737660643026,0.0,3.2818380719104927,0.0,0.26135752576612276,2.4904501028082136,0.06723726591715891,74.37999218008154,0.35416708616322606,0.49248694227336953,1.164296814737485,0.0,1.463973893770163,0.40833285555276577,0.5104234853344367,0.3995835472424649,1.897542503871642,2.204844079036107,1.52966658145367,Pharmaceutical Retailers,Healthcare,BIMI
2010Q2,2010,Q2,2010-08-16,2010-06-30,1370319.0,7217969.0,1809569.0,12.807856772330254,2023244.0,0.2803065516075228,28243438.0,23204717.0,14341018.0,4682129.0,5038721.0,1968930.0,11576513.0,33954525.0,35166388.0,217.8355769591829,3.062926715603094,0.048302547303200126,0.058791063903084875,0.058979475401156264,217.8355769591829,0.059053467448019294,4.704166088826372,6.194638803081618,1.4632596036400702,0.0,2.638349255687099,0.0,0.2555626903495247,2.201576889487667,0.048518137204117996,-46.71623155505108,0.2803065516075228,2.7670969249621638,1.136365984701834,0.0,1.4267922183315613,1.9777629291884182,2.7319783323302005,2.5694230754057488,0.29099208452239683,0.4139626141606516,1.4627030165729904,Pharmaceutical Retailers,Healthcare,BIMI
2010Q1,2010,Q1,2010-05-17,2010-03-31,367183.0,2840483.0,506964.0,3.399927590782362,679451.0,0.239202628567043,25450457.0,21738772.0,12059414.0,3194431.0,3711685.0,1220786.0,10206194.0,53262000.0,53630311.0,204.07393638992153,3.775136792749632,0.02766323606684155,0.03238646598805121,0.01864039500209669,204.07393638992153,0.01689069649380379,18.751036355436735,36.26393378778429,2.4500923971234436,0.0,1.7701972335855751,0.0,0.11160832986221034,2.5445711614994972,0.014427363720816487,-418.78897005055785,0.239202628567043,-0.7277201438582181,1.0371915523874458,0.0,1.4269032094780467,-0.6005583767685164,-0.727720143858218,-0.6732182361040207,4.5555388146641125,1.2165534961179967,2.126892474033245,Pharmaceutical Retailers,Healthcare,BIMI
2009Q4,2009,Q4,2010-03-30,2009-12-31,1348550.0,5119040.0,1551384.0,12.48688624623023,1701002.0,0.33228925736075515,26071674.0,20619285.0,14856602.0,4776580.0,5452389.0,638775.0,9839011.0,55925100.0,56135688.0,193.5646896474034,3.1103010940882387,0.01679665831967675,0.02123822431282171,0.06284833716905877,193.5646896474034,0.06540236482496847,10.92491951615928,10.367635608616661,2.7122715457883237,0.0,5.350926382529059,0.0,0.19634489139439223,2.8499392871049998,0.051724718558539814,305.9661235789082,0.33228925736075515,-0.3693011374693608,1.1272908777418922,0.0,1.4829005624710643,-0.37418296204999907,-0.38039520911862706,-0.3774679932826523,-0.09672078783638555,0.0,2.085465095642399,Pharmaceutical Retailers,Healthcare,BIMI
2009Q3,2009,Q3,2009-11-13,2009-09-30,2176468.0,7566421.0,2492055.0,19.798491781208213,2718050.0,0.35922531934186586,25224319.0,19390660.0,15173523.0,5002621.0,5833659.0,807270.0,9022641.0,61140325.0,61930743.0,182.36130573398162,3.033114641305028,0.01685472658350063,0.021925452769529247,0.1032252170548047,182.36130573398162,0.11224311085852673,8.080481511668463,7.022883520456078,3.1530811741322884,0.0,6.005885267630409,0.0,0.2999653231470788,2.707881528502759,0.08628450980183053,957.0821984283523,0.35922531934186586,1.6080491604343148,1.1914837706301296,0.0,1.358920320834557,0.7825861977375081,1.6904885227622508,1.6064849000834642,1.193307176702992,0.0,12.82977754466624,Pharmaceutical Retailers,Healthcare,BIMI
2009Q2,2009,Q2,2009-08-11,2009-06-30,808949.0,5218704.0,956098.0,7.591303140126085,1524779.0,0.2921757969028326,21422825.0,17187698.0,12688330.0,3718594.0,4235127.0,837783.0,6846173.0,33891731.25,33089061.25,161.64942112539617,3.4121310366229816,0.007229065261000825,0.00901033983724871,0.043331278437093126,161.64942112539617,0.04706558144086544,6.494281195101313,10.474001219483553,1.9718598296293082,0.0,4.409166812885914,0.0,0.24360484669972332,2.9402935625669273,0.037761079596178374,10.233060078188783,0.2921757969028326,0.8265161878254322,1.0848553561451781,0.0,1.3913302251439392,1.244097535991711,0.8305616716412506,0.969533046036206,1.1667079020160802,0.0,1.673300458026074,Pharmaceutical Retailers,Healthcare,BIMI
2009Q1,2009,Q1,2009-05-15,2009-03-31,441913.0,2419832.0,485444.0,4.156165267368338,679462.0,0.2807889142717346,19785875.0,16003060.0,14675482.0,3782815.0,3782815.0,2165620.0,6037225.0,8771977.5,7330583.5,150.5079612892304,3.879513536876638,0.0,0.0,0.026626121551277908,150.5079612892304,0.02761428126870736,3.625035746283213,4.962502517463845,0.5481437612556599,0.0,0.8036359102704999,0.0,0.12230098491979759,3.064096446693798,0.02233477164896675,-10.858006934189564,0.2807889142717346,-0.5474998540860514,1.0670626623425112,0.0,1.4505176637125974,-0.4110767107899901,-0.5474998540860514,-0.4061847094801223,1.059095153731821,0.0,1.6578750942556684,Pharmaceutical Retailers,Healthcare,BIMI
2008Q4,2008,Q4,2009-03-30,2008-12-31,976603.0,4071634.0,817500.0,9.184892656716867,1153736.0,0.28335945716142463,18052013.0,15547509.0,13329887.0,2504504.0,2504504.0,1516777.0,5595312.0,3987262.5,1734491.5,146.22352742012848,5.322366025368696,0.0,0.0,0.052577324769672945,146.22352742012848,0.06281411382363566,0.979278220979587,1.0206968696594214,0.2564566774008621,0.0,1.9237488437654315,0.0,0.22555013670774557,4.456079127843277,0.05409939600641768,2.920457383685628,0.28335945716142463,-0.23590219357661615,1.0947251013146237,0.0,1.5373821908612153,-0.06673936009292679,-0.08308452946964405,-0.22606114826964313,1.1766705233336119,0.0,1.309147922819141,Pharmaceutical Retailers,Healthcare,BIMI
2008Q3,2008,Q3,2008-11-13,2008-09-30,1065096.0,4601826.0,1056285.0,12.020571947078135,1236242.0,0.2686416218257709,17448615.0,14605468.0,14298423.0,2843147.0,2843147.0,2175182.0,5018100.0,11297265.0,8392656.0,164.8361059070492,5.029083265831841,0.0,0.0,0.07230986418718441,164.8361059070492,0.0729244691097882,2.4549526644423323,2.6517011142657565,0.7734955839826564,0.0,1.547265470199735,0.0,0.2637358896393783,3.9285474862889607,0.06104186492738822,-6.22179001827336,0.2686416218257709,0.08721273158778714,1.230465808428702,0.0,1.941163775342473,-0.011804071753280751,0.0025536929713672,0.014261119054226244,1.1016497427495244,0.0,1.3169725601285351,Pharmaceutical Retailers,Healthcare,BIMI
2008Q2,2008,Q2,2008-08-13,2008-06-30,1062383.0,4296527.0,1041433.0,11.056320072266862,1251009.0,0.29116749411792364,15089785.0,13493545.0,12497644.0,1596240.0,1596240.0,1437880.0,5747086.0,11530560.0,6769308.0,140.42903380234785,7.829426652633689,0.0,0.0,0.07717979810933852,140.42903380234785,0.07873268292357569,2.683693131685196,2.7133717312871157,0.8545241446928884,0.0,2.1180613124878294,0.0,0.2847308294982334,6.319195108504987,0.07040411775250609,16.304824607918416,0.29116749411792364,0.6908486229526413,1.1022620182999139,0.0,2.1357809975778714,0.655825127064803,0.8336296229814908,0.8099098723336218,1.1172043681751789,0.0,1.2751342076041694,Pharmaceutical Retailers,Healthcare,BIMI
2008Q1,2008,Q1,2008-05-15,2008-03-31,579388.0,2864957.0,575406.0,6.538917749455172,755520.0,0.26371076424532724,13877017.0,12155360.0,11297998.0,1721657.0,1721657.0,1678435.0,6408901.0,6977722.5,3023474.5,137.18438931900775,6.562281569441533,0.0,0.0,0.04733763541351305,137.18438931900775,0.04766522752102776,2.43554178998149,3.010815938542048,0.5740449069381738,0.0,1.256788019792247,0.0,0.2064533753904027,5.008602758853825,0.041751624286401036,-17.928694760697134,0.26371076424532724,-0.2104709473454705,1.1168256700989398,0.0,3.3088995853008245,-0.17674505270108737,-0.2104709473454704,-0.21380593752049493,1.0705530139576296,0.0,1.286976657218352,Pharmaceutical Retailers,Healthcare,BIMI
2007Q4,2007,Q4,2008-03-28,2007-12-31,733840.0,3274050.0,731888.0,8.282048301414914,917723.0,0.2803020723568669,10871423.0,9163629.0,8356628.0,1707794.0,1707794.0,1448386.0,2341893.0,8306812.5,6065911.5,103.41996027357064,4.893229511287661,0.0,0.0,0.07986879433901133,103.41996027357064,0.08008181038320081,2.5371672698950842,2.8299126853265015,0.9064981242693261,0.0,1.6268639713446553,0.0,0.3011611267448613,3.6902887584802384,0.06750174287211527,5.494853956754583,0.2803020723568669,0.23515256276738544,1.0785658542159968,0.0,1.5315716511732402,0.264858301380738,0.26980171893195737,0.2695500733745711,1.0832752495693956,0.0,1.2580096456529117,Pharmaceutical Retailers,Healthcare,BIMI
2007Q3,2007,Q3,2007-11-14,2007-09-30,577917.0,2031016.0,576494.0,6.705283663791953,725554.0,0.3572369690834538,9199824.0,8220680.0,7009046.0,976476.0,976476.0,1670348.0,2010688.0,12928200.0,12278396.0,95.3807954703671,7.177898893572397,0.0,0.0,0.07012728874010422,95.3807954703671,0.0703003887756244,6.365385600113441,5.592585094399369,1.5726436255881509,0.0,0.7815509103492206,0.0,0.2207668320611351,3.2075729459812634,0.0628182669581505,-10.08011414804159,0.3572369690834538,-0.32707762125433115,1.1333158466811444,0.0,0.0,-0.5175520197140636,-0.3101442459199557,-0.30753717296856437,1.0627275390925481,0.0,1.187726807361306,Pharmaceutical Retailers,Healthcare,BIMI
2007Q2,2007,Q2,2007-08-14,2007-06-30,837736.0,4028897.0,832527.0,9.964423647628779,1503901.0,0.37327859213079906,8778714.0,7436581.0,6665576.0,1342133.0,1342133.0,1619523.0,1432771.0,16078961.25,14138703.25,88.45385557789064,4.966404968807115,0.0,0.0,0.11195023627121119,88.45385557789064,0.1126506925696096,3.990908988241695,4.7983377967521985,2.1621443039482795,0.0,1.5590985740863206,0.0,0.4589393161686324,2.702509363826089,0.09542810028894892,16.71917177563252,0.37327859213079906,11.278328832661213,1.1549922145645806,0.0,0.0,5.683083664028512,11.369688192407194,10.521231944555634,1.11113537329688,0.0,1.2141341860500312,Pharmaceutical Retailers,Healthcare,BIMI
2007Q1,2007,Q1,2007-05-15,2007-03-31,-80787.0,1002486.0,-87439.0,-0.9694595113521817,225031.0,0.22447296022089086,6574735.0,5438591.0,4446262.0,1136144.0,1136144.0,2187051.0,595035.0,15937245.0,15901239.0,65.26413622617962,3.9134669548930416,0.0,0.0,-0.016077509781485682,65.26413622617962,-0.014854398869118858,15.8977232599757,-49.31871773924022,2.930399620048649,0.0,0.3554809650072175,0.0,0.15247549901250773,1.7836594657015308,-0.012287491435016012,-19.577265563484175,0.22447296022089086,-1.0691722821107792,0.9884805578295116,28.136719291508665,0.0,0.0,-1.0691722821107792,-1.0549109570717505,0.9843571007079002,0.0,1.1953560856514176,Pharmaceutical Retailers,Healthcare,BIMI
