Quarters,Year,Quarter,FillingDate,Date,NetIncome,Revenue,OperatingIncome,EPSDiluted,GrossProfit,GrossProfitRatio,TotalAssets,CommonStockEquity,CurrentAssets,CurrentLiability,TotalLiability,Inventory,RetainedEarnings,MarketCap,EnterpriseValue,bookValuePerShare,currentRatio,debtToAssets,debtToEquity,roic,shareholdersEquityPerShare,roe,priceToSalesRatio,peRatio,pbRatio,payoutRatio,inventoryTurnover,dividendYield,assetTurnover,quickRatio,returnOnAssets,priceToFreeCashFlowsRatio,grossProfitMargin,epsdilutedGrowth,fiveYNetIncomeGrowthPerShare,fiveYRevenueGrowthPerShare,fiveYShareholdersEquityGrowthPerShare,grossProfitGrowth,netIncomeGrowth,operatingIncomeGrowth,threeYNetIncomeGrowthPerShare,threeYRevenueGrowthPerShare,threeYShareholdersEquityGrowthPerShare,Industry,Sector,Symbol
2023Q1,2023,Q1,2023-04-27,2023-03-31,842000000.0,9301000000.0,947000000.0,5.5,1985000000.0,0.2134179121,44244000000.0,15136000000.0,12810000000.0,10483000000.0,29108000000.0,1115000000.0,15135000000.0,70458472000.0,83522472000.0,99.18741808650066,1.2219784412858914,0.35166350239580507,1.0279466173361522,0.024595860851119804,99.18741808650066,0.055628964059196616,7.57536522954521,20.91997387173397,4.655025898520085,0.32066508313539194,6.561434977578475,0.0038320444984955107,0.21022059488292197,1.0274730516073642,0.019030829038965736,-69.69186152324431,0.2134179120524675,-0.5886312640239342,0.3013991136050454,0.577374798226436,1.2510894495412845,0.08826754385964912,-0.5951923076923077,-0.6318040435458787,0.06603360491873587,0.18577122604932905,0.8355473419892033,Aerospace & Defense,Industrials,NOC
2022Q4,2022,Q4,2023-01-26,2022-12-31,2080000000.0,10033000000.0,2572000000.0,13.37,1824000000.0,0.1818000598,43755000000.0,15312000000.0,12488000000.0,11587000000.0,28443000000.0,978000000.0,15312000000.0,84896916000.0,97020916000.0,98.40616966580977,1.0777595581254855,0.3359844589189807,0.9600966562173459,0.06853015213453971,98.40616966580977,0.13584117032392895,8.461767766370976,10.20395625,5.544469435736677,0.12788461538461537,8.393660531697341,0.00313321157626032,0.2292995086275854,0.8691637179597825,0.04753742429436636,52.43787276096356,0.18180005980265124,1.269949066213922,12.089743219433293,0.6941159819361659,1.43362590419277,0.0033003300330033004,1.273224043715847,1.1221122112211221,6.4810466307565635,0.2399038134173076,0.8712682450341647,Aerospace & Defense,Industrials,NOC
2022Q3,2022,Q3,2022-10-27,2022-09-30,915000000.0,8971000000.0,1212000000.0,5.89,1818000000.0,0.202652993,42733000000.0,13943000000.0,12298000000.0,10812000000.0,28790000000.0,989000000.0,13955000000.0,72711472000.0,85613472000.0,90.1875808538163,1.1374398816130227,0.3409074953782791,1.0448253603958977,0.03368136008331503,90.1875808538163,0.06562432761959407,8.105169100434734,19.866522404371587,5.214908699705946,0.29180327868852457,7.232558139534884,0.0036720477891026603,0.20993143472257975,0.9278579356270811,0.021412023494723046,69.98216746871992,0.20265299297737152,-0.028052805280528042,0.5984536237552271,0.5486950315447566,1.4196329254173417,-0.07197549770290965,-0.03276955602536998,-0.053864168618266976,0.07268836079416642,0.15780459230596042,0.5672304924859044,Aerospace & Defense,Industrials,NOC
2022Q2,2022,Q2,2022-07-28,2022-06-30,946000000.0,8801000000.0,1281000000.0,6.06,1959000000.0,0.2225883422,41914000000.0,13651000000.0,11637000000.0,8976000000.0,28263000000.0,909000000.0,13655000000.0,74369778000.0,87702778000.0,87.84427284427285,1.2964572192513368,0.34599417855609105,1.06233975532928,0.03535282783005451,87.84427284427285,0.0692989524576954,8.450150891944098,19.65374682875264,5.447936268405244,0.2832980972515856,7.526952695269527,0.003603614360661397,0.20997757312592452,1.0881238859180036,0.022570024335544208,-161.6734304347826,0.22258834223383706,-0.006557377049180334,0.9244049950571691,0.5502303984656923,1.589766111053491,0.04591564335290977,-0.009424083769633508,0.0031323414252153485,0.19982750296339144,0.13657441229579356,0.6178829066282943,Aerospace & Defense,Industrials,NOC
2022Q1,2022,Q1,2022-04-28,2022-03-31,955000000.0,8797000000.0,1277000000.0,6.1,1873000000.0,0.2129134932,41903000000.0,13287000000.0,11556000000.0,8850000000.0,28616000000.0,838000000.0,13277000000.0,69766320000.0,82085320000.0,85.17307692307692,1.3057627118644068,0.3458702240889674,1.0907654097990518,0.03620892965259665,85.17307692307692,0.07187476480770678,7.930694554961919,18.263434554973824,5.250720252878754,0.2628272251308901,8.262529832935561,0.0035977245180769174,0.20993723599742262,1.1305084745762712,0.02279073097391595,-95.30918032786886,0.21291349323633058,-0.6390532544378699,0.6720152243589741,0.5728660095821416,1.6787070612007637,0.2076079948420374,-0.6476014760147601,-0.6328349626221966,0.2059155599132424,0.17065262656909988,0.6568741362768139,Aerospace & Defense,Industrials,NOC
2021Q4,2021,Q4,2022-01-27,2021-12-31,2710000000.0,8639000000.0,3478000000.0,16.9,1551000000.0,0.1795346684,42579000000.0,12926000000.0,12426000000.0,9530000000.0,29653000000.0,811000000.0,12913000000.0,61853786000.0,72696786000.0,80.88861076345432,1.3038824763903463,0.33756076939336294,1.1119449172211047,0.09753718953443832,80.88861076345432,0.20965495899736963,7.159831693483042,5.706068819188192,4.7852224972922786,0.0907749077490775,8.739827373612824,0.003977121141784272,0.20289344512553137,1.1006295907660022,0.06364639845933441,87.24088293370944,0.17953466836439402,1.5490196078431373,4.646439001132368,0.4772424417500147,1.6885965319360745,-0.1980351602895553,1.5493885230479774,2.3346116970278046,3.3880954694128693,0.12683000636523956,0.679621818711034,Aerospace & Defense,Industrials,NOC
2021Q3,2021,Q3,2021-10-28,2021-09-30,1063000000.0,8720000000.0,1043000000.0,6.63,1934000000.0,0.22178899082568806,42346000000.0,11417000000.0,12928000000.0,8819000000.0,30929000000.0,872000000.0,11398000000.0,57551970000.0,67643970000.0,71.44555694618273,1.4659258419321919,0.33408114107589854,1.2391171060698958,0.03228902329191303,71.44555694618273,0.09310677060523781,6.599996559633028,13.535270460959548,5.040901287553647,0.2361241768579492,7.782110091743119,0.004361275556683811,0.20592263732111651,1.283478852477605,0.025102725168847116,62.8296615720524,0.22178899082568806,0.03271028037383177,0.9679946694165047,0.5789761572396039,1.2064251243480397,-0.05335291238374939,0.02507232401157184,-0.0009578544061302681,0.012346617712700273,0.17505570893734676,0.3664365005306397,Aerospace & Defense,Industrials,NOC
2021Q2,2021,Q2,2021-07-29,2021-06-30,1037000000.0,9151000000.0,1044000000.0,6.42,2043000000.0,0.22325428914872691,42142000000.0,11172000000.0,12762000000.0,8591000000.0,30970000000.0,863000000.0,11144000000.0,58512230000.0,68730230000.0,69.3913043478261,1.485508089861483,0.33598310474111337,1.2673648406731113,0.031119443141367036,69.3913043478261,0.09282133906194057,6.3940804283684844,14.106130665380906,5.237399749373433,0.2391513982642237,8.23638470451912,0.004238430153832797,0.21714678942622562,1.311721569083925,0.024607280148070808,73.32359649122807,0.22325428914872691,-0.5219657483246463,1.243758184461237,0.7061025879917184,1.1998545877562894,0.17413793103448275,-0.5275626423690205,-0.630049610205528,0.6312821714790542,0.3932181311667928,0.47183452153830713,Aerospace & Defense,Industrials,NOC
2021Q1,2021,Q1,2021-04-29,2021-03-31,2195000000.0,9157000000.0,2822000000.0,13.43,1740000000.0,0.19001856503221579,41423000000.0,10525000000.0,12253000000.0,8367000000.0,30898000000.0,860000000.0,10487000000.0,52785684000.0,63428684000.0,64.53096259963213,1.4644436476634397,0.3418390749100741,1.3453681710213776,0.07887436851252402,64.53096259963213,0.20855106888361044,5.764517199956318,6.012036902050114,5.015266888361045,0.10842824601366742,8.624418604651163,0.00450879825673946,0.22106076334403593,1.2843313015417712,0.05298988484658282,-194.7811217712177,0.19001856503221579,5.788254545454546,3.388373421434526,0.7090012019473275,1.0813847214576242,-0.1674641148325359,5.651515151515151,1.4496527777777777,2.1741943352285595,0.45297800548668005,0.4645503621244637,Aerospace & Defense,Industrials,NOC
2020Q4,2020,Q4,2021-01-28,2020-12-31,330000000.0,10212000000.0,1152000000.0,1.9784172661870503,2090000000.0,0.2046611829220525,44469000000.0,10579000000.0,15344000000.0,9580000000.0,33890000000.0,759000000.0,10482000000.0,50827296000.00001,62266296000.00001,63.42326139088729,1.6016701461377871,0.3675819109941757,1.545136591360242,0.04409318768601234,63.42326139088729,0.031193874657340012,4.977212690951822,38.50552727272728,4.804546365440968,0.7333333333333333,10.700922266139658,0.004761221214679608,0.22964312217499833,1.2054279749478078,0.007420899952776091,50.32405544554456,0.2046611829220525,-0.6641057273027079,-0.2185467312424571,0.9493736938794591,1.082331997495086,0.1358695652173913,-0.665314401622718,0.16954314720812183,0.937292862339342,0.6085578326606125,0.5684838905266252,Aerospace & Defense,Industrials,NOC
2020Q3,2020,Q3,2020-10-22,2020-09-30,986000000.0,9083000000.0,985000000.0,5.89,1840000000.0,0.20257624132995705,44772000000.0,10467000000.0,14552000000.0,10109000000.0,34305000000.0,853000000.0,10394000000.0,52623732000.0,64986732000.0,62.75179856115108,1.4395093481056485,0.3876976681854731,1.6583548294640298,0.028582200600190604,62.75179856115108,0.0942008216298844,5.793650996366839,13.342731237322516,5.02758498137002,0.24543610547667344,8.491207502930832,0.004598685627237536,0.2028723309211114,1.2539321396775152,0.02202269275440007,49.08930223880597,0.20257624132995705,-0.01996672212978371,1.1285157920175488,0.692195064821199,1.0465655911289924,0.007667031763417305,-0.01890547263681592,-0.009054325955734407,0.59650140352834,0.4533419380628484,0.6835612674191464,Aerospace & Defense,Industrials,NOC
2020Q2,2020,Q2,2020-07-30,2020-06-30,1005000000.0,8884000000.0,994000000.0,6.01,1826000000.0,0.2055380459252589,43475000000.0,9712000000.0,13179000000.0,9727000000.0,33763000000.0,832000000.0,9652000000.0,51311736000.0,64528736000.0,58.190533253445174,1.3548884548164901,0.4001150086256469,1.7910831960461284,0.029198277162228045,58.190533253445174,0.10348023064250411,5.775746960828456,12.76411343283582,5.2833336079077435,0.2407960199004975,8.483173076923077,0.004716269977690874,0.20434732604945371,1.1953325794181144,0.023116733755031628,24.812251450676982,0.2055380459252589,0.1669902912621358,1.1750227647395342,0.7315831106464518,0.8086119393956869,0.06039488966318235,0.1578341013824885,0.06423982869379015,0.9035578451038112,0.45702651581902964,0.7155343897155235,Aerospace & Defense,Industrials,NOC
2020Q1,2020,Q1,2020-04-29,2020-03-31,868000000.0,8620000000.0,934000000.0,5.15,1722000000.0,0.19976798143851507,43203000000.0,9062000000.0,13128000000.0,10177000000.0,34141000000.0,785000000.0,9011000000.0,50737635000.0,63548635000.0,54.036970781156825,1.28996757394124,0.372404694118464,1.7754358861178547,0.0291289369518217,54.036970781156825,0.0957845950121386,5.886036542923434,14.613374135944703,5.598944493489297,0.26152073732718895,8.787261146496816,0.004473996472243926,0.19952318126056062,1.1134912056598212,0.020091197370552972,-40.1088023715415,0.19976798143851507,3.111625916870416,1.1142092579724712,0.7058988343113723,0.5831519151503712,-0.18233618233618235,3.122249388753056,-0.17781690140845072,0.41367024448419776,0.43369224736742285,0.6994714812065874,Aerospace & Defense,Industrials,NOC
2019Q4,2019,Q4,2020-01-30,2019-12-31,-409000000.0,8721000000.0,1136000000.0,-2.4388789505068575,2106000000.0,0.24148606811145512,41089000000.0,8819000000.0,10685000000.0,9434000000.0,32270000000.0,783000000.0,8748000000.0,57683769000.00001,69516769000.0,52.58795468097794,1.1326054695781216,0.31078877558470636,1.4480099784556073,0.0356624182276356,52.58795468097794,-0.04637714026533621,6.614352597179224,-35.259027506112474,6.5408514570813026,-0.5427872860635696,8.448275862068966,0.003848569603695625,0.21224658667769963,0.9439262242951029,-0.009954002287716908,28.943185649774215,0.24148606811145512,-1.4442402459939632,-1.9528979614925013,0.6832199303415095,0.4369922101491828,0.21945570353213664,-1.4383708467309753,0.19453207150368035,-1.8120305534259022,0.42101381936915316,0.7479320171581941,Aerospace & Defense,Industrials,NOC
2019Q3,2019,Q3,2019-10-24,2019-09-30,933000000.0,8475000000.0,951000000.0,5.49,1727000000.0,0.20377581120943952,40553000000.0,9731000000.0,10836000000.0,8416000000.0,30822000000.0,810000000.0,9649000000.0,63376989000.0,77379989000.0,57.545830869308105,1.2875475285171103,0.34093655216630087,1.4208200596033296,0.03382915169479748,57.545830869308105,0.09587914911108827,7.478110796460177,16.98204421221865,6.512895796937622,0.2390139335476956,8.330864197530865,0.0035186272418211598,0.2089857717061623,1.0711739543726235,0.023006929203758044,71.85599659863945,0.20377581120943952,0.08498023715415032,1.4052795361089614,0.7270033315729387,0.19942892199043075,-0.0017341040462427746,0.08362369337979095,0.005285412262156448,0.6323206107770077,0.4502135595288479,0.7771653334183759,Aerospace & Defense,Industrials,NOC
2019Q2,2019,Q2,2019-07-24,2019-06-30,861000000.0,8456000000.0,946000000.0,5.06,1730000000.0,0.20458845789971616,39584000000.0,9214000000.0,10159000000.0,8155000000.0,30370000000.0,810000000.0,9120000000.0,54056238000.0,67887238000.0,54.29581614614025,1.2457388105456775,0.3495856911883589,1.5018450184501846,0.03283143461953142,54.29581614614025,0.09344475797699153,6.392648770104068,15.695771777003484,5.86675037985674,0.2601626016260163,8.303703703703704,0.004143832576732402,0.21362166531932095,1.0517473942366646,0.021751212611156024,39.89390258302583,0.20458845789971616,0.0,1.1088948264867091,0.7525588682403503,0.1231429050876693,0.020047169811320754,-0.002317497103128621,0.010683760683760684,0.7674391832668641,0.495703791003732,0.7212949283435767,Aerospace & Defense,Industrials,NOC
2019Q1,2019,Q1,2019-04-24,2019-03-31,863000000.0,8189000000.0,936000000.0,5.06,1696000000.0,0.20710709488338014,39751000000.0,8739000000.0,10443000000.0,8821000000.0,31012000000.0,778000000.0,8628000000.0,46598700000.0,60804700000.0,51.40588235294118,1.183879378755243,0.34874594349827676,1.5863371095090972,0.032962319124452175,51.40588235294118,0.09875271770225426,5.690401758456466,13.49904403244496,5.332269138345349,0.24449594438006952,8.345758354755784,0.00452802331395511,0.20600739604035118,0.9869629293730869,0.021710145656713038,-38.929573934837094,0.20710709488338014,0.30928462709284615,0.8964431575739102,0.7816857447493362,0.05204772002471159,0.016177351707609346,0.3135464231354642,0.011891891891891892,0.6553311468472279,0.4663075297278078,0.6580477620687128,Aerospace & Defense,Industrials,NOC
2018Q4,2018,Q4,2019-01-31,2018-12-31,657000000.0,8156000000.0,925000000.0,3.864705882352941,1669000000.0,0.20463462481608632,37653000000.0,8187000000.0,9680000000.0,8274000000.0,29466000000.0,654000000.0,8068000000.0,41633000000.0,53937000000.0,48.15882352941176,1.169929900894368,0.3687090006108411,1.6957371442530842,0.03507802331319859,48.15882352941176,0.08024917552216929,5.104585581167239,15.842085235920852,5.085257114938317,0.3120243531202435,9.918960244648318,0.004923978574688348,0.21660956630281783,0.9732898235436307,0.017448808859851804,21.751828631138977,0.20463462481608632,-0.40906637884511604,0.7488198375584542,0.6854491778845696,-0.019138085742771795,-0.16340852130325814,-0.4256993006993007,-0.21477079796264856,0.5265167243367934,0.5275964379429327,0.5811652853825339,Aerospace & Defense,Industrials,NOC
2018Q3,2018,Q3,2018-10-24,2018-09-30,1144000000.0,8085000000.0,1178000000.0,6.54,1995000000.0,0.24675324675324675,37943000000.0,9103000000.0,10132000000.0,8039000000.0,28840000000.0,719000000.0,14464000000.0,55450850000.0,68111850000.0,52.28604250430787,1.2603557656424929,0.3660490736104156,1.52576073821817,0.04738325207066505,52.28604250430787,0.1256728551027134,6.858484848484848,12.117755681818181,6.091491815884873,0.18269230769230768,8.47009735744089,0.003769103629610727,0.2130827820678386,1.0610772484139819,0.030150488891231585,104.62424528301887,0.24675324675324675,0.6641221374045801,2.017077768159792,0.7355618422609712,0.2752965903680052,0.2772087067861716,0.660377358490566,0.4313487241798299,1.3660464225763507,0.4431065881648377,0.7052390200632618,Aerospace & Defense,Industrials,NOC
2018Q2,2018,Q2,2018-07-25,2018-06-30,689000000.0,7119000000.0,823000000.0,3.93,1562000000.0,0.21941283888186544,37378000000.0,8227000000.0,9722000000.0,7833000000.0,29151000000.0,690000000.0,13669000000.0,53693650000.0,66541650000.0,47.146131805157594,1.241159198263756,0.38490555941997967,1.748754102345934,0.029534796241901914,47.146131805157594,0.0837486325513553,7.542302289647423,19.482456458635703,6.526516348608241,0.3033381712626996,8.053623188405798,0.0038924528319456775,0.19045962865856922,1.1012383505681094,0.018433303012467227,79.42847633136094,0.21941283888186544,-0.06650831353919236,0.8933017051059232,0.5167453790074322,0.15423674852551547,-0.0019169329073482429,-0.06765899864682003,-0.03629976580796253,0.4261915939542087,0.3271337374082958,0.4653424210386041,Aerospace & Defense,Industrials,NOC
2018Q1,2018,Q1,2018-04-25,2018-03-31,739000000.0,6735000000.0,854000000.0,4.21,1565000000.0,0.2323682256867112,34795000000.0,7680000000.0,16157000000.0,6415000000.0,27115000000.0,435000000.0,13205000000.0,60851616000.0,64874616000.0,44.06196213425129,2.5186282151208106,0.4136226469320305,1.8739583333333334,0.032827851985506994,44.06196213425129,0.09622395833333333,9.035132293986637,20.585797023004062,7.9233875000000005,0.2679296346414073,11.885057471264368,0.0032538166283044975,0.1935622934329645,2.412938425565082,0.021238683718925132,-112.27235424354244,0.2323682256867112,3.122488764044944,1.0496781164975413,0.49648772961157484,0.10003673550924111,0.1075725406935598,3.151685393258427,0.11342894393741851,0.7318423635510162,0.2823875178885281,0.2909084045556432,Aerospace & Defense,Industrials,NOC
2017Q4,2017,Q4,2018-01-29,2017-12-31,178000000.0,6634000000.0,767000000.0,1.02122776821572,1413000000.0,0.21299366897799216,34917000000.0,7048000000.0,16349000000.0,6965000000.0,27869000000.0,780000000.0,11548000000.0,53494413000.00001,56668413000.00001,40.436029833620196,2.347307968413496,0.4123779247930807,2.0429909194097617,0.009306635669542516,40.436029833620196,0.02525539160045403,8.063673952366598,75.13260252808989,7.59001319523269,0.9775280898876404,6.693589743589744,0.003252676125261903,0.18999341295071168,2.182483847810481,0.005097803362259071,40.25162753950339,0.21299366897799216,-0.7224924542892065,-0.5470577028026338,0.38937254355815576,0.00473801268318425,-0.06485771012574454,-0.724031007751938,-0.09230769230769231,-0.6009946051852809,0.23192911979097994,0.10493477513568937,Aerospace & Defense,Industrials,NOC
2017Q3,2017,Q3,2017-10-25,2017-09-30,645000000.0,6527000000.0,845000000.0,3.68,1511000000.0,0.23149992339512793,26513000000.0,6493000000.0,7599000000.0,6300000000.0,20020000000.0,1007000000.0,11546000000.0,50120824000.00001,54469824000.00001,37.27324913892078,1.2061904761904763,0.23486591483423228,0.9590328045587556,0.05458328325922365,37.27324913892078,0.09933774834437085,7.678998621112304,19.42667596899225,7.719208994301556,0.26976744186046514,4.981132075471698,0.003471610921640075,0.2461811186964885,0.9987301587301587,0.02432768830385094,69.51570596393898,0.23149992339512793,0.16825396825396835,0.9941018887463138,0.4772241113168058,-0.1583130367094896,-0.006574621959237344,0.16847826086956522,-0.011695906432748537,0.6141321365201964,0.29110789890530886,-0.223112910902106,Aerospace & Defense,Industrials,NOC
2017Q2,2017,Q2,2017-07-26,2017-06-30,552000000.0,6375000000.0,855000000.0,3.15,1521000000.0,0.23858823529411766,25813000000.0,5919000000.0,6864000000.0,6186000000.0,19894000000.0,1039000000.0,11087000000.0,44795895000.0,49631895000.0,33.919770773638966,1.1096023278370515,0.2409251152520048,1.05068423720223,0.04818196686065635,33.919770773638966,0.0932589964521034,7.02680705882353,20.287995923913044,7.568152559553979,0.3170289855072464,4.6717998075072185,0.003906607960394585,0.24696858172238795,0.9154542515357258,0.02138457366443265,154.46860344827587,0.23858823529411766,-0.1322314049586777,0.652836676217765,0.46038638562019274,-0.2060589351349834,0.007952286282306162,-0.1375,0.027644230769230768,0.3148531728898334,0.28491453119195154,-0.29834833343193257,Aerospace & Defense,Industrials,NOC
2017Q1,2017,Q1,2017-04-26,2017-03-31,640000000.0,6267000000.0,832000000.0,3.63,1509000000.0,0.2407850646242221,25413000000.0,5558000000.0,6568000000.0,5168000000.0,19855000000.0,933000000.0,10824000000.0,41574432000.0,47231432000.0,31.79633867276888,1.2708978328173375,0.2778105693936174,1.2702410939186757,0.054592537775866715,31.79633867276888,0.11514933429291112,6.633865007180469,16.2400125,7.480106513134221,0.259375,5.09967845659164,0.003992838675462842,0.24660606776059496,1.0594040247678018,0.025183960964860506,-63.47241526717557,0.2407850646242221,0.20861714285714275,0.831387198017384,0.46405987980178154,-0.23653796432237903,0.021665538253215978,0.21904761904761905,0.0012033694344163659,0.36778079463131813,0.3260729675032166,-0.3492716382893454,Aerospace & Defense,Industrials,NOC
2016Q4,2016,Q4,2017-01-30,2016-12-31,525000000.0,6397000000.0,831000000.0,3.0034324942791764,1477000000.0,0.23088947944348914,25614000000.0,5259000000.0,6856000000.0,5630000000.0,20355000000.0,816000000.0,10630000000.0,40654984000.0,45171984000.0,30.085812356979407,1.2177619893428064,0.2755524322636058,1.3420802433922798,0.04735368576711722,30.085812356979407,0.09982886480319453,6.355320306393622,19.35951619047619,7.730554097737213,0.30095238095238097,6.029411764705882,0.003886362370724337,0.24974623252908565,1.0373001776198933,0.020496603420004686,33.35109433962264,0.23088947944348914,-0.10345298678233544,0.38716927792346617,0.42368204741126125,-0.26328182008983286,-0.00739247311827957,-0.12790697674418605,0.006053268765133172,0.3590846203192171,0.28564862081409825,-0.38723529069541945,Aerospace & Defense,Industrials,NOC
2016Q3,2016,Q3,2016-10-26,2016-09-30,602000000.0,6155000000.0,826000000.0,3.35,1488000000.0,0.24175467099918765,24100000000.0,5767000000.0,5771000000.0,5106000000.0,18333000000.0,797000000.0,10628000000.0,38104495000.0,43388495000.0,32.38068500842223,1.1302389345867607,0.2650207468879668,1.1075082365181204,0.053202368477533554,32.38068500842223,0.10438702965146524,6.190819658813973,15.824125830564782,6.607333969134732,0.26578073089701,5.855708908406524,0.004198979674182797,0.2553941908713693,0.9326282804543674,0.024979253112033195,63.40182196339434,0.24175467099918765,0.17543859649122806,0.7869153025525851,0.43683213581010566,-0.25517108954771384,0.05010585744530699,0.1644100580270793,0.03638644918444166,0.5520003795936768,0.29158495624649533,-0.21021031221441283,Aerospace & Defense,Industrials,NOC
2016Q2,2016,Q2,2016-07-27,2016-06-30,517000000.0,6000000000.0,797000000.0,2.85,1417000000.0,0.23616666666666666,24081000000.0,5681000000.0,5781000000.0,5099000000.0,18400000000.0,973000000.0,10634000000.0,40032628000.0,45280628000.0,31.543586896168794,1.1337517160227495,0.2652298492587517,1.1242738954409435,0.04677251283820905,31.543586896168794,0.09100510473508185,6.672104666666667,19.358137330754353,7.046757261045591,0.3152804642166344,4.710174717368962,0.004071678731658586,0.24915908807773762,0.9064522455383408,0.02146920808936506,92.88312761020882,0.23616666666666666,-0.05940594059405931,0.5600755990261821,0.4351782884847171,-0.26625914422114566,0.015770609318996417,-0.07014388489208633,0.07848443843031123,0.37648938203730165,0.23858739636755127,-0.2277464601691256,Aerospace & Defense,Industrials,NOC
2016Q1,2016,Q1,2016-04-27,2016-03-31,556000000.0,5956000000.0,739000000.0,3.03,1395000000.0,0.2342175957018133,23933000000.0,5621000000.0,5706000000.0,4955000000.0,18312000000.0,898000000.0,10664000000.0,35879270000.0,40989270000.0,31.003861003861005,1.151564076690212,0.2668700121171604,1.1362746842198896,0.050617635580224626,31.003861003861005,0.0989147838462907,6.02405473472129,16.132765287769782,6.38307596513076,0.28597122302158273,5.079064587973274,0.004431528289176452,0.24886140475494087,0.9329969727547931,0.023231521330380644,-100.22142458100559,0.2342175957018133,0.19681699346405213,0.6884430059632217,0.4235379861414059,-0.28635113663117134,0.06003039513677812,0.2113289760348584,0.07256894049346879,0.48257134059062207,0.27230089372010363,-0.2259676057331565,Aerospace & Defense,Industrials,NOC
2015Q4,2015,Q4,2016-02-01,2015-12-31,459000000.0,5694000000.0,689000000.0,2.531715388858246,1316000000.0,0.23112047769582017,24454000000.0,5522000000.0,6334000000.0,5457000000.0,18932000000.0,807000000.0,10661000000.0,34231253000.0,38328253000.0,30.45780474351903,1.1607110133773135,0.2623701643902838,1.1618978630930823,0.04265880964694399,30.45780474351903,0.08312205722564288,6.011811204776958,18.64447331154684,6.1990679101774715,0.3159041394335512,5.425030978934324,0.004235895192034016,0.23284534227529238,0.9455744914788345,0.018769935388893433,22.88185360962567,0.23112047769582017,-0.07937622223336502,0.9647727406086072,0.06476347097768204,-0.34442816079082,-0.0967741935483871,-0.11046511627906977,-0.13224181360201512,0.1228846490170533,0.14646365365504166,-0.24319686342569904,Aerospace & Defense,Industrials,NOC
2015Q3,2015,Q3,2015-10-28,2015-09-30,516000000.0,5979000000.0,794000000.0,2.75,1457000000.0,0.24368623515638066,23966000000.0,5697000000.0,5951000000.0,5133000000.0,18269000000.0,856000000.0,10613000000.0,30833509999.999996,35958510000.0,30.66200215285253,1.159360997467368,0.2677543186180422,1.1263823064770933,0.04639328301574004,30.66200215285253,0.09057398630858346,5.156967720354574,14.938716085271318,5.412236264700719,0.28875968992248063,5.2827102803738315,0.004832404744059305,0.24947842777267795,0.8883693746347165,0.021530501543853792,67.76595604395604,0.24368623515638066,0.003649635036496272,0.6400447897286842,0.08386051126418186,-0.31792499379549666,0.0020632737276478678,-0.02824858757062147,-0.023370233702337023,0.495683741742122,0.2687141083945797,-0.30760510348176257,Aerospace & Defense,Industrials,NOC
2015Q2,2015,Q2,2015-07-29,2015-06-30,531000000.0,5896000000.0,813000000.0,2.74,1454000000.0,0.2466078697421981,24552000000.0,6171000000.0,6460000000.0,5154000000.0,18381000000.0,856000000.0,11164000000.0,30425234000.0,34935234000.0,32.174139728884256,1.253395421032208,0.26136363636363635,1.039863879436072,0.04659620186927509,32.174139728884256,0.08604764219737482,5.160317842605156,14.324498116760829,4.93035715443202,0.288135593220339,5.1892523364485985,0.005028720567933841,0.24014336917562723,0.9813736903376019,0.021627565982404694,59.54057534246575,0.2466078697421981,0.13692946058091288,0.16658967014690948,0.04348631531589648,-0.25293557600761657,0.02756183745583039,0.09710743801652892,0.04230769230769231,0.4465458811261731,0.22883023870298422,-0.2469179426967642,Aerospace & Defense,Industrials,NOC
2015Q1,2015,Q1,2015-04-29,2015-03-31,484000000.0,5957000000.0,780000000.0,2.41,1415000000.0,0.23753567231828102,25266000000.0,6748000000.0,7143000000.0,5284000000.0,18518000000.0,818000000.0,11843000000.0,31821792000.0,35593792000.0,34.13252402630248,1.3518168054504163,0.25401725639198924,0.9510966212211025,0.04072991037520887,34.13252402630248,0.07172495554238292,5.34191572939399,16.436876033057853,4.715736810906936,0.32231404958677684,5.552567237163815,0.00490230091378889,0.23577139238502334,1.0933005299015897,0.019156178263278714,-41.27340077821012,0.23753567231828102,-0.058385375494071134,0.5790330808562866,0.058627467913525806,-0.18314173117432764,-0.027491408934707903,-0.043478260869565216,0.023622047244094488,0.22456070902333355,0.23044301170462567,-0.1804438069388904,Aerospace & Defense,Industrials,NOC
2014Q4,2014,Q4,2015-02-02,2014-12-31,506000000.0,6108000000.0,762000000.0,2.5594334850784017,1455000000.0,0.2382121807465619,26572000000.0,7235000000.0,8184000000.0,5892000000.0,19337000000.0,742000000.0,12392000000.0,29139002999.999996,31201002999.999996,36.59585230146687,1.3890020366598779,0.22297907571880174,0.8189357290946786,0.041795697852394974,36.59585230146687,0.06993780234968901,4.770629174852652,14.39674061264822,4.027505597788528,0.2766798418972332,6.27088948787062,0.004804556971286904,0.22986602438657233,1.1318737270875763,0.019042601234382055,24.002473640856667,0.2382121807465619,0.13249269251256723,0.8746455913709842,0.2056020395539415,-0.12743396222954775,0.07857672349888807,0.06976744186046512,-0.009102730819245773,0.18210331217763398,0.20190583968947537,-0.10386898050490861,Aerospace & Defense,Industrials,NOC
2014Q3,2014,Q3,2014-10-22,2014-09-30,473000000.0,5984000000.0,769000000.0,2.26,1349000000.0,0.22543449197860962,25043000000.0,9893000000.0,8122000000.0,5511000000.0,15150000000.0,671000000.0,12568000000.0,27168912000.0,29692912000.0,47.97769156159069,1.4737797133006714,0.23663299125504134,0.5990094005862732,0.03313210156757105,47.97769156159069,0.047811583948246236,4.54025935828877,14.359890063424947,2.746276357020115,0.3023255813953488,6.907600596125186,0.005263368661947156,0.2389490077067444,1.2039557249138086,0.01888751347681987,32.971980582524274,0.22543449197860962,-0.046413502109704775,0.48447415823749485,0.05459074889740539,0.22405068743908654,-0.04326241134751773,-0.07436399217221135,-0.06219512195121951,0.21267346862642691,0.2065485966496563,0.10359529832493347,Aerospace & Defense,Industrials,NOC
2014Q2,2014,Q2,2014-07-23,2014-06-30,511000000.0,6039000000.0,820000000.0,2.37,1410000000.0,0.23348236462990563,25351000000.0,10268000000.0,8390000000.0,5414000000.0,15083000000.0,741000000.0,12945000000.0,25409412000.0,27860412000.0,48.34274952919021,1.5496859992611747,0.23379748333399078,0.5772302298402805,0.03422409751523675,48.34274952919021,0.049766264121542655,4.207552906110283,12.431219178082191,2.474621347876899,0.2896281800391389,6.246963562753036,0.005824613336192117,0.23821545501163663,1.2478758773550056,0.0201569957792592,55.722394736842105,0.23348236462990563,-0.09885931558935354,0.9661925110174271,0.02212453852019914,0.27708305426197766,0.01658255227108868,-0.11744386873920552,-0.029585798816568046,0.307480443285528,0.2248385179826375,0.12450909679390507,Aerospace & Defense,Industrials,NOC
2014Q1,2014,Q1,2014-04-23,2014-03-31,579000000.0,5848000000.0,845000000.0,2.63,1387000000.0,0.2371751025991792,25535000000.0,10569000000.0,8604000000.0,5271000000.0,14966000000.0,781000000.0,12983000000.0,26687094000.0,28729094000.0,48.8626907073509,1.6323278315310188,0.23211278637164676,0.5607909925253098,0.037734107181199614,48.8626907073509,0.0547828555208629,4.563456566347469,11.522924870466321,2.5250349134260572,0.22797927461139897,5.71190781049936,0.00494621107865847,0.22901899353828079,1.350597609561753,0.022674760133150576,-57.764272727272726,0.2371751025991792,0.1901025104602509,1.2495070756482891,0.062288399302962476,0.32480829329294253,0.0436418359668924,0.2112970711297071,0.10026041666666667,0.47377594012508845,0.17155591219391494,0.12472455221306243,Aerospace & Defense,Industrials,NOC
2013Q4,2013,Q4,2014-02-03,2013-12-31,478000000.0,6157000000.0,768000000.0,2.209893666204346,1329000000.0,0.21585187591359428,26381000000.0,10620000000.0,9488000000.0,5815000000.0,15761000000.0,698000000.0,12538000000.0,24790143000.0,25568143000.0,49.09847434119279,1.6316423043852106,0.22470717561881656,0.5581920903954802,0.031377922833203245,49.09847434119279,0.045009416195856876,4.0263347409452654,12.965555962343094,2.3342884180790957,0.2803347280334728,6.916905444126074,0.005405374224747312,0.23338766536522498,1.34737747205503,0.018119100868048976,24.351810412573673,0.21585187591359428,0.03266059168427378,1.285201042037979,0.016521682565069515,0.3465009448100606,-0.011895910780669145,-0.03822937625754527,-0.027848101265822784,0.7150185420170962,-0.03495821359695994,0.056792418142661054,Aerospace & Defense,Industrials,NOC
2013Q3,2013,Q3,2013-10-23,2013-09-30,497000000.0,6106000000.0,790000000.0,2.14,1345000000.0,0.22027513920733705,27405000000.0,9356000000.0,9591000000.0,5762000000.0,18049000000.0,784000000.0,12196000000.0,21738332000.0,22722332000.0,40.99912357581069,1.6645262061784103,0.21631089217296115,0.6336041043180847,0.03567910523713978,40.99912357581069,0.05312099187687046,3.560159187684245,10.934774647887325,2.3234643009833262,0.2796780684104628,6.072704081632653,0.006394234847457477,0.22280605728881592,1.3792086081221797,0.018135376756066413,25.27713023255814,0.22027513920733705,0.043902439024390394,0.4215994056748466,0.06696890979042472,-0.21984244724500743,-0.030979827089337175,0.018442622950819672,-0.019851116625310174,0.2861524978089395,-0.09877815565510847,-0.08797614298162516,Aerospace & Defense,Industrials,NOC
2013Q2,2013,Q2,2013-07-24,2013-06-30,488000000.0,6294000000.0,806000000.0,2.05,1388000000.0,0.22052748649507467,27508000000.0,9558000000.0,9564000000.0,5639000000.0,17950000000.0,745000000.0,11838000000.0,19503900000.0,20528900000.0,40.84615384615385,1.6960453981202341,0.21553729824051185,0.6203180581711655,0.03507914497527244,40.84615384615385,0.051056706423938066,3.0988083889418494,9.991752049180327,2.040583804143126,0.29098360655737704,6.585234899328859,0.007280595163018678,0.22880616547913335,1.4236566767157297,0.017740293732732296,69.65678571428572,0.22052748649507467,0.009852216748768483,0.42823102823102827,0.056818587068934806,-0.22483087085897357,0.053910402429764616,-0.002044989775051125,0.061923583662714096,-0.12122807650233798,-0.08696218050398874,-0.051576556435891464,Aerospace & Defense,Industrials,NOC
2013Q1,2013,Q1,2013-04-24,2013-03-31,489000000.0,6104000000.0,759000000.0,2.03,1317000000.0,0.21576015727391873,25914000000.0,9469000000.0,7846000000.0,5555000000.0,16445000000.0,930000000.0,11496000000.0,16524360000.000002,17278360000.0,40.054991539763115,1.4124212421242124,0.1519256000617427,0.4157778012461717,0.0388840440386411,40.054991539763115,0.051642200865983735,2.7071363040629097,8.448036809815951,1.7451008554229592,0.2658486707566462,5.147311827956989,0.007867173070545545,0.23554835224203133,1.122052205220522,0.018870108821486455,-423.7015384615385,0.21576015727391873,-0.09963977485928713,1.6546108291032147,0.13257817723298113,-0.22898522051748518,-0.15631005765534914,-0.0825515947467167,-0.07888349514563107,0.33417845507776556,-0.09282874554633871,-0.04140546354601728,Aerospace & Defense,Industrials,NOC
2012Q4,2012,Q4,2013-02-05,2012-12-31,533000000.0,6476000000.0,824000000.0,2.254653130287648,1561000000.0,0.2410438542310068,26543000000.0,9514000000.0,8392000000.0,6056000000.0,17029000000.0,798000000.0,11138000000.0,15975912000.0,16043912000.0,40.24534686971235,1.3857331571994715,0.14806163583619034,0.41307546773176373,0.04150985196440068,40.24534686971235,0.05602270338448602,2.4669413218035823,7.493392120075047,1.679200336346437,0.25140712945590993,6.159147869674185,0.00838762757331162,0.2439814640394831,1.1096433289299867,0.020080623893305203,17.327453362255966,0.2410438542310068,0.23882040125694942,0.6825473139679628,0.051809938438929,-0.22908783177143982,0.19342507645259938,0.16122004357298475,0.11956521739130435,0.6514105857433741,0.06898345320851645,-0.04041795317348583,Aerospace & Defense,Industrials,NOC
2012Q3,2012,Q3,2012-10-24,2012-09-30,459000000.0,6270000000.0,736000000.0,1.82,1308000000.0,0.20861244019138755,25262000000.0,10947000000.0,7902000000.0,5690000000.0,14315000000.0,627000000.0,10739000000.0,16705776000.0,17111776000.0,44.28398058252427,1.3887521968365553,0.15560921542237352,0.3590938156572577,0.03267090320215934,44.28398058252427,0.04192929569745136,2.664398086124402,9.099006535947712,1.5260597423951767,0.2962962962962963,7.913875598086125,0.00814089689697743,0.24819887578180666,1.1420035149384886,0.01816958277254374,22.33392513368984,0.20861244019138755,-0.03191489361702119,0.2917833105009232,0.08840303018427981,-0.10137726250076008,-0.033973412112259974,-0.04375,-0.04909560723514212,0.20161234396671296,-0.07827767257320492,0.12981335929828997,Aerospace & Defense,Industrials,NOC
2012Q2,2012,Q2,2012-07-25,2012-06-30,480000000.0,6274000000.0,774000000.0,1.88,1354000000.0,0.21581128466687918,25226000000.0,10715000000.0,7700000000.0,5608000000.0,14511000000.0,704000000.0,10419000000.0,15998532000.0,16782532000.0,42.72328548644338,1.3730385164051355,0.15587092682153333,0.366962202519832,0.034889850267209935,42.72328548644338,0.04479701353243117,2.5499732228243546,8.33256875,1.4930967802146524,0.2875,6.988636363636363,0.00862579141636245,0.24871164671370807,1.1175106990014265,0.01902798699754222,19.39216,0.21581128466687918,-0.04081632653061228,0.4283336800499273,0.08310950676085993,-0.12592944532204936,-0.002210759027266028,-0.05138339920948617,-0.02763819095477387,0.5641318339688631,-0.10068822527763785,0.12863220335013267,Aerospace & Defense,Industrials,NOC
2012Q1,2012,Q1,2012-04-25,2012-03-31,506000000.0,6198000000.0,796000000.0,1.96,1357000000.0,0.21894159406260083,25053000000.0,10541000000.0,7360000000.0,5594000000.0,14512000000.0,804000000.0,10077000000.0,15459348000.0,16710348000.0,41.64757013038325,1.315695387915624,0.156987187163214,0.3731145052651551,0.036808932345756995,41.64757013038325,0.04800303576510768,2.4942478218780253,7.638017786561265,1.4665921639313158,0.2509881422924901,6.0211442786069655,0.008215094194140658,0.2473955214944318,1.0570253843403647,0.020197181974214665,-83.11477419354839,0.21894159406260083,-0.09475182481751834,0.7837910682727971,0.15139234279251026,-0.1201109908210146,-0.05501392757660167,-0.07664233576642336,-0.0037546933667083854,0.6800557406920256,-0.037831751663981894,0.12918559140932934,Aerospace & Defense,Industrials,NOC
2011Q4,2011,Q4,2012-02-08,2011-12-31,548000000.0,6506000000.0,799000000.0,2.1651521137890164,1436000000.0,0.22071933599754073,25411000000.0,10336000000.0,7746000000.0,6135000000.0,15075000000.0,873000000.0,9699000000.0,14801288000.0,15747288000.0,40.837613591465825,1.2625916870415648,0.1553657864704262,0.38196594427244585,0.03934167752304189,40.837613591465825,0.05301857585139319,2.2750212111896713,6.752412408759123,1.4320131578947368,0.2354014598540146,5.8075601374570445,0.008715457735840287,0.256030852780292,0.9724531377343113,0.021565463775530282,12.792815903197926,0.22071933599754073,0.16406027623065392,0.6503907834246078,0.10659824164649583,-0.1512953371571984,0.015558698727015558,0.05384615384615385,-0.03151515151515152,1.2794268559011566,-0.08203541542595222,0.11995099690018267,Aerospace & Defense,Industrials,NOC
2011Q3,2011,Q3,2011-10-26,2011-09-30,520000000.0,6612000000.0,825000000.0,1.86,1414000000.0,0.21385359951603145,25100000000.0,11951000000.0,7686000000.0,5721000000.0,13149000000.0,884000000.0,9401000000.0,14341533000.0,15370533000.0,43.47399054201528,1.3434714210802308,0.15836653386454183,0.3326081499456112,0.03567825697160626,43.47399054201528,0.04351100326332524,2.1690158802177857,6.894967788461539,1.2000278637770898,0.26346153846153847,5.880090497737557,0.009552674738467638,0.2634262948207171,1.0966614228281768,0.020717131474103586,17.073253571428573,0.21385359951603145,0.027624309392265217,1.1590512142886396,0.11541185408125368,-0.13528652395656854,0.012168933428775949,0.0,-0.019024970273483946,0.23471034921789746,-0.04088935769030837,-0.17274909530595528,Aerospace & Defense,Industrials,NOC
2011Q2,2011,Q2,2011-07-27,2011-06-30,520000000.0,6560000000.0,841000000.0,1.81,1397000000.0,0.21295731707317073,25377000000.0,12149000000.0,7814000000.0,5795000000.0,13228000000.0,902000000.0,9018000000.0,19598310000.0,20767310000.0,42.990092002830856,1.3484037963761863,0.15679552350553652,0.3275166680385217,0.034410628676174365,42.990092002830856,0.04280187669767059,2.987547256097561,9.422264423076923,1.613162400197547,0.2692307692307692,5.723946784922394,0.007143473085179284,0.25850179296213105,1.0843830888697152,0.02049099578358356,-154.31740157480314,0.21295731707317073,0.011173184357541908,0.4720452937013446,0.05055644613379642,-0.1324303854878673,0.01305293691080493,-0.018867924528301886,0.036991368680641186,0.2601599862746359,-0.08794454828844418,-0.184143694286533,Aerospace & Defense,Industrials,NOC
2011Q1,2011,Q1,2011-04-27,2011-03-31,530000000.0,6734000000.0,811000000.0,1.79,1379000000.0,0.2047817047817048,26790000000.0,12677000000.0,9071000000.0,6161000000.0,14113000000.0,859000000.0,8637000000.0,18298778000.0,18257778000.0,43.44413982179575,1.472325921116702,0.148488241881299,0.3137966395834977,0.031863148531148584,43.44413982179575,0.041807998737871735,2.7173712503712504,8.631499056603774,1.4434628066577266,0.25849056603773585,6.233993015133876,0.007486838738630525,0.25136244867487867,1.2306443759130012,0.019783501306457632,-75.30361316872428,0.2047817047817048,0.38915425531914905,0.7417321116093136,0.10279630997830828,-0.10257096089882169,-0.13973799126637554,0.4095744680851064,0.02918781725888325,1.3309344299748684,0.012252740095317188,-0.16374782275868416,Aerospace & Defense,Industrials,NOC
2010Q4,2010,Q4,2011-02-09,2010-12-31,376000000.0,8607000000.0,788000000.0,1.2885538039753255,1603000000.0,0.18624375508307192,31421000000.0,13557000000.0,9904000000.0,8386000000.0,17864000000.0,1185000000.0,8245000000.0,18902804000.0,20030804000.0,46.45990404386566,1.1810159790126402,0.15368702460138123,0.3561997492070517,0.031049845876281422,46.45990404386566,0.027734749575864866,2.1962128500058093,12.568353723404256,1.3943205723980232,0.36436170212765956,5.910548523206751,0.007247601995979009,0.27392508195156107,0.9251132840448366,0.011966519206899845,18.641818540433924,0.18624375508307192,-0.22841089582315835,0.3364366190475204,0.2883022722873034,-0.05219366185767274,0.05045871559633028,-0.24346076458752516,-0.016229712858926344,-0.038409628222818834,0.1325161858399765,-0.1100460513336526,Aerospace & Defense,Industrials,NOC
2010Q3,2010,Q3,2010-10-27,2010-09-30,497000000.0,8714000000.0,801000000.0,1.67,1526000000.0,0.17512049575395916,30176000000.0,13194000000.0,9003000000.0,7763000000.0,16982000000.0,1193000000.0,8005000000.0,17794905000.0,19475905000.0,44.95400340715503,1.1597320623470309,0.13948170731707318,0.31900864029104137,0.03017021656153395,44.95400340715503,0.037668637259360316,2.0421052329584577,8.951159456740443,1.3487119145065938,0.2776659959758551,6.025146689019279,0.0077550287568267425,0.2887725344644751,0.8630684013912148,0.01647004241781548,21.780789473684212,0.17512049575395916,-0.2863247863247863,1.0586123692518794,0.4203008052069162,-0.05524715242028318,0.026917900403768506,-0.3009845288326301,0.11871508379888268,0.17807715220367681,0.27403135889100716,-0.08778097470240737,Aerospace & Defense,Industrials,NOC
2010Q2,2010,Q2,2010-07-29,2010-06-30,711000000.0,8826000000.0,716000000.0,2.34,1486000000.0,0.16836619079990936,29694000000.0,12903000000.0,8384000000.0,7666000000.0,16791000000.0,1148000000.0,7646000000.0,16310224000.0,18477224000.0,43.06742323097463,1.093660318288547,0.14181316090792753,0.3263582112686972,0.046624095178817465,43.06742323097463,0.05510346431062543,1.8479746204396101,5.734959212376934,1.2640644811284196,0.19831223628691982,6.393728222996516,0.008644884337578687,0.29723176399272583,0.8092877641534046,0.023944231157809658,31.67033786407767,0.16836619079990936,0.5294117647058822,1.318199925059025,0.32644455355193497,-0.08413386948010403,-0.03065883887801696,0.5159914712153518,-0.06405228758169934,0.7711027747141116,0.27549129700996206,-0.11888877263447017,Aerospace & Defense,Industrials,NOC
2010Q1,2010,Q1,2010-04-28,2010-03-31,469000000.0,8610000000.0,765000000.0,1.53,1533000000.0,0.17804878048780487,29762000000.0,12640000000.0,8369000000.0,7488000000.0,17122000000.0,1289000000.0,7077000000.0,19834924999.999996,22088924999.999996,41.78512396694215,1.1176549145299146,0.14162354680465022,0.3334651898734177,0.030301809209116175,41.78512396694215,0.03710443037974684,2.303707897793263,10.572987739872067,1.5692187499999997,0.27505330490405117,5.490302560124127,0.006503679746709404,0.2892950742557624,0.8223824786324786,0.015758349573281365,-29.648617339312402,0.17804878048780487,0.12064164648910408,0.36732041463759624,0.37750376186637363,-0.09602985576224832,0.11816192560175055,0.13559322033898305,0.47115384615384615,0.38335319367031834,0.3382636525684655,-0.11720488829019055,Aerospace & Defense,Industrials,NOC
2009Q4,2009,Q4,2010-02-09,2009-12-31,413000000.0,7752000000.0,520000000.0,1.3652892561983472,1371000000.0,0.17685758513931887,30252000000.0,12687000000.0,8635000000.0,6985000000.0,17565000000.0,1170000000.0,6737000000.0,16894625000.0,17913625000.0,41.9404958677686,1.236220472440945,0.14194102869231787,0.33845668794829353,0.020170881522315224,41.9404958677686,0.03255300701505478,2.179389189886481,10.2267705811138,1.3316485378734138,0.324455205811138,5.453846153846154,0.007931516680601079,0.2562475208250694,0.9547602004294917,0.013651989951077614,24.032183499288763,0.17685758513931887,-0.10765408091611298,0.8105140982012642,0.17811103410065254,-0.09413551739496213,-0.036542515811665496,-0.15714285714285714,-0.20610687022900764,0.04069399594986588,0.10320557297424843,-0.12837476839359038,Aerospace & Defense,Industrials,NOC
2009Q3,2009,Q3,2009-10-21,2009-09-30,490000000.0,8726000000.0,655000000.0,1.53,1423000000.0,0.1630758652303461,30845000000.0,12429000000.0,8084000000.0,7270000000.0,18416000000.0,1243000000.0,6457000000.0,16409925000.0,19198925000.0,39.195837275307476,1.1119669876203577,0.15279623926082023,0.3791938209027275,0.030013530246404796,39.195837275307476,0.03942392791053182,1.880578157231263,8.372410714285715,1.3202932657494568,0.27755102040816326,5.875301689460981,0.008287667372032475,0.2828983627816502,0.8081155433287482,0.01588588101799319,42.7341796875,0.1630758652303461,0.26446280991735543,0.9872075849254369,0.328024805319264,-0.12741118473783083,-0.002803083391730904,0.2436548223350254,0.0030627871362940277,0.7637384325248892,0.27613352253960677,-0.2203805476746401,Aerospace & Defense,Industrials,NOC
2009Q2,2009,Q2,2009-07-23,2009-06-30,394000000.0,8957000000.0,653000000.0,1.21,1427000000.0,0.15931673551412304,30148000000.0,12189000000.0,7256000000.0,7243000000.0,17959000000.0,1099000000.0,6104000000.0,14708960000.0,17520960000.0,37.85403726708075,1.0017948363937594,0.12830038476847552,0.31733530232176554,0.026884300183950383,37.85403726708075,0.03232422676183444,1.6421748353243273,9.333096446700507,1.2067405037328738,0.350253807106599,6.851683348498635,0.009382036527395545,0.297100968555128,0.7327074416678172,0.01306886028923975,21.758816568047337,0.15931673551412304,0.03418803418803422,0.49219815361617003,0.357099634011223,-0.14949907939348278,0.01638176638176638,0.012853470437017995,-0.0030534351145038168,-0.021118012422360267,0.2589092151163504,-0.23607950135657768,Aerospace & Defense,Industrials,NOC
2009Q1,2009,Q1,2009-04-22,2009-03-31,389000000.0,8320000000.0,655000000.0,1.17,1404000000.0,0.16875,30142000000.0,12057000000.0,7252000000.0,7509000000.0,18085000000.0,1178000000.0,5846000000.0,14265916000.0,17324916000.0,36.882838788620376,0.9657744040484751,0.13074779377612633,0.3268640623704072,0.026994370058969232,36.882838788620376,0.03226341544331094,1.7146533653846154,9.1683264781491,1.183206104337729,0.33676092544987146,5.870967741935484,0.009182726156525805,0.2760268064494725,0.7055533359968038,0.012905580253466923,-40.52817045454545,0.16875,1.1509960521121199,0.8532700077003408,0.2943040943553295,-0.15989993626020846,-0.23194748358862144,1.1535728385313857,1.304368029739777,0.14110460376894166,0.21623048670067246,-0.2381082763022218,Aerospace & Defense,Industrials,NOC
2008Q4,2008,Q4,2009-02-10,2008-12-31,-2533000000.0,9154000000.0,-2152000000.0,-7.748546956255736,1828000000.0,0.1996941227878523,30197000000.0,11920000000.0,7189000000.0,7424000000.0,18277000000.0,1003000000.0,5590000000.0,14723576000.0,17163576000.0,36.463750382379935,0.9683459051724138,0.13060900089412855,0.3308724832214765,-0.15235435658366264,36.463750382379935,-0.2125,1.6084308499016824,-1.4531756810106593,1.2351993288590604,-0.051322542439794706,7.304087736789631,0.008829376776402689,0.3031426962943339,0.728448275862069,-0.08388250488459119,18.40447,0.1996941227878523,-6.131488050500488,-13.498682974260369,0.4262537684959989,-0.16534163521308087,0.17480719794344474,-5.947265625,-3.7911802853437093,-9.036483897530497,0.22305854129742203,-0.25612042392019063,Aerospace & Defense,Industrials,NOC
2008Q3,2008,Q3,2008-10-22,2008-09-30,512000000.0,8381000000.0,771000000.0,1.51,1556000000.0,0.18565803603388617,33254000000.0,17563000000.0,7009000000.0,6812000000.0,15691000000.0,1147000000.0,8253000000.0,20232468000.0,23160468000.0,52.55236385397965,1.0289195537287141,0.11860227341071751,0.2245630017650743,0.02459169251858951,52.55236385397965,0.029152194955303763,2.4140875790478464,9.879134765625,1.1519938507088767,0.26171875,5.950305143853531,0.006623018012434271,0.2520298309977747,0.7300352319436288,0.015396644012750345,16.776507462686567,0.18565803603388617,0.048611111111111154,2.047381156818359,0.386685899332833,0.30286291204745325,-0.029320024953212728,0.03434343434343434,-0.043424317617866005,0.8624722479233173,0.19966580042574233,0.10443990824163965,Aerospace & Defense,Industrials,NOC
2008Q2,2008,Q2,2008-07-29,2008-06-30,495000000.0,8628000000.0,806000000.0,1.44,1603000000.0,0.18579044969865555,33467000000.0,17863000000.0,7094000000.0,6591000000.0,15604000000.0,1089000000.0,7877000000.0,22679100000.000004,26039100000.000004,52.693215339233035,1.0763161887422243,0.1177577912570592,0.22062363544757319,0.02416025761806067,52.693215339233035,0.02771091082125063,2.6285465924895695,11.45409090909091,1.2696131668812631,0.2727272727272727,6.450872359963269,0.00595261716734791,0.25780619714943076,0.7443483538158094,0.014790689335763588,44.643897637795284,0.18579044969865555,0.894736842105263,1.6059529462551265,0.40510376563562034,0.314133589912188,0.3336106489184692,0.875,0.7370689655172413,0.4263581780039065,0.1459810204666857,0.12056695332275737,Aerospace & Defense,Industrials,NOC
2008Q1,2008,Q1,2008-04-24,2008-03-31,264000000.0,7724000000.0,464000000.0,0.76,1202000000.0,0.15561885033661316,33375000000.0,17601000000.0,6949000000.0,6737000000.0,15774000000.0,1132000000.0,7518000000.0,26362028000.0,30030028000.0,51.951003541912634,1.0314680124684579,0.1227565543071161,0.2327708652917448,0.013750887094029825,51.951003541912634,0.014999147775694563,3.413002071465562,24.964041666666667,1.497757400147719,0.4772727272727273,5.761484098939929,0.0047796019335083016,0.2314307116104869,0.7105536588986195,0.007910112359550562,1647.62675,0.15561885033661316,-0.4328458149779736,0.125404240028746,0.4201209942151579,0.3076322032248313,-0.2679658952496955,-0.4185022026431718,-0.3894736842105263,-0.3127996697678849,0.10335148671145163,0.12389653796964473,Aerospace & Defense,Industrials,NOC
2007Q4,2007,Q4,2008-02-20,2007-12-31,454000000.0,8824000000.0,760000000.0,1.3400236127508856,1642000000.0,0.18608340888485947,33373000000.0,17687000000.0,6772000000.0,6432000000.0,15686000000.0,1045000000.0,7387000000.0,26643232000.0,29735232000.0,52.20484061393152,1.052860696517413,0.12150540856380906,0.22926443150336406,0.022853521246497324,52.20484061393152,0.02566857013625827,3.0194052583862194,14.671383259911893,1.5063737208118957,0.2775330396475771,6.872727272727273,0.004729155982277225,0.2644053576244269,0.7425373134328358,0.013603811464357414,55.50673333333334,0.18608340888485947,-0.04962864343908821,1.1859135182998821,0.9703505980185823,0.33191235583930867,0.02753441802252816,-0.07157464212678936,-0.058240396530359353,0.7770092541148692,0.19734674057664364,0.12756203649371856,Aerospace & Defense,Industrials,NOC
2007Q3,2007,Q3,2007-10-24,2007-09-30,489000000.0,7928000000.0,807000000.0,1.41,1598000000.0,0.2015640766902119,32223000000.0,16765000000.0,6454000000.0,6200000000.0,15458000000.0,1102000000.0,7063000000.0,27127548000.0,30451548000.0,49.2798353909465,1.040967741935484,0.12528318281972503,0.2407992842230838,0.026004418442875706,49.2798353909465,0.02916790933492395,3.4217391523713423,13.868889570552147,1.6181060542797494,0.25357873210633947,5.7441016333938295,0.004570999192407659,0.24603544052384943,0.7062903225806452,0.015175495763895354,28.199114345114346,0.2015640766902119,0.07633587786259531,6.50934445341225,0.25058204406408796,0.4858855967078189,0.01913265306122449,0.06304347826086956,0.0846774193548387,0.848493586083514,0.12464783769679373,0.09708163339045289,Aerospace & Defense,Industrials,NOC
2007Q2,2007,Q2,2007-07-24,2007-06-30,460000000.0,7929000000.0,744000000.0,1.31,1568000000.0,0.19775507630218186,32028000000.0,16780000000.0,6261000000.0,6122000000.0,15248000000.0,1157000000.0,6703000000.0,26732771000.0,30259771000.0,48.878531896300615,1.0227049983665468,0.12638940926689146,0.24123957091775924,0.025202034542928877,48.878531896300615,0.027413587604290822,3.3715186025980577,14.52867989130435,1.5931329558998808,0.2891304347826087,5.497839239412273,0.004975166996343177,0.24756463094792058,0.68703038222803,0.014362432871237667,48.51682577132486,0.19775507630218186,0.19090909090909086,0.6615205359743664,0.18571415318907353,0.3750819095433961,0.12320916905444126,0.18863049095607234,0.09251101321585903,0.6340681923701658,0.12680728284583867,0.098198220770775,Aerospace & Defense,Industrials,NOC
2007Q1,2007,Q1,2007-04-24,2007-03-31,387000000.0,7344000000.0,681000000.0,1.1,1396000000.0,0.1900871459694989,32045000000.0,16344000000.0,6209000000.0,6538000000.0,15701000000.0,1195000000.0,6374000000.0,25628166000.0,29658166000.0,47.33275412684622,0.949678800856531,0.13705726322359182,0.2687224669603524,0.021541754943502824,47.33275412684622,0.0236784140969163,3.4896740196078433,16.555662790697674,1.5680473568281939,0.31266149870801035,4.977405857740586,0.004721367888751774,0.22917771883289126,0.6287855613337412,0.012076767046341082,120.88757547169811,0.1900871459694989,-0.16152317880794703,0.674076233680663,0.15847012940289412,0.34127549764080656,-0.022408963585434174,-0.1456953642384106,0.09485530546623794,0.7454941729830133,0.08159335180190892,0.07812335126470873,Aerospace & Defense,Industrials,NOC
