Quarters,Year,Quarter,FillingDate,Date,NetIncome,Revenue,OperatingIncome,EPSDiluted,GrossProfit,GrossProfitRatio,TotalAssets,CommonStockEquity,CurrentAssets,CurrentLiability,TotalLiability,Inventory,RetainedEarnings,MarketCap,EnterpriseValue,bookValuePerShare,currentRatio,debtToAssets,debtToEquity,roic,shareholdersEquityPerShare,roe,priceToSalesRatio,peRatio,pbRatio,payoutRatio,inventoryTurnover,dividendYield,assetTurnover,quickRatio,returnOnAssets,priceToFreeCashFlowsRatio,grossProfitMargin,epsdilutedGrowth,fiveYNetIncomeGrowthPerShare,fiveYRevenueGrowthPerShare,fiveYShareholdersEquityGrowthPerShare,grossProfitGrowth,netIncomeGrowth,operatingIncomeGrowth,threeYNetIncomeGrowthPerShare,threeYRevenueGrowthPerShare,threeYShareholdersEquityGrowthPerShare,Industry,Sector,Symbol
2023Q1,2023,Q1,2023-05-04,2023-03-31,-12270000.0,48345000.0,-11196000.0,-0.18,41309000.0,0.8544627159,442862000.0,-504304000.0,231500000.0,36587000.0,52767000.0,23425000.0,-504304000.0,750528259.72,675525259.72,-7.229988970734289,6.327384043512723,0.01267889319923588,-0.011134157175037279,0.029753218039330787,-7.229988970734289,0.024330562517846377,15.524423616092667,-15.29193683211084,-1.4882457004505218,0.0,0.30036286019210245,0.0,0.10916493173945833,5.327520704075218,-0.027706147739024797,-174.9075413003962,0.854462715896163,-4.0,0.6426447524288379,0.0,-2.1423940277664686,-0.13311088726601192,-3.750504371217216,-2.8514966098892014,0.6316364083906391,0.0,-2.9432282253240576,Biotechnology,Healthcare,KNSA
2022Q4,2022,Q4,2023-03-02,2022-12-31,4461000.0,61884000.0,6047000.0,0.06,47652000.0,0.7700213302,459672000.0,-492034000.0,243060000.0,47066000.0,63523000.0,21599000.0,-492034000.0,1042747943.1600001,925951943.1600001,-7.06850525896366,5.164237453788298,0.012876572860648462,-0.012029656487153326,-0.008211718691211371,-7.06850525896366,-0.009066446627672071,16.85004109559822,58.436894371217214,-2.1192599356142057,0.0,0.6589193944164081,0.0,0.13462642928000834,4.481451578634259,0.009704745992794863,-90.3281309043659,0.7700213302307544,-0.9811320754716981,1.0636275449843076,0.0,-1.5582201574666192,-0.4558721096203254,-0.9800930863525411,-0.8697132268976364,1.1106250534213529,0.0,-2.7210928713967157,Biotechnology,Healthcare,KNSA
2022Q3,2022,Q3,2022-11-03,2022-09-30,224093000.0,99135000.0,46413000.0,3.18,87575000.0,0.883391335,459953000.0,-496495000.0,241815000.0,56492000.0,75945000.0,14621000.0,-496495000.0,891674711.64,722622711.64,-7.149463494680566,4.28051759541174,0.01458627294527919,-0.013512724196618295,-0.4606905713356926,-7.149463494680566,-0.45134996324232873,8.994549973672266,0.994759666343884,-1.7959389553570528,0.0,0.7906435948293551,0.0,0.2155328914041217,3.750672661615804,0.48720847564859887,14.374662856313778,0.8833913350481667,11.965517241379311,7.536148956777895,0.0,0.0,2.991022193865925,12.215304539312347,3.3963754646840147,7.539127089504281,0.0,-2.5561624340008433,Biotechnology,Healthcare,KNSA
2022Q2,2022,Q2,2022-08-04,2022-06-30,-19981000.0,26972000.0,-19368000.0,-0.29,21943000.0,0.8135473825,210576000.0,-720588000.0,179938000.0,43544000.0,57082000.0,19916000.0,-720588000.0,671419828.68,581726828.68,-10.399600103749501,4.132325923204116,0.021911328926373375,-0.006403104131625839,0.02823862472167962,-10.399600103749501,0.027728743748161224,24.893216249443867,-8.400728550623091,-0.9317665971123582,0.0,0.2525105442860012,0.0,0.12808677152192083,3.353297813705677,-0.09488735658384621,-84.5723426980728,0.8135473824707103,0.19444444444444448,0.1642930699140573,0.0,0.0,-0.21548087236324634,0.20741769139230465,0.16700356973893596,0.5776135168839801,0.0,-3.0586095264897635,Biotechnology,Healthcare,KNSA
2022Q1,2022,Q1,2022-05-05,2022-03-31,-25210000.0,32189000.0,-23251000.0,-0.36,27970000.0,0.8689303799,230965000.0,-700607000.0,198757000.0,50354000.0,64721000.0,13223000.0,-700607000.0,687220795.9399999,629303795.9399999,-10.133618803654505,3.947193867418676,0.023410473448357977,-0.007717593458244065,0.03649383101536567,-10.133618803654505,0.03598308324067558,21.34955406940259,-6.814962276279254,-0.9808934194776815,0.0,0.31906526506844135,0.0,0.1393674366245968,3.475731818723438,-0.10915073712467258,-18.65116419529935,0.8689303799434589,0.3207547169811321,-1.396015308898916,0.0,0.0,0.8799569834655195,0.3061404233066358,0.356480584539592,0.7132661876754982,0.0,-2.711148148098446,Biotechnology,Healthcare,KNSA
2021Q4,2021,Q4,2022-02-24,2021-12-31,-36333000.0,18745000.0,-36131000.0,-0.53,14878000.0,0.793704988,232800000.0,185037000.0,196446000.0,44824000.0,47763000.0,3675000.0,-675397000.0,811785492.1,695365492.1,2.682833718013424,4.382607531679457,0.025987972508591067,0.0326961634700087,-0.18469691562829746,2.682833718013424,-0.1963553235298886,43.306774718591626,-5.585731236754465,4.387152256575712,0.0,1.0522448979591836,0.0,0.08051975945017183,4.153712296983759,-0.15606958762886597,-42.42411769532271,0.7937049879967991,-0.2045454545454546,0.4769816718802991,0.0,1.970966144199956,0.5949828473413379,-0.18952985856469357,-0.17817197639156096,0.4004791949110531,0.0,-0.5344700612848243,Biotechnology,Healthcare,KNSA
2021Q3,2021,Q3,2021-11-04,2021-09-30,-30544000.0,12095000.0,-30667000.0,-0.44,9328000.0,0.7712277801,252859000.0,214048000.0,217512000.0,34427000.0,38811000.0,5606000.0,-639064000.0,782067845.47,598629845.47,3.1173851912231845,6.318064309989253,0.026674945325260324,0.031511623561070415,-0.1342588084537151,3.1173851912231845,-0.1426969651666916,64.66042542124845,-6.401157718946438,3.6537031201879957,0.0,0.4935783089546914,0.0,0.0478329820176462,5.908356812966567,-0.12079459303406247,-27.38332792261905,0.771227780074411,0.2786885245901639,0.09896786245095966,0.0,0.0,0.7808323787705231,0.2651156076317879,0.2438170385895697,0.12177406866620766,0.0,-0.5290054264328272,Biotechnology,Healthcare,KNSA
2021Q2,2021,Q2,2021-08-05,2021-06-30,-41563000.0,7704000.0,-40555000.0,-0.61,5238000.0,0.6799065421,279208000.0,235785000.0,244810000.0,38782000.0,43423000.0,6381000.0,-608520000.0,952752142.79,790935142.79,3.4473656919645963,6.312464545407663,0.02197644766625598,0.02602370803910342,-0.16757902433993602,3.4473656919645963,-0.1762749962889921,123.66980046599168,-5.7307710150253826,4.040766557626651,0.0,0.38645980253878703,0.0,0.02759233259791983,5.889768449280594,-0.14886034784103608,-24.528915678646825,0.6799065420560748,0.15277777777777776,-0.7611049551223437,0.0,0.0,0.0,0.16007194244604317,0.17709960838422986,0.3764692182716786,0.0,-0.7903405701005932,Biotechnology,Healthcare,KNSA
2021Q1,2021,Q1,2021-05-06,2021-03-31,-49484000.0,0.0,-49283000.0,-0.72,0.0,0.0,311158000.0,270696000.0,275564000.0,35453000.0,40462000.0,2189000.0,-566957000.0,1263668185.8600001,1150386185.8600001,3.9651096831167,7.7726567568329905,0.021127530065111616,0.024285545408871945,-0.17436704089902483,3.9651096831167,-0.1828028489523303,0.0,-6.384226143096759,4.66821890925614,0.0,0.0,0.0,0.0,7.447183595182354,-0.15903174592972058,-20.999537786825314,0.0,0.08860759493670893,-3.7628271085617793,0.0,0.0,0.0,0.077771772555305,0.0683390676396083,-0.47247708318131343,0.0,-0.3734820841681773,Biotechnology,Healthcare,KNSA
2020Q4,2020,Q4,2021-02-25,2020-12-31,-53657000.0,0.0,-52898000.0,-0.79,0.0,0.0,349464000.0,311935000.0,333249000.0,31846000.0,37529000.0,0.0,-517473000.0,1202655663.69,1095602663.69,4.583100230940883,10.46439113232431,0.01998775267266442,0.022392485613990095,-0.1647334275903927,4.583100230940883,-0.17201340022761152,0.0,-5.603442531682726,3.855468811419046,0.0,0.0,0.0,0.0,10.157696413992339,-0.15354085113201932,-29.158116270426223,0.0,-0.19696969696969696,0.2172877914423782,0.0,2.658707034222659,0.0,-0.22403960215348115,-0.22398074876208987,0.2172877914423782,0.0,2.658707034222659,Biotechnology,Healthcare,KNSA
2020Q3,2020,Q3,2020-11-05,2020-09-30,-43836000.0,0.0,-43218000.0,-0.66,0.0,0.0,384413000.0,358509000.0,378413000.0,24892000.0,25904000.0,0.0,-463816000.0,1010484419.16,926157419.16,5.435371170359768,15.202193475815523,0.0040243175959189725,0.004315093902802998,-0.12136447179423601,5.435371170359768,-0.12227308101051856,0.0,-5.762868527922255,2.8185747614704235,0.0,0.0,0.0,0.0,14.639040655632332,-0.11403360448267878,-29.437872725048067,0.0,-0.015384615384615398,-0.34615521742825106,0.0,0.0,0.0,-0.1699271397688756,-0.35649717514124296,-0.34615521742825106,0.0,0.0,Biotechnology,Healthcare,KNSA
2020Q2,2020,Q2,2020-08-04,2020-06-30,-37469000.0,0.0,-31860000.0,-0.65,0.0,0.0,271441000.0,250416000.0,264493000.0,20552000.0,21025000.0,0.0,-419980000.0,1475651395.4,1354014395.4,4.3239207443506205,12.869453094589334,0.006701272099645964,0.007263912849019232,-0.14872611140044611,4.3239207443506205,-0.14962702063765893,0.0,-9.845815176545946,5.892799962462463,0.0,0.0,0.0,0.0,12.280945893343713,-0.1380373635523005,-50.49450435943061,0.0,-0.35416666666666674,-0.8749725886245222,0.0,0.0,0.0,-0.4182595859040842,-0.0841528567053459,-0.8749725886245222,0.0,0.0,Biotechnology,Healthcare,KNSA
2020Q1,2020,Q1,2020-05-04,2020-03-31,-26419000.0,0.0,-29387000.0,-0.48,0.0,0.0,226108000.0,205834000.0,213055000.0,19342000.0,20274000.0,0.0,-382511000.0,856395241.2,752299241.2,3.7206072228230407,11.0151483817599,0.009906770216002971,0.010882555845972969,-0.12908262323941205,3.7206072228230407,-0.1283510012923035,0.0,-8.103971017071048,4.160611177939504,0.0,0.0,0.0,0.0,10.557646572226243,-0.11684239390026005,-26.74647057059871,0.0,0.17241379310344826,-2.1379046123461656,0.0,0.0,0.0,0.1691354530301601,0.09803259568460146,-2.1379046123461656,0.0,0.0,Biotechnology,Healthcare,KNSA
2019Q4,2019,Q4,2020-03-05,2019-12-31,-31797000.0,0.0,-32581000.0,-0.58,0.0,0.0,254534000.0,225423000.0,241627000.0,27830000.0,29111000.0,0.0,-356092000.0,607057840.34,562781840.34,4.106986541189592,8.682249371182177,0.010419040285384271,0.01176454931395643,-0.14276366182209843,4.106986541189592,-0.141054816944145,0.0,-4.772917573513225,2.6929720584856027,0.0,0.0,0.0,0.0,8.38591448077614,-0.12492240722261073,-23.200253777421082,0.0,-0.18367346938775503,0.4248360293037737,0.0,2.4863928611769515,0.0,-0.17514228693916772,-0.07012415424029429,0.4248360293037737,0.0,2.4863928611769515,Biotechnology,Healthcare,KNSA
2019Q3,2019,Q3,2019-11-05,2019-09-30,-27058000.0,0.0,-30446000.0,-0.49,0.0,0.0,281805000.0,251911000.0,268340000.0,27560000.0,29894000.0,0.0,-324295000.0,466614431.08,400806431.08,4.594291276071693,9.736574746008708,0.010649207785525453,0.01191293750570638,-0.10991503243533877,4.594291276071693,-0.10741095069290345,0.0,-4.31124280323749,1.8522987526547072,0.0,0.0,0.0,0.0,9.388425253991292,-0.09601674917052572,-15.707221566634127,0.0,0.2794117647058824,0.00045543276428525024,0.0,0.0,0.0,0.27245839047081283,0.2250757209397032,0.00045543276428525024,0.0,0.0,Biotechnology,Healthcare,KNSA
2019Q2,2019,Q2,2019-08-13,2019-06-30,-37191000.0,0.0,-39289000.0,-0.68,0.0,0.0,308137000.0,275197000.0,296458000.0,30178000.0,32940000.0,0.0,-297237000.0,727247604.6,647752604.6,5.05175943758619,9.823646364901585,0.010758201708980097,0.01204591619821437,-0.13802025967967504,5.05175943758619,-0.13514318833417516,0.0,-4.88859942324756,2.64264365018514,0.0,0.0,0.0,0.0,9.52505136191928,-0.12069631365269344,-17.788943901961744,0.0,0.4645669291338582,-0.9785361593978688,0.0,0.0,0.0,0.43496756354354993,0.4192055819178973,-0.9785361593978688,0.0,0.0,Biotechnology,Healthcare,KNSA
2019Q1,2019,Q1,2019-05-07,2019-03-31,-65821000.0,0.0,-67647000.0,-1.27,0.0,0.0,346159000.0,306519000.0,334956000.0,36892000.0,39640000.0,0.0,-260046000.0,925956935.1700001,846950935.1700001,5.922116571213153,9.079366800390329,0.010466288613036206,0.011819821935997442,-0.21554199129582252,5.922116571213153,-0.21473709623220746,0.0,-3.516951030712083,3.020879407703927,0.0,0.0,0.0,0.0,8.851051718529762,-0.19014672448210215,-14.285711081506395,0.0,-0.4431818181818182,-7.356235664970347,0.0,0.0,0.0,-0.5458196336308125,-0.5327291265435595,-7.356235664970347,0.0,0.0,Biotechnology,Healthcare,KNSA
2018Q4,2018,Q4,2019-03-12,2018-12-31,-42580000.0,0.0,-44135000.0,-0.88,0.0,0.0,321965000.0,279267000.0,313750000.0,42554000.0,42698000.0,0.0,-194225000.0,1361210276.28,1289234276.28,5.762967093841105,7.372984913286648,0.0,0.0,-0.15867970233907275,5.762967093841105,-0.1524705747546255,0.0,-7.992075365664631,4.874225297940681,0.0,0.0,0.0,0.0,7.221506791370964,-0.1322503998881866,-43.00278878751501,0.0,-0.7254901960784313,0.12760604189190042,0.0,3.085722234921652,0.0,-0.7446529541915923,-0.6871822317366871,0.12760604189190042,0.0,3.085722234921652,Biotechnology,Healthcare,KNSA
2018Q3,2018,Q3,2018-11-06,2018-09-30,-24406000.0,0.0,-26159000.0,-0.51,0.0,0.0,347101000.0,318913000.0,341528000.0,28021000.0,28188000.0,0.0,-151645000.0,1152547502.0800002,1082884502.0800002,6.618728465623365,12.188287355911637,0.0,0.0,-0.08158758138788709,6.618728465623365,-0.07652870845653831,0.0,-11.80598522986151,3.6139872067930754,0.0,0.0,0.0,0.0,12.057492594839585,-0.07031382796361865,-53.736828705706834,0.0,0.4742268041237113,-0.025968495579049244,0.0,0.0,0.0,-0.2046991460585419,-0.21517164491104196,-0.025968495579049244,0.0,0.0,Biotechnology,Healthcare,KNSA
2018Q2,2018,Q2,2018-08-06,2018-06-30,-20259000.0,0.0,-21527000.0,-0.97,0.0,0.0,365129000.0,341799000.0,363869000.0,23144000.0,23330000.0,0.0,-127239000.0,360659446.8,75141446.80000001,16.442693245987645,15.721958174904943,0.0,0.0,-0.062359679164336844,16.442693245987645,-0.0592716772138011,0.0,-4.45060771508959,1.055179935576172,0.0,0.0,0.0,0.0,15.519789146215002,-0.05548449999863062,-19.86775997355809,0.0,-0.9795918367346939,-1.8244074017338168,0.0,0.0,0.0,-0.2676135652609185,-0.3174418604651163,-1.8244074017338168,0.0,0.0,Biotechnology,Healthcare,KNSA
2018Q1,2018,Q1,2018-03-31,2018-03-31,-15982000.0,0.0,-16340000.0,-0.49,0.0,0.0,224775000.0,205477000.0,222453000.0,19268000.0,19298000.0,0.0,-106980000.0,632131535.9699999,411023535.9699999,6.3288049438335,11.545204484118747,0.0,0.0,-0.0792594397072891,6.3288049438335,-0.07777999484127177,0.0,-9.888179451414091,3.07641018688223,0.0,0.0,0.0,0.0,11.475399626323437,-0.07110221332443555,-42.0104695932744,0.0,0.5148514851485149,-2.2345679012345676,0.0,0.0,0.0,0.5112687685391885,0.5004738467182294,-2.2345679012345676,0.0,0.0,Biotechnology,Healthcare,KNSA
2017Q4,2017,Q4,2017-12-31,2017-12-31,-32701000.0,0.0,-32711000.0,-1.01,0.0,0.0,47492000.0,-89708000.0,47104000.0,17430000.0,137200000.0,0.0,-90998000.0,632131535.9699999,586576535.9699999,-2.76305588412044,2.702467010900746,0.0,0.0,0.36601531801722587,-2.76305588412044,0.3645271324742498,0.0,-4.832662120195101,-7.046545859566593,0.0,0.0,0.0,0.0,2.6135972461273664,-0.6885580729386002,-27.033808149937986,0.0,-1.0612244897959184,0.0,0.0,0.0,0.0,-1.0401147919396094,-1.013108498984553,0.0,0.0,0.0,Biotechnology,Healthcare,KNSA
2017Q3,2017,Q3,2017-09-30,2017-09-30,-16029000.0,0.0,-16249000.0,-0.49,0.0,0.0,,,,,,,,632131535.9699999,,,0.0,0.0,0.0,0.0,,0.0,0.0,-9.85918547585626,0.0,0.0,0.0,0.0,0.0,0.0,0.0,-57.618406341263324,0.0,-0.4000000000000001,0.0,0.0,0.0,0.0,-0.4307774703204499,-0.42635182584269665,0.0,0.0,0.0,Biotechnology,Healthcare,KNSA
2017Q2,2017,Q2,2017-06-30,2017-06-30,-11203000.0,0.0,-11392000.0,-0.35,0.0,0.0,,,,,,,,632131535.9699999,,,0.0,0.0,0.0,0.0,,0.0,0.0,-14.10630045456574,0.0,0.0,0.0,0.0,0.0,0.0,0.0,-61.74968603790172,0.0,-1.3333333333333333,0.0,0.0,0.0,0.0,-1.2673547864804695,-1.2567353407290016,0.0,0.0,0.0,Biotechnology,Healthcare,KNSA
2017Q1,2017,Q1,2017-03-31,2017-03-31,-4941000.0,0.0,-5048000.0,-0.15,0.0,0.0,,,,,,,,632131535.9699999,,,0.0,0.0,0.0,0.0,,0.0,0.0,-31.983987855191256,0.0,0.0,0.0,0.0,0.0,0.0,0.0,-110.9586687677725,0.0,0.0,0.0,0.0,0.0,0.0,0.0,0.0,0.0,0.0,0.0,Biotechnology,Healthcare,KNSA
