Quarters,Year,Quarter,FillingDate,Date,NetIncome,Revenue,OperatingIncome,EPSDiluted,GrossProfit,GrossProfitRatio,TotalAssets,CommonStockEquity,CurrentAssets,CurrentLiability,TotalLiability,Inventory,RetainedEarnings,MarketCap,EnterpriseValue,bookValuePerShare,currentRatio,debtToAssets,debtToEquity,roic,shareholdersEquityPerShare,roe,priceToSalesRatio,peRatio,pbRatio,payoutRatio,inventoryTurnover,dividendYield,assetTurnover,quickRatio,returnOnAssets,priceToFreeCashFlowsRatio,grossProfitMargin,epsdilutedGrowth,fiveYNetIncomeGrowthPerShare,fiveYRevenueGrowthPerShare,fiveYShareholdersEquityGrowthPerShare,grossProfitGrowth,netIncomeGrowth,operatingIncomeGrowth,threeYNetIncomeGrowthPerShare,threeYRevenueGrowthPerShare,threeYShareholdersEquityGrowthPerShare,Industry,Sector,Symbol
2023Q3,2023,Q3,2023-06-06,2023-04-28,13968000.0,832689000.0,30680000.0,0.63,272615000.0,0.3273911388,2213469000.0,22152432000.0,273032000.0,449223000.0,-19938963000.0,184813000.0,471173000.0,2351656532.3199997,3484948532.3199997,1000.0194113380813,0.6077872237173965,0.522141489218959,0.05217233033375297,0.0014559618754134262,1000.0194113380813,0.0006305402494859255,2.8241714881786595,42.09007252863689,0.1061579393323496,2.0662227949599083,3.0304902793634647,0.012272625531555626,0.3761918508910674,0.12140518183619271,0.006310456572917895,197.8676089457299,0.3273911388285422,-0.5401459854014599,-0.6895083458711434,0.25072681645742434,36.484055495413344,-0.07067081194221159,-0.5418976091305631,2.0028384065772733,1.5160468135123688,1.0663949985180858,59.62680244758877,Restaurants,Consumer Cyclical,CBRL
2023Q2,2023,Q2,2023-02-28,2023-01-27,30491000.0,933868000.0,10217000.0,1.37,293346000.0,0.3141193402,2256707000.0,486493000.0,308683000.0,470791000.0,1770214000.0,187251000.0,486272000.0,2433739212.8,3550502212.8,21.940506772114905,0.6556688636783626,0.5167560520705612,2.3970889611977975,0.0038115764951843177,21.940506772114905,0.06267510529442356,2.6060848136995807,19.954570305991933,5.002619180132089,0.9501164277983667,3.420659969773192,0.011903493951872606,0.413818896294468,0.18249499247011944,0.013511279931333576,32.74543832730111,0.3141193402065388,0.7792207792207794,-0.6378606437285819,0.2831984349928423,-0.14460114565300555,0.10168212084680645,0.7800805651234748,-0.567424531097845,-0.4615595609086972,0.19215304004028727,-0.16579154677004723,Restaurants,Consumer Cyclical,CBRL
2023Q1,2023,Q1,2022-12-02,2022-10-28,17129000.0,839519000.0,23619000.0,0.77,266271000.0,0.3171709038,2287053000.0,487513000.0,331241000.0,469520000.0,1799540000.0,231010000.0,487291000.0,2549398819.38,3708527819.38,21.96620547726583,0.7054885840858749,0.5237456237349987,2.4570298638190162,0.0083937749262989,21.96620547726583,0.03513547331045531,3.0367374882283786,37.20880990396404,5.229396589178135,1.7229260318757662,2.4814856499718627,0.01157606247231932,0.36707457151189765,0.15259839836428693,0.007489550963619995,-113.91924658742572,0.31717090381516083,-0.47619047619047616,-0.6000387820441165,0.27986380482399287,-0.036041157747113056,0.014187989914148378,-0.48660232586020863,5.732896237172178,-0.5707694056309672,0.21394521162401417,-0.12835033064713666,Restaurants,Consumer Cyclical,CBRL
2022Q4,2022,Q4,2022-09-27,2022-07-29,33364000.0,830400000.0,3508000.0,1.47,262546000.0,0.3161681118,2294911000.0,511479000.0,317276000.0,502324000.0,1783432000.0,213249000.0,511256000.0,2154898355.73,3309896355.73,22.565476650302237,0.6316162476807797,0.52294097679605,2.346338754865791,0.0015844408292948757,22.565476650302237,0.06523043956838892,2.5950124707731215,16.14688253604184,4.213072981940607,0.8970147464332814,2.6628682901209384,0.013888358084463572,0.36184409765781766,0.15398627180863347,0.014538254424681393,35.59579694951931,0.3161681117533719,0.23529411764705885,-0.34333177581409297,0.18513191916140453,-0.0036209468871389048,0.02363500257325993,0.21253089111789505,-0.8848098771918304,-0.4557112054515763,0.11915483018806719,-0.10275241376570106,Restaurants,Consumer Cyclical,CBRL
2022Q3,2022,Q3,2022-06-07,2022-04-29,27516000.0,790196000.0,30454000.0,1.19,256484000.0,0.3245827617,2279134000.0,564229000.0,294096000.0,465605000.0,1714905000.0,192360000.0,564000000.0,2562705935.79,3642126935.79,24.436583158221428,0.6316427014314708,0.48447963129855465,1.9569961841734473,0.012346477140705737,24.436583158221428,0.04876743308124892,3.243126940392004,23.28377976259267,4.5419606858031045,1.1004143044047099,2.7745477230193387,0.011815245587537907,0.34670888153131846,0.16494238678708348,0.01207300667709753,-82.71863192892418,0.32458276174518724,-0.2562500000000001,-0.38940071052339814,0.17475826408800527,-0.023991071745449503,-0.09142628403821561,-0.26865830321071654,0.7007706913883615,-0.4316918213014331,0.11246389606364575,-0.09340202195405592,Restaurants,Consumer Cyclical,CBRL
2022Q2,2022,Q2,2022-02-24,2022-01-28,37624000.0,862260000.0,17906000.0,1.6,282293000.0,0.327387331,2302435000.0,604104000.0,306636000.0,478885000.0,1698331000.0,153883000.0,603872000.0,2725798734.96,3712162734.96,25.823696070147655,0.640312392328012,0.4630198029477488,1.764717664508098,0.006289812324263875,25.823696070147655,0.06228066690503622,3.1612260048709206,18.11210088613651,4.512134888959516,0.8164735275356155,3.7688828525568128,0.011269724211846768,0.37449917152927226,0.2335028242688746,0.01634096076545049,39.4448763452188,0.3273873309674576,0.13475177304964553,-0.26670715537761513,0.14678759917310108,0.06719922004083549,0.05529304453798476,0.1272770853307766,-0.5827371658937851,-0.36359900406660817,0.09165864560565723,-0.012418811442434216,Restaurants,Consumer Cyclical,CBRL
2022Q1,2022,Q1,2021-11-23,2021-10-29,33376000.0,784930000.0,42913000.0,1.41,267502000.0,0.3407972685,2372737000.0,629215000.0,357223000.0,449647000.0,1743522000.0,159633000.0,628980000.0,3130475264.37,4125734264.37,26.766722134398666,0.7944520924191644,0.47250243073716136,1.7817820617753868,0.014253088538261538,26.766722134398666,0.0530438721263797,3.988222216465162,23.44855033834192,4.975207622783945,0.7161732981783318,3.2413598691999774,0.007635581814702638,0.33081205375901335,0.3798557535133116,0.014066455742882587,350.714235309209,0.3407972685462398,-0.07843137254901968,-0.2952563519010187,0.128830121845021,0.17426645486144984,-0.0444616698041429,-0.08214393751890658,-0.31523265462436967,-0.2774901622800927,0.09350615290890521,0.0713586376236642,Restaurants,Consumer Cyclical,CBRL
2021Q4,2021,Q4,2021-09-24,2021-07-30,36363000.0,784405000.0,62668000.0,1.53,279949000.0,0.3568934415,2391694000.0,663633000.0,353596000.0,465262000.0,1728061000.0,138320000.0,663398000.0,3215471537.96,4197011537.96,28.105844157879226,0.7599932941009582,0.4708516223229226,1.6969213405602193,0.023813012890939737,28.105844157879226,0.054793839366035144,4.099249160777915,22.106753691664608,4.845255642742299,0.0006050105876852845,3.647021399652979,6.841920303221691e-06,0.32797046779395694,0.36960895151549017,0.015203868053354651,50.756444854224874,0.3568934415257424,0.08510638297872349,-0.2772798526309707,0.0668914132005305,0.2783596803206437,0.0864675222863441,0.08643561398267105,1.8298938812372996,-0.39746254829936656,-0.016568705182479184,0.15967331107926758,Restaurants,Consumer Cyclical,CBRL
2021Q3,2021,Q3,2021-05-25,2021-04-30,33470000.0,713416000.0,22145000.0,1.41,257669000.0,0.3611763683,2642924000.0,648113000.0,593865000.0,448950000.0,1994811000.0,132382000.0,656536000.0,3973256731.95,4917810731.95,27.317510906658896,1.322786501837621,0.5029054940664204,2.050785896903781,0.006329772767309896,27.317510906658896,0.05164222905573565,5.569340653910201,29.677746728040038,6.130499977550211,0.002001792650134449,3.4426659213488238,1.6862741202005753e-05,0.26993436057941883,0.9169328433010357,0.012664003959251192,52.586912117502244,0.36117636834609823,1.3898305084745763,-0.3130890712075923,0.028244808666866968,0.12676857502652522,0.1972186987450226,1.3907142857142858,0.5383813824244529,-0.3053360021488488,0.0005201821250618417,0.023951218558479134,Restaurants,Consumer Cyclical,CBRL
2021Q2,2021,Q2,2021-02-23,2021-01-29,14000000.0,677169000.0,14395000.0,0.59,215223000.0,0.3178276029,2872043000.0,608611000.0,796785000.0,438703000.0,2263432000.0,134768000.0,623086000.0,3210012577.4500003,4240048577.4500003,25.654464717212694,1.8162287470110758,0.5567030159367391,2.6270885672457447,0.018945602511410947,25.654464717212694,0.023003199087758847,4.740341890207615,57.321653168750004,5.274325599520876,0.006214285714285714,3.42771281016265,2.710269754429183e-05,0.23577954786888636,1.4573960059539142,0.004874578827684683,69.35169548999698,0.31782760285837064,-0.9178272980501393,-0.70717352255914,-0.105644494533344,0.10676890105821488,-0.022699821089627738,-0.9179751581907664,-0.25737721832439125,-0.8445877692720565,-0.13032197436186763,0.00019566347846077615,Restaurants,Consumer Cyclical,CBRL
2021Q1,2021,Q1,2020-12-03,2020-10-30,170680000.0,646454000.0,19384000.0,7.18,220222000.0,0.3406615165,2920122000.0,591612000.0,824863000.0,444616000.0,2328510000.0,155737000.0,609120000.0,2698416105.0,3823396105.0,24.954371460809227,1.8552256329056984,0.5899065176044015,2.911703954618906,0.004733385408785015,24.954371460809227,0.2884998952015848,4.174181155967787,3.952449181216311,4.561124698281982,0.18450316381532691,2.736870493203285,0.011670179384732068,0.22137910676334757,1.3943650251003112,0.05844961272166026,58.946984402647615,0.34066151651935017,5.838095238095238,3.2205120025667173,-0.07029414700152962,0.12054482199350935,0.4071513463086734,5.809223649565148,1.7538012832976861,2.7308632205698316,-0.07740377123397126,0.09509068589047492,Restaurants,Consumer Cyclical,CBRL
2020Q4,2020,Q4,2020-09-25,2020-07-31,25066000.0,495065000.0,-25715000.0,1.05,156502000.0,0.3161241453,2544258000.0,418389000.0,643012000.0,451056000.0,2125869000.0,139091000.0,438498000.0,2617518710.95,3804848710.95,17.657727769680452,1.425570217445284,0.6384281782743731,3.8823343825961008,-0.007995038761459893,17.657727769680452,0.05991075291176393,5.28722230606082,26.10626656576638,6.256184342681094,0.00235378600494694,2.4341114809728883,2.2540431039970136e-05,0.19458128853284534,1.0135171685999078,0.009851988281062691,-18.88446262418204,0.31612414531425165,1.860655737704918,-0.4652724960910462,-0.30395347487768076,-0.2140437665278383,0.47243338852927896,1.8627383492806497,0.5759399736147758,-0.5280556628672609,-0.3241046892284028,-0.220322692583441,Restaurants,Consumer Cyclical,CBRL
2020Q3,2020,Q3,2020-06-02,2020-05-01,-29054000.0,432544000.0,-60640000.0,-1.22,106288000.0,0.2457276023,2235879000.0,392209000.0,557408000.0,353426000.0,1843670000.0,146279000.0,411426000.0,2228704066.6800003,3306020066.6800003,16.494675143103375,1.5771561797943559,0.6443309320405979,3.67315895351713,-0.008959082289566453,16.494675143103375,-0.07407785134966306,5.1525487966079755,-19.17725671749157,5.682439889650671,-1.0713154815171748,2.230367995406039,0.013965963658139234,0.19345590705042626,1.0863037807065694,-0.012994442006924347,-18.26327575291727,0.24572760227861212,-1.4784313725490195,-1.8281964617278696,-0.36309775447381165,-0.3239755365669193,-0.632423683855595,-1.4749869212660214,-1.7662854615530423,-1.6260630331264518,-0.3755680605525851,-0.3411947118756257,Restaurants,Consumer Cyclical,CBRL
2020Q2,2020,Q2,2020-02-25,2020-01-31,61168000.0,846143000.0,79135000.0,2.55,289159000.0,0.3417377441,2136916000.0,629930000.0,286070000.0,444884000.0,1506986000.0,157352000.0,607431000.0,3662797526.23,4560319526.23,26.300988304738407,0.6430215516853831,0.4540945923938985,1.540428301557316,0.032100415082828196,26.300988304738407,0.09710285269791881,4.328816200370387,14.970235769642626,5.8146103951708925,0.5116400732409103,3.539732574101378,0.008544288832752371,0.3959645582699554,0.2237100008091997,0.028624428849800366,33.696699382975005,0.34173774409290153,0.42458100558659206,0.294998702576854,0.11760407776599155,0.1199237864914502,0.0874236589548422,0.41517247761608406,0.2487179082574598,0.16442051460581295,0.09916173324163917,0.08692396815989457,Restaurants,Consumer Cyclical,CBRL
2020Q1,2020,Q1,2019-11-26,2019-11-01,43223000.0,749040000.0,63373000.0,1.79,265912000.0,0.3550037381,2137887000.0,605784000.0,293413000.0,442657000.0,1532103000.0,188719000.0,577546000.0,3748300539.2200003,4707860539.22,25.200727137972926,0.6628450470680459,0.469046773753711,1.6553243400287891,0.0245254211270121,25.200727137972926,0.07135051437476064,5.004139350662181,21.680011447724592,6.187519873783395,0.7418041320593203,2.560038999782746,0.008554009921166067,0.35036463573612636,0.17322441529220142,0.020217626095298768,221.3476165832054,0.3550037381181245,-0.3370370370370371,0.26105840500767824,0.08797247073511963,0.11740662201107448,-0.0649708673682878,-0.33528642829680894,0.2590995787967893,-0.10749441871967766,0.05342063716161145,0.10556564855613065,Restaurants,Consumer Cyclical,CBRL
2019Q4,2019,Q4,2019-09-27,2019-08-02,65025000.0,787098000.0,50332000.0,2.7,284389000.0,0.3613133307,1581225000.0,604710000.0,242380000.0,392474000.0,976515000.0,154958000.0,561650000.0,4141657373.75,4504773373.75,25.149665484204153,0.617569571487538,0.25296842637828265,0.6614740950207537,0.043134780601078365,25.149665484204153,0.10753088257181129,5.261933550523569,15.923327080930411,6.848997657968282,1.5714725105728566,3.2441629344725667,0.024672489966855504,0.4977773561637338,0.15196165860668479,0.041123179813119574,54.65442106322332,0.3613133307415341,0.29186602870813416,0.6439829930690415,0.12561783537335644,0.133243191221317,0.11573665399448388,0.28982028801523385,-0.22667281247599294,0.269133240077279,0.051296158683687997,0.1439015369173777,Restaurants,Consumer Cyclical,CBRL
2019Q3,2019,Q3,2019-06-04,2019-05-03,50414000.0,739603000.0,65085000.0,2.09,254889000.0,0.3446294837,1595070000.0,648023000.0,361168000.0,363756000.0,947047000.0,152582000.0,600563000.0,4052945234.34,4285360234.34,26.954155811036944,0.9928853407229021,0.2507726933614199,0.6172620416250658,0.0513471763308391,26.954155811036944,0.07779662141621517,5.479892907870845,20.098312147121835,6.254323124858223,0.5980878327448724,3.1767443079786606,0.0074395281102065235,0.46368059082046553,0.5217096075391197,0.03160613640780655,143.99208563399296,0.34462948365542057,-0.1706349206349207,0.738715276894124,0.13911918935870884,0.3178414752229473,-0.05510576302853711,-0.17020821331577649,-0.15155583944936188,0.021035383218770295,0.051955251939640984,0.11178122479825922,Restaurants,Consumer Cyclical,CBRL
2019Q2,2019,Q2,2019-02-26,2019-02-01,60755000.0,811707000.0,76711000.0,2.52,269754000.0,0.3323292765,1587803000.0,628618000.0,359143000.0,380130000.0,959185000.0,151402000.0,580314000.0,4015944476.7000003,4246380476.7000003,26.148428472868183,0.9447899402835872,0.2519204208582551,0.6363164910963415,0.06246603232421369,26.148428472868183,0.09664852104139557,4.947529683370971,16.525160384741998,6.388529244628694,0.49691383425232494,3.57956301766159,0.007517534212725934,0.5112139226339791,0.4907294872806671,0.03826356292310822,40.97066391246685,0.332329276450739,0.28571428571428575,0.6240673399595157,0.15108475403561916,0.25239439183086365,0.06583797922486379,0.2869913360306734,0.24373358409805765,0.25400697736153466,0.05790830822826187,0.12807917702911079,Restaurants,Consumer Cyclical,CBRL
2019Q1,2019,Q1,2018-11-30,2018-11-02,47207000.0,733543000.0,61678000.0,1.96,253091000.0,0.345025445,1559597000.0,600178000.0,325734000.0,376304000.0,959419000.0,181569000.0,549838000.0,3892619835.4399996,4190988835.4399996,24.98390473032337,0.8656139716824695,0.2564765128427408,0.6664689475455615,0.05077910250484371,24.98390473032337,0.0786549990169583,5.306600752021353,20.614632551528373,6.485775612301683,0.6555807401444701,2.6461124971773815,0.007950429609960051,0.4703413766505065,0.32733109400909904,0.030268716854418162,170.12455030112318,0.3450254449977711,-0.2313725490196078,0.7232642815993743,0.1203708144424351,0.2505018418466581,-0.0904481076982236,-0.23057991329008704,-0.2548356308368873,0.15201859592266512,0.04112792984828313,0.12187097650245321,Restaurants,Consumer Cyclical,CBRL
2018Q4,2018,Q4,2018-09-28,2018-08-03,61354000.0,810893000.0,82771000.0,2.55,278259000.0,0.3431513159,1527355000.0,581781000.0,306752000.0,364619000.0,945574000.0,156253000.0,532807000.0,3494622569.0800004,3779966569.0800004,24.236001544022855,0.8412946116357074,0.26189065410464496,0.6875439383548105,0.06589766103323431,24.236001544022855,0.1054589269845526,4.309597652316644,14.239587349969035,6.006766410522173,1.9378850604687552,3.4087921511906973,0.03402284442731708,0.5309132454471946,0.3679237779709779,0.04017009797984097,58.53933311690705,0.34315131589494546,0.2561576354679803,0.7722929565921232,0.19196447735093955,0.19101046025272744,0.12960046116248672,0.2586210433462572,1.1031354812480942,0.2919248382749408,0.12534704753481046,0.07875921162819091,Restaurants,Consumer Cyclical,CBRL
2018Q3,2018,Q3,2018-05-29,2018-04-27,48747000.0,721413000.0,39356000.0,2.03,246334000.0,0.3414604394,1568331000.0,640381000.0,370075000.0,351564000.0,927950000.0,156991000.0,592099000.0,3950514298.38,4176220298.38,26.678527659859178,1.052653286457089,0.25504820092187175,0.6246281510538257,0.030880405629885324,26.678527659859178,0.07612187119855211,5.476078610144259,20.260294471352083,6.169006104772003,0.5909081584507765,3.026154365536878,0.007291455700289999,0.4599877194291256,0.5487592586271632,0.031082086625846203,115.46822255809195,0.34146043944314836,-0.4643799472295515,0.9613635556671619,0.11508639194716094,0.3921655645793525,-0.0636999083974108,-0.4651356718858008,-0.48670996687273393,0.3764883511474869,0.05226145100811808,0.0934036099511603,Restaurants,Consumer Cyclical,CBRL
2018Q2,2018,Q2,2018-02-20,2018-01-26,91139000.0,787771000.0,76674000.0,3.79,263093000.0,0.3339714206,1556943000.0,615625000.0,372978000.0,365105000.0,941318000.0,159583000.0,572339000.0,4247784231.14,4478976231.139999,25.649446057376515,1.0215636597691076,0.25691370846588474,0.649746192893401,0.09426095462092775,25.649446057376515,0.14804304568527918,5.392156135653635,11.651938882201911,6.899954081039593,0.3175369490558378,3.287806345287405,0.006812963753630496,0.5059729225796963,0.5281302638966873,0.05853714618968067,55.085189671521015,0.3339714206285837,0.9739583333333334,1.5601918193669508,0.10755136404269022,0.4003910794930567,0.045883339760128164,0.9650495903406641,0.08238516050707248,0.9254457102297042,0.03830792069005318,0.09218043128858812,Restaurants,Consumer Cyclical,CBRL
2018Q1,2018,Q1,2017-11-21,2017-10-27,46380000.0,710368000.0,70838000.0,1.92,251551000.0,0.3541136425,1521932000.0,547702000.0,349231000.0,375786000.0,974230000.0,191481000.0,510264000.0,3769921433.7,4049728433.7,22.787493111145892,0.9293347809657624,0.26282383181377356,0.7303241543759198,0.05157351479486127,22.787493111145892,0.0846810856998879,5.306997828871796,20.320835671086673,6.883161707826519,0.6578913324708926,2.3961489651714794,0.00809380262602792,0.46675409939471674,0.36795144044748873,0.030474423298807042,491.8999783011482,0.3541136425064192,-0.13901345291479822,0.9617509975074346,0.11059295413284077,0.3335132082137609,-0.061072064438829024,-0.1394058597591524,-0.14899086977414705,0.3533433353411156,0.03193712194187306,0.010403214241314282,Restaurants,Consumer Cyclical,CBRL
2017Q4,2017,Q4,2017-09-22,2017-07-28,53893000.0,743226000.0,83240000.0,2.23,267913000.0,0.3604731266,1521942000.0,544507000.0,358857000.0,375828000.0,977435000.0,156367000.0,492836000.0,3737921211.99,3976920211.99,22.647481979678087,0.9548437050991411,0.26282210491595603,0.7346094724218422,0.059614723072783746,22.647481979678087,0.09897577074307584,5.029319765441467,17.339548791076762,6.864780823735966,2.074443805317945,3.0397270523831756,0.02990913763548291,0.4883405543706659,0.4879412922932831,0.03541067925058905,42.26122933237608,0.36047312661290104,0.1435897435897436,0.5041531581807569,0.028148294014555725,0.37788345640837945,0.09931516685883575,0.14851675049015428,0.6755233494363929,0.36263867901476854,0.0629539353689139,0.02049487568322714,Restaurants,Consumer Cyclical,CBRL
2017Q3,2017,Q3,2017-05-23,2017-04-28,46924000.0,700410000.0,49680000.0,1.95,243709000.0,0.3479519139,1535028000.0,601960000.0,378140000.0,338270000.0,933068000.0,155532000.0,552767000.0,3851379768.87,4067686768.87,25.037253708244954,1.1178644278239276,0.26058156593886234,0.6644959797993222,0.03417033789146681,25.037253708244954,0.07795202339025849,5.498750401721848,20.519242652320774,6.398065932736395,0.5892293922086779,2.9363796517758405,0.007178985625744265,0.4562848364980964,0.6020013598604665,0.03056882350028794,150.94570914638447,0.3479519138790137,-0.1095890410958904,1.3794800908469238,0.10745913322129441,0.7224633680623384,-0.057189390774182565,-0.11005746581447835,-0.39924542904130794,0.6182889979025091,0.07871466855237079,0.2241203766023416,Restaurants,Consumer Cyclical,CBRL
2017Q2,2017,Q2,2017-02-21,2017-01-27,52727000.0,772682000.0,82696000.0,2.19,258492000.0,0.3345386589,1534891000.0,581717000.0,382210000.0,359635000.0,953174000.0,155879000.0,533765000.0,3813984551.9500003,4028286551.9500003,24.19763394238569,1.0627719771434927,0.26060482470742224,0.6876195813428179,0.05618047804514788,24.19763394238569,0.0906402941636569,4.936033907804246,18.083640980664555,6.5564261521495855,0.526694103590191,3.2986483105485664,0.0072813614270674865,0.503411642911451,0.5710011539477526,0.03435227648087063,43.44935693722944,0.3345386588531893,0.08955223880597024,0.9670926062454441,0.09652646641731312,0.7346441261067819,0.043324534424720895,0.09041464171233585,0.09178284748626954,0.40947519151829354,0.09574922546591796,0.15895993812647966,Restaurants,Consumer Cyclical,CBRL
2017Q1,2017,Q1,2016-11-22,2016-10-28,48355000.0,709971000.0,75744000.0,2.01,247758000.0,0.3489691832,1499079000.0,547105000.0,351472000.0,353508000.0,951974000.0,187221000.0,509023000.0,3280553449.44,3555445449.44,22.794419463814826,0.9942405829571043,0.2668305005940314,0.7311210827903236,0.05365979691016342,22.794419463814826,0.08838339989581524,4.620686548380145,16.960776804053356,5.99620447526526,0.6131527246406783,2.4688095886679378,0.009037804278135194,0.4736047933431127,0.4072609389320751,0.032256472140560974,384.680282532833,0.3489691832483299,-0.05188679245283034,0.9358410256931075,0.1304827117817007,0.7764870395903518,-0.036291075429424946,-0.05229014366070204,0.33192656678624183,0.7667068015517687,0.085311558775506,0.14091307307658046,Restaurants,Consumer Cyclical,CBRL
2016Q4,2016,Q4,2016-09-26,2016-07-29,51023000.0,745584000.0,56868000.0,2.12,257088000.0,0.3448142664,1497664000.0,526443000.0,355740000.0,368817000.0,971221000.0,152308000.0,488481000.0,3769121217.5099998,4018155217.5099998,21.985865629640006,0.9645433914380303,0.26708260330755096,0.7598163523876279,0.04226258023220616,21.985865629640006,0.09692027436968485,5.055260329500096,18.467755803804167,7.159599837988158,2.0414518942437723,3.207290490322242,0.027635354234855844,0.4978312892611427,0.5057765775438767,0.03406838917140293,48.32702350894963,0.34481426640056656,0.03921568627450984,1.7784879258343378,0.1620467102175695,0.8763240911118004,0.07825357547288513,0.037706685106469524,-0.1515784448290267,0.4775745295318728,0.09872022104033658,0.08043382878353028,Restaurants,Consumer Cyclical,CBRL
2016Q3,2016,Q3,2016-06-01,2016-04-29,49169000.0,700136000.0,67028000.0,2.04,238430000.0,0.3405481221,1495953000.0,580433000.0,372784000.0,316181000.0,915520000.0,145882000.0,543955000.0,3505229335.08,3728537335.08,24.24411854582989,1.179020877282316,0.26738807970571266,0.6891406932410804,0.0528600089263771,24.24411854582989,0.08471089686492671,5.006497787686963,17.822354202241247,6.038990434865006,0.5355610242225792,3.164927818373754,0.007512489906569552,0.46802005143209713,0.6496026010418083,0.03286801122762547,114.09137568206229,0.3405481220791389,0.014925373134328483,2.1236106740443574,0.1570726973149848,1.1500421645409167,-0.035223663180043295,0.019215621242900376,-0.049585253456221196,0.9835011960205092,0.08502025057887518,0.26513079782387716,Restaurants,Consumer Cyclical,CBRL
2016Q2,2016,Q2,2016-02-23,2016-01-29,48242000.0,764002000.0,70525000.0,2.01,247135000.0,0.3234742841,1476799000.0,554869000.0,365033000.0,326328000.0,921930000.0,150959000.0,521531000.0,3141359068.7599998,3369716068.7599998,23.17960388359638,1.1186076585521316,0.27085608806614847,0.7208908769457295,0.05321512717172696,23.17960388359638,0.08694304421403971,4.111715766136737,16.279170996020063,5.661442734699541,0.5480494175200034,3.423889930378447,0.008416420861571983,0.5173364824867839,0.5822056335956461,0.032666598501217836,44.842605866415425,0.32347428409873275,0.1823529411764705,0.6273636372756166,0.15832762555553176,1.0724735782525727,0.05014575029532494,0.18052122843509116,0.07988301586329392,0.3587744018797205,0.07699128331622757,0.26554430969614157,Restaurants,Consumer Cyclical,CBRL
2016Q1,2016,Q1,2015-11-24,2015-10-30,40865000.0,702629000.0,65308000.0,1.7,235334000.0,0.334933514,1469190000.0,533509000.0,355907000.0,343721000.0,935681000.0,186230000.0,499985000.0,3293067912.84,3565527912.84,22.26985567289853,1.035453172776758,0.27225886372763225,0.7497530500891268,0.046287525432441766,22.26985567289853,0.07659664597973043,4.68678052406035,20.146016841062035,6.172469279506063,2.413140829560749,2.5092358911024,0.029945632039806432,0.4782424329052063,0.4236284661105955,0.027814646165574226,-153.79543773771718,0.33493351398817867,-0.1370558375634518,0.6409964768131498,0.11853718006395868,1.2697101978203362,-0.035634962914395774,-0.13785100951496868,0.21586952879191257,0.7341556285269607,0.10210005441233663,0.3032213126725545,Restaurants,Consumer Cyclical,CBRL
2015Q4,2015,Q4,2015-09-29,2015-07-31,47399000.0,719185000.0,53713000.0,1.97,244030000.0,0.3393146409,1576208000.0,538268000.0,456824000.0,445611000.0,1037940000.0,153058000.0,485687000.0,3639077373.93,3773622373.93,22.46655350218796,1.0251632028832323,0.2537736136347487,0.7431242429421775,0.039212259261075716,22.46655350218796,0.08805836497804068,5.060001771352295,19.193850998597014,6.760716546274345,0.5052638241313108,3.1044113996001514,0.006581063698059385,0.4562754408047669,0.6362163411585441,0.030071538781683636,41.944667111538855,0.33931464087821633,0.3401360544217687,0.7320552742955638,0.17623938178019358,1.8139323966689336,0.10541860317632883,0.34210153750318545,-0.03179696090271644,0.3275482558768878,-0.001617585002476231,0.36687568273400356,Restaurants,Consumer Cyclical,CBRL
2015Q3,2015,Q3,2015-06-02,2015-05-01,35317000.0,683705000.0,55477000.0,1.47,220758000.0,0.3228848699,1501067000.0,584072000.0,391376000.0,315929000.0,916995000.0,136405000.0,537305000.0,3203601662.5200005,3401547662.5200005,24.399524033994037,1.238809985787946,0.266477112613894,0.6848470736484543,0.038699900044134435,24.399524033994037,0.06046686025010615,4.685649018977483,22.677475879321577,5.484943059280363,0.6772942209134412,3.393915179062351,0.007466596200098165,0.45547933569920596,0.7475761959174372,0.023527930465462234,77.82721527876978,0.3228848699365955,-0.25,1.3722072971537997,0.14588450903466568,1.5328557889895595,-0.08829299115789821,-0.2511714691601467,-0.2210583956978981,0.7987332617090074,0.08577550051625811,0.6785901056261391,Restaurants,Consumer Cyclical,CBRL
2015Q2,2015,Q2,2015-02-24,2015-01-30,47163000.0,755966000.0,71221000.0,1.96,242137000.0,0.3203014421,1470478000.0,561630000.0,366155000.0,314720000.0,908848000.0,140820000.0,526178000.0,3216779344.47,3434170344.47,23.484623348464968,1.163430986273513,0.272020390648483,0.7122126667022773,0.05249745747627884,23.484623348464968,0.08397521499919876,4.255190503898323,17.05139274680364,5.727577487794456,0.5090643088862031,3.6488353926999006,0.007463676375960984,0.5140954165924277,0.6439215810879512,0.03207324421038601,33.167460710514916,0.3203014421283497,0.3802816901408451,0.7732007820843161,0.14086063685443806,2.0978212300800374,0.10662870305201869,0.3861685868798495,0.2846037300241694,0.7687453896932956,0.07843193788430872,0.6835308791859738,Restaurants,Consumer Cyclical,CBRL
2015Q1,2015,Q1,2014-11-25,2014-10-31,34024000.0,683428000.0,55442000.0,1.42,218806000.0,0.3201595486,1424027000.0,538161000.0,322480000.0,330332000.0,885866000.0,177741000.0,503184000.0,2752504193.25,3040403193.25,22.552870764822767,0.9762299746921279,0.2765045887472639,0.7316583698930246,0.03967586379734591,22.552870764822767,0.06322271587870544,4.027496961274633,20.224725144383378,5.11464820611304,0.7001234422760404,2.61403952942765,0.008654301075513902,0.4799262935323558,0.3678814041630844,0.02389280540326834,150.47584699595453,0.32015954862838514,-0.12883435582822084,0.8006741724825356,0.12171056373921081,2.367330448584405,-0.01577505588966907,-0.13170856194972566,0.30568508313315434,0.370078430183416,0.09458083782268649,0.7576618997849492,Restaurants,Consumer Cyclical,CBRL
2014Q4,2014,Q4,2014-09-25,2014-08-01,39185000.0,692747000.0,42462000.0,1.63,222313000.0,0.3209151393,1432248000.0,528641000.0,329649000.0,344438000.0,903607000.0,165426000.0,493167000.0,2302494169.68,2583133169.68,22.192646449611487,0.9570633902182686,0.2792812417961135,0.7566571643137782,0.032053552811125534,22.192646449611487,0.0741240274590885,3.3237158294153564,14.689895174684189,4.3554967731976895,0.4559142529028965,2.843773046558582,0.00775897730176788,0.48367810602633066,0.4210859428982865,0.02735908864945177,47.991624521750005,0.32091513929327736,0.3583333333333333,0.6464525914800376,0.1132709478139945,2.730901616634041,0.1181959016970636,0.36400027847396266,-0.06084533209475151,1.1449561210160528,0.08531972777202528,0.8939712395401653,Restaurants,Consumer Cyclical,CBRL
2014Q3,2014,Q3,2014-05-28,2014-05-02,28728000.0,643298000.0,45213000.0,1.2,198814000.0,0.3090542797,1368535000.0,487203000.0,273076000.0,311995000.0,881332000.0,147378000.0,453944000.0,2308664348.28,2620425348.28,20.45326112268317,0.8752576163079536,0.29228335409762995,0.8210130068985618,0.0358072600805893,20.45326112268317,0.05896515415545471,3.588794537337284,20.090715924185464,4.738608646252178,0.6218671679197995,3.015945392120941,0.007738240516994068,0.47006324281074285,0.34683568646933444,0.02099179049129178,160.19042105745214,0.3090542796651008,-0.22580645161290328,1.2671045499729934,0.06905744059009794,2.997607608127985,-0.08268199728699696,-0.22472001079476453,-0.22984022076108063,0.8342951626307761,0.06853498052447594,0.8138573993938126,Restaurants,Consumer Cyclical,CBRL
2014Q2,2014,Q2,2014-02-25,2014-01-31,37055000.0,698491000.0,58706000.0,1.55,216734000.0,0.3102888942,1370140000.0,497181000.0,279929000.0,297372000.0,872959000.0,148073000.0,467050000.0,2357703050.77,2666350050.77,20.87874925297457,0.941342829856207,0.2919409695359598,0.8045359738203994,0.044706389298331636,20.87874925297457,0.07453020127478725,3.3754236643993982,15.906780804007557,4.742142299826422,0.48325462150856835,3.2535100929946714,0.007595104054410826,0.5097953493803553,0.3822115061270059,0.027044681565387477,46.68071852951076,0.31028889420192957,0.3596491228070177,0.8974183030642549,0.04215201243700253,3.5566951867831924,0.04973724360061027,0.3643225331369661,0.3270791418947939,0.25655217960293414,0.06456489361824462,0.866755635301084,Restaurants,Consumer Cyclical,CBRL
2014Q1,2014,Q1,2013-11-26,2013-11-01,27160000.0,649141000.0,44237000.0,1.14,206465000.0,0.3180587885,1354583000.0,475851000.0,268679000.0,299181000.0,878732000.0,173296000.0,447875000.0,2623966924.12,2966424924.12,19.97910270442209,0.8980483386311297,0.2952938284328092,0.8405992632147458,0.03444093205387257,19.97910270442209,0.05707668997228124,4.042214132399586,24.15286196723122,5.514261657787837,0.6571060382916053,2.5544501892715354,0.006801533904999717,0.4792183277067555,0.2482510587236489,0.020050450950587745,-97.48363205855036,0.31805878846044233,-0.20279720279720284,0.9861740070333996,0.06135453448743501,3.3717670465385203,-0.06305165661488753,-0.20823251610646298,0.1725554642563681,0.09702178436483148,0.03942398688587041,1.0362401004112378,Restaurants,Consumer Cyclical,CBRL
2013Q4,2013,Q4,2013-09-26,2013-08-02,34303000.0,674101000.0,37727000.0,1.43,220359000.0,0.326893151,1388306000.0,484026000.0,302194000.0,316067000.0,904280000.0,146687000.0,438673000.0,2401207097.85,2679489097.85,20.34910888933761,0.9561074076066151,0.28812091858711264,0.826401887501911,0.02910159665670116,20.34910888933761,0.07087015986744513,3.562088022195487,17.499978849153134,4.960905194865565,0.34647115412646123,3.0932666153101502,0.004949593898269594,0.48555649835122805,0.4355405657661192,0.024708529675734312,32.64239335857316,0.3268931510263299,0.4019607843137254,0.5518005981684218,0.064346878454979,3.9583277905254928,0.12107183011889439,0.3943175351597431,-0.1459069093543421,0.26259330987260543,0.1105008082307078,1.5487227821336451,Restaurants,Consumer Cyclical,CBRL
2013Q3,2013,Q3,2013-06-03,2013-05-03,24602000.0,640407000.0,44172000.0,1.02,196561000.0,0.3069313733,1309673000.0,455332000.0,232736000.0,255859000.0,854341000.0,134131000.0,422216000.0,1987573269.8500001,2329116269.8500004,19.16332966325035,0.9096260049480378,0.3054197498154119,0.8784798784183848,0.037392538141967746,19.16332966325035,0.05403090492212276,3.1036095324535804,20.1972732892651,4.365107811113649,0.4822372164864645,3.309048616650886,0.0059690881236772525,0.4889823643000963,0.2903865019405219,0.018784841712396912,213.94760708826698,0.3069313733297731,-0.3061224489795918,1.1950018534193696,0.052200886330028354,4.891644695118867,-0.0798266023135296,-0.30044358507734303,-0.22772173365735965,0.6648192027451874,0.08132437528811531,0.9892990701890206,Restaurants,Consumer Cyclical,CBRL
2013Q2,2013,Q2,2013-02-26,2013-02-01,35168000.0,702671000.0,57197000.0,1.47,213613000.0,0.3040014459,1445601000.0,434293000.0,368370000.0,305694000.0,1011308000.0,139567000.0,409500000.0,1553085892.5,1892033892.5,18.3159164843164,1.2050285579697344,0.36323715880108,1.209082347631668,0.04470090392703385,18.3159164843164,0.08097758886281842,2.210260409921571,11.040476374118517,3.5761246266921183,0.33891606005459507,3.504109137546841,0.0076743984718153635,0.4860753416745008,0.6525676002800186,0.024327598002491697,19.846982128480697,0.30400144591138667,0.5154639175257733,0.6971202288960862,0.0805235213522883,6.556191267084336,0.08513416034218253,0.5163849603311487,0.26240399046526,0.3335726695995849,0.06953471785332276,1.4160249066628927,Restaurants,Consumer Cyclical,CBRL
2013Q1,2013,Q1,2012-11-29,2012-11-02,23192000.0,627451000.0,45308000.0,0.97,196854000.0,0.3137360527,1420503000.0,402901000.0,340962000.0,305884000.0,1017602000.0,177475000.0,386270000.0,1495997070.3,1902257070.3,17.08831451446192,1.1146774594290647,0.3696753896331088,1.3033598824525132,0.03272857239263905,17.08831451446192,0.05756252776736717,2.3842452562829606,16.126218850250087,3.713063681400642,0.4196274577440497,2.4262403155373997,0.006505360333391824,0.4417104363735944,0.4372834146277674,0.016326611066643296,-55.36218896824809,0.31373605269574834,-0.3401360544217687,0.6788776972344507,0.08550592842621602,2.667455059110303,-0.11953663118346901,-0.33156559833986626,-0.24368176810336192,0.24222207280456987,0.042267346005854044,1.5514269282865134,Restaurants,Consumer Cyclical,CBRL
2012Q4,2012,Q4,2012-09-25,2012-08-03,34696000.0,700010000.0,59906000.0,1.47,223580000.0,0.3193954372,1418992000.0,382675000.0,337308000.0,319059000.0,1036317000.0,143267000.0,374923000.0,1465842715.92,1838916715.92,16.43642782293903,1.0571963179223904,0.37000631434144804,1.3720154177827137,0.0471623034620398,16.43642782293903,0.09066701509113477,2.094031108012743,10.56204401026055,3.8305160146860913,0.16728153101222043,3.3254692287826226,0.003959497111773866,0.4933149728821586,0.5220695858759665,0.024451159696460587,26.879920707094787,0.31939543720803987,0.8148148148148147,0.34545773251378326,0.19384954149490508,2.96218259515928,-0.46626752510748415,0.8286075682512912,0.5318093484709011,0.4915502268587418,0.15095822460608313,1.7631988494713977,Restaurants,Consumer Cyclical,CBRL
2012Q3,2012,Q3,2012-05-22,2012-04-27,18974000.0,608514000.0,39108000.0,0.81,418899000.0,0.6883966515,1380752000.0,336251000.0,307982000.0,296216000.0,1044501000.0,131004000.0,340271000.0,1337997103.2,1760856103.2,14.53572492308517,1.039721014394901,0.39846330115763007,1.6362152082819084,0.029966179822865917,14.53572492308517,0.056428084972238,2.198794281150475,17.629349414988933,3.9791617071770795,0.30283545904922526,1.4473985527159476,0.004294478654892203,0.4407120177989965,0.49432508709860373,0.013741787084139657,135.43851636805346,0.6883966515150021,-0.26363636363636367,0.6626916249235015,0.19701176646504642,1.9347096280557203,-0.04326665037467768,-0.2590886016634777,-0.173838646302047,0.541862175871442,0.04130970443598059,1.8410200306755728,Restaurants,Consumer Cyclical,CBRL
2012Q2,2012,Q2,2012-02-21,2012-01-27,25609000.0,673234000.0,47337000.0,1.1,437843000.0,0.6503578251,1370329000.0,320395000.0,300637000.0,295684000.0,1049934000.0,127176000.0,336518000.0,1205131064.94,1635951064.94,13.949624351304045,1.016750990922742,0.4015130672998966,1.7172708687713603,0.03834639296174103,13.949624351304045,0.07992946207025703,1.7900626898522654,11.76472202096919,3.761391610168698,0.22663907220117926,1.8509074039126878,0.004816073677670041,0.4912936966232197,0.46122211550168424,0.018688212830641402,16.350071429695557,0.650357825065282,0.06796116504854374,-0.66457307070627,0.47672474196410475,1.23258920250432,0.062390507849464975,0.07591799008486681,0.06079688060236644,0.35955166401968175,0.04141331323871373,2.0444441555791397,Restaurants,Consumer Cyclical,CBRL
2012Q1,2012,Q1,2011-11-22,2011-10-28,23802000.0,598437000.0,44624000.0,1.03,412130000.0,0.6886773378,1327928000.0,293461000.0,261821000.0,275607000.0,1034467000.0,160668000.0,316781000.0,982992743.3199999,1483462743.32,12.83117689902826,0.949979499794998,0.41436056774162455,1.875005537362716,0.03759158951439284,12.83117689902826,0.08110788145613898,1.6426002124200207,10.32468640576422,3.349653764282136,0.21082261994790355,1.1595775138795528,0.005104818966467648,0.4506547041707081,0.23931903035844518,0.017924164563138965,641.6401718798955,0.6886773377982979,0.37333333333333335,0.6605014917046409,0.45281779749755946,0.23714295797051602,-0.017306169942869133,0.35678048224362996,0.171602604494854,0.8126421956755886,0.018945563902126032,1.8076794621543368,Restaurants,Consumer Cyclical,CBRL
2011Q4,2011,Q4,2011-09-27,2011-07-29,17543000.0,612942000.0,38088000.0,0.75,419388000.0,0.6842213456,1310884000.0,268034000.0,245915000.0,267104000.0,1042850000.0,141547000.0,298757000.0,1031874784.85,1529865784.85,11.717520301416831,0.9206713489876602,0.41976635613830054,2.0529671608825746,0.037523311825781294,11.717520301416831,0.06545065178298276,1.68347867310447,14.704936225987574,3.849790641672325,0.28763609416861424,1.3674185959433969,0.004890128215249992,0.4675791298085872,0.2712464058943333,0.013382572371010707,33.68507116018673,0.6842213455759273,0.17187499999999997,0.013170243416150024,0.888443892523655,0.8333238574301034,0.04130840146889766,0.15764814570410451,0.22057362602147093,-0.17476659968660432,0.006344604977795477,1.85512780252526,Restaurants,Consumer Cyclical,CBRL
2011Q3,2011,Q3,2011-06-03,2011-04-29,15154000.0,582525000.0,31205000.0,0.64,402751000.0,0.6913883524,1299535000.0,259895000.0,234628000.0,260356000.0,1039640000.0,131995000.0,286275000.0,1180763333.1699998,1693568333.1699998,11.27611306683679,0.9011814592327428,0.44268988522817776,2.213551626618442,0.028908297396112653,11.27611306683679,0.05830816291194521,2.0269745215570145,19.47940037564339,4.543232202120087,0.3366767850072588,1.3619758324178945,0.004320933633925302,0.4482564917451242,0.28577409393292263,0.0116610941606036,90.38298631123698,0.6913883524312261,-0.4666666666666666,0.2971800888995908,0.8555433629610881,0.9682906738953745,-0.04308995050928159,-0.47339889495082876,-0.40530187528586675,0.39383209236104916,-0.01332105407519347,2.466769757616396,Restaurants,Consumer Cyclical,CBRL
2011Q2,2011,Q2,2011-03-04,2011-01-28,28777000.0,640277000.0,52472000.0,1.2,420887000.0,0.6573514276,1314500000.0,259900000.0,247000000.0,271000000.0,1054600000.0,130500000.0,276200000.0,1169078272.8300002,1682878272.8300002,11.184511169083516,0.9114391143911439,0.43385317611259033,2.1943055021161983,0.04475229729784679,11.184511169083516,0.110723355136591,1.8258945313200383,10.156359877940718,4.498184966641015,0.17899711575216318,1.6811494252873562,0.004406035181486113,0.4870878661087866,0.3103321033210332,0.021891974134651958,26.06524286163382,0.6573514275852482,0.18811881188118806,0.8811694450242961,0.8564212074379698,-0.4420120256371013,0.004652239710888007,0.21247998651723266,0.15536374845869297,0.41701797380501515,0.0046504876860335165,3.614145609082816,Restaurants,Consumer Cyclical,CBRL
2011Q1,2011,Q1,2010-12-06,2010-10-29,23734000.0,598691000.0,45416000.0,1.01,418938000.0,0.6997566357,1297936000.0,224026000.0,237921000.0,177472000.0,1073910000.0,165790000.0,252657000.0,1230437658.77,1784546658.77,9.811761736932262,1.3406114767399928,0.44591566918553766,2.5834947729281423,0.03983812861544481,9.811761736932262,0.10594306018051476,2.0552132214614884,12.960706778987948,5.492387753073304,0.19158169714333867,1.0842210024730081,0.003695433057978234,0.4612638835813168,0.2061057518932564,0.018285955547885258,-43.80340543859025,0.6997566357269442,-0.11403508771929816,0.8861362610860976,0.932239762881802,-0.4889711543800312,1.8743613504307755,-0.13420639842410534,-0.001121692656212198,0.7741873607928608,0.06955420356705477,1.105777909836779,Restaurants,Consumer Cyclical,CBRL
2010Q4,2010,Q4,2010-09-28,2010-07-30,27413000.0,612483000.0,45467000.0,1.14,-479136000.0,-0.7822845695,1292067000.0,191617000.0,236259000.0,309548000.0,1100450000.0,144079000.0,234038000.0,1175520000.0,1708370000.0,7.984041666666666,0.7632386576556786,0.44931880467498975,3.0297416200024005,0.04781396126379318,7.984041666666666,0.1430614193938951,1.9192695960540946,10.720461095100864,6.134737523288644,0.17236347718235873,7.576530930947605,0.004019497754185382,0.4740334673047141,0.19780454081434867,0.021216392029205916,25.871426370579044,-0.7822845695309094,0.8688524590163933,0.5873718750831978,1.0193063359946157,-0.5209508924261025,-2.1824912634010545,0.8999861380648738,0.4283874210675128,0.031237335587448907,0.013329775251570506,0.9246414897124874,Restaurants,Consumer Cyclical,CBRL
2010Q3,2010,Q3,2010-06-08,2010-04-30,14428000.0,578233000.0,31831000.0,0.61,405192000.0,0.7007417425,1290698000.0,223476000.0,248342000.0,179342000.0,1067222000.0,120455000.0,211172000.0,1145310191.85,1666308191.85,9.633206967431738,1.3847397709404379,0.46516613491304704,2.68659274373982,0.02837422981497303,9.633206967431738,0.06456174264798009,1.9807070711114723,19.845269473419737,5.124980722090962,0.315151095092875,1.4365613714665229,0.0039701034989091544,0.4480002293332755,0.5315207815235695,0.011178447630661859,30.242406903699397,0.7007417425155603,-0.4403669724770643,0.1131214218057957,0.8875055083780318,-0.46094646920027216,-0.036903579119505224,-0.4318119166699484,-0.35545206034220916,0.2607408860529265,0.13422080463618302,0.9449092072096664,Restaurants,Consumer Cyclical,CBRL
2010Q2,2010,Q2,2010-03-09,2010-01-29,25393000.0,632616000.0,49385000.0,1.09,420718000.0,0.6650448297,1236864000.0,173087000.0,192040000.0,253476000.0,1063777000.0,120859000.0,201431000.0,843857599.2,1432917599.2,7.581013107027549,0.75762596853351,0.4868853810928283,3.479238764320833,0.044812677268391464,7.581013107027549,0.14670656952861855,1.333917572745552,8.307974630803765,4.875337831264046,0.18296380892371913,1.7532662027652057,0.005505668260147843,0.5114677118907172,0.13088024112736513,0.020530147211011072,16.758501791317475,0.6650448297229283,0.39743589743589747,0.6434021219159005,0.9991507492980858,-0.5782788358403489,0.042124088459099554,0.408843763870395,0.30011846781624324,-0.6654158735087603,0.3959173221972139,0.2133149668084943,Restaurants,Consumer Cyclical,CBRL
2010Q1,2010,Q1,2009-12-08,2009-10-30,18024000.0,581183000.0,37985000.0,0.78,403712000.0,0.6946383497,1269355000.0,152450000.0,221515000.0,267173000.0,1116905000.0,152688000.0,180707000.0,754561891.1999999,1383422891.1999998,6.6975519953213345,0.8291069831158089,0.5070378262976079,4.221784191538209,0.032804818604429395,6.6975519953213345,0.11822892751721877,1.2983206514987533,10.466071504660452,4.949569637258118,0.2567132711939636,1.1623113800691607,0.006132035097401431,0.45785694309314573,0.1038091423908853,0.014199337458788125,88.39759737582004,0.6946383497108484,-0.21999999999999997,0.2740694098525192,1.030132573578747,-0.6282203802188795,-0.01742396031844545,-0.20877963125548726,-0.08237709868341588,0.26342528361775563,0.4176799019237054,-0.35424245555521294,Restaurants,Consumer Cyclical,CBRL
2009Q4,2009,Q4,2009-09-29,2009-07-31,22780000.0,595603000.0,41395000.0,1.0,410871000.0,0.6898403803,1245181000.0,135622000.0,198325000.0,264962000.0,1109559000.0,137424000.0,167245000.0,658008000.0,1291921000.0,5.948333333333333,0.7485035590009134,0.5184161981270193,4.759714500597248,0.04130437139118559,5.948333333333333,0.16796684903629205,1.1047761680179582,7.221334503950834,4.851779209862706,0.19811237928007025,1.344248457329142,0.00685857922700028,0.47832644410732256,0.10724934141499536,0.018294529068464745,11.795428878730842,0.6898403802532895,0.923076923076923,0.8166476386829236,1.339243125748557,-0.6323880304808385,0.05017367811655731,0.9059571619812584,0.4267742046668735,0.31993215382730567,0.8410301781170334,-0.06932344630731128,Restaurants,Consumer Cyclical,CBRL
2009Q3,2009,Q3,2009-06-09,2009-05-01,11952000.0,567568000.0,29013000.0,0.52,391241000.0,0.6893288557,1311674000.0,114952000.0,225130000.0,226521000.0,1196722000.0,133346000.0,149009000.0,719408325.36,1462061325.3600001,5.116375374385757,0.9938592889842442,0.5935811794698987,6.773131393973137,0.023833977479444678,5.116375374385757,0.10397383255619737,1.267527988470104,15.047864904618475,6.25833674368432,0.37474899598393574,1.3223268789465001,0.006225949634039414,0.4327050776336193,0.21967499702014381,0.009112020212339346,25.83617616663674,0.6893288557494432,-0.3580246913580247,-0.001818881717956851,1.124060970440735,-0.7013750119651734,-0.04034447826652179,-0.34909051301601135,-0.2612481857764877,0.0495374649386257,0.854636538621844,-0.10691619764181287,Restaurants,Consumer Cyclical,CBRL
2009Q2,2009,Q2,2009-03-10,2009-01-30,18362000.0,630182000.0,39273000.0,0.81,407689000.0,0.6469385035,1299757000.0,102589000.0,209041000.0,226879000.0,1197168000.0,137758000.0,141583000.0,393385236.86,1163037236.8600001,4.581993834815614,0.921376592809383,0.6007176726111112,7.610825722055971,0.03140471418062046,4.581993834815614,0.1789860511360867,0.6242406746939774,5.355969350560941,3.834575216251255,0.24823004030062085,1.615100393443575,0.01158660664640581,0.4848460135240664,0.15161826347965215,0.014127256094793103,9.571649842088616,0.6469385034799471,0.42105263157894757,0.4006196967588109,1.2748865793541064,-0.7381511133352179,0.03849964974845571,0.43095386533665836,0.2062473124884821,0.2457914854780828,0.8963460432086634,-0.7714073132226523,Restaurants,Consumer Cyclical,CBRL
2009Q1,2009,Q1,2008-12-09,2008-10-31,12832000.0,573932000.0,32558000.0,0.57,392575000.0,0.6840096039,1341888000.0,102140000.0,245417000.0,253695000.0,1239748000.0,185622000.0,127795000.0,445211342.64000005,1252218342.64,4.570029119058654,0.9673702674471314,0.6097237623408213,8.010387703152535,0.02450304593927983,4.570029119058654,0.12563148619541806,0.7757214141048069,8.673849412406485,4.358834370863521,0.31616271820448877,0.9770231976813093,0.009112526145319952,0.4277048457099251,0.09630067600859299,0.009562646062860686,-15.507727285520222,0.6840096039252037,-0.3870967741935485,-0.018865645101603233,1.1440238994892644,-0.7370488381437168,-0.04843913234228316,-0.3890396610008094,-0.21716758836258715,0.04176802201857016,0.8923142952641604,-0.761977841719139,Restaurants,Consumer Cyclical,CBRL
2008Q4,2008,Q4,2008-09-30,2008-08-01,21003000.0,601765000.0,41590000.0,0.93,412559000.0,0.6855815808,1313703000.0,92751000.0,220639000.0,264719000.0,1220952000.0,155954000.0,119450000.0,561610000.0,1337407000.0,4.104026548672566,0.8334838073579909,0.5996598926850285,8.493439423833705,0.035109228175005745,4.104026548672566,0.22644499789759678,0.9332712936112935,6.684878350711803,6.055029056290499,0.18983002428224538,1.2132167177501059,0.007099232563522729,0.45806776721983583,0.1223221604796029,0.01598763190766863,39.85876508161817,0.6855815808496672,1.0217391304347827,0.3213064078629736,1.3170270284076844,-0.7392698658592262,0.06728495666796017,1.011011106855611,0.49917093216062286,0.2915352089215112,1.1068707613842674,-0.7537550105970335,Restaurants,Consumer Cyclical,CBRL
2008Q3,2008,Q3,2008-06-11,2008-05-02,10444000.0,567138000.0,27742000.0,0.46,386550000.0,0.6815801445,1281217000.0,72015000.0,201342000.0,237308000.0,1209202000.0,133320000.0,102454000.0,828278237.3699999,1612610237.37,3.2526281972038915,0.848441687595867,0.6214661528843279,11.056488231618413,0.024752115684701682,3.2526281972038915,0.14502534194265085,1.4604527246807653,19.826652560561087,11.50146826869402,0.3921869015702796,1.3545454545454545,0.00494519814139494,0.4426556937661614,0.1382507121546682,0.008151624588184515,184.842275690694,0.6815801445150915,-0.4588235294117647,-0.010629332456527139,1.3845798625555314,-0.79680182636844,-0.058843293938906985,-0.4834050551516051,-0.3892252482331961,-0.15574289145930006,0.9397490927978362,-0.8179899258876859,Restaurants,Consumer Cyclical,CBRL
2008Q2,2008,Q2,2008-03-12,2008-02-01,20217000.0,634453000.0,45421000.0,0.85,410718000.0,0.6473576451,1283346000.0,56074000.0,203402000.0,241049000.0,1227272000.0,127194000.0,96017000.0,743038576.7199999,1528113576.7199998,2.4239614690674522,0.8438201361548897,0.620649458524825,14.204586796019546,0.03466663729324037,2.4239614690674522,0.3605414273995078,1.1711483383639134,9.188289270415986,13.251035715661446,0.21516545481525448,1.7590059279525765,0.005854339379258387,0.49437408150257217,0.14282573252741143,0.015753351005886176,16.216114373758757,0.6473576450895496,0.4912280701754387,0.7633855079483248,1.4200464712746452,-0.8486683920556296,0.024395353883527836,0.4556123551011592,0.260923879851202,0.2913617536540484,0.9788196095174794,-0.8651584111277082,Restaurants,Consumer Cyclical,CBRL
2008Q1,2008,Q1,2007-12-12,2007-11-02,13889000.0,581165000.0,36022000.0,0.57,400937000.0,0.6898849724,1300926000.0,110455000.0,224667000.0,242013000.0,1190471000.0,163694000.0,125367000.0,901049856.0,1679987856.0,4.659447556695464,0.9283261642969592,0.608093773204625,7.162056946267711,0.0263913934325089,4.659447556695464,0.12574351545878412,1.5504200287353849,16.218767657858738,8.157619446833552,0.23831809345525234,1.1010055347172163,0.0036734926241417656,0.4467317895099337,0.09980042394416828,0.010676241384982696,-32.73687894201424,0.6898849724260752,-0.48648648648648657,0.27604609583158507,1.3264020562576444,-0.7048276946024414,-0.08668306795143398,-0.5004136541851013,-0.37458548188273694,-0.057300513425740655,0.949267004530947,-0.7413551037411246,Restaurants,Consumer Cyclical,CBRL
2007Q4,2007,Q4,2007-10-02,2007-08-03,27801000.0,632129000.0,57597000.0,1.11,438990000.0,0.6944626809,1265030000.0,104123000.0,200281000.0,274669000.0,1160907000.0,144416000.0,112874000.0,924182000.0,1674428000.0,4.148326693227092,0.7291722036341924,0.604328751096812,7.3422202587324605,0.04363613429754795,4.148326693227092,0.26700152704013524,1.4620148735463805,8.310690262940183,8.875867963850446,0.12560699255422467,1.3373795147352094,0.0037784765338429015,0.4996948688963898,0.09468487524984617,0.021976553915717414,-27.721578978942947,0.6944626808768464,1.466666666666667,0.9604030925848371,1.4910407824685434,-0.7144361147531906,0.1518358950677211,1.255659229208925,0.9158766590160663,1.01390287641173,1.2552013644552158,-0.7436299446501337,Restaurants,Consumer Cyclical,CBRL
2007Q3,2007,Q3,2007-06-01,2007-04-27,12325000.0,549050000.0,30063000.0,0.45,381122000.0,0.6941480739,1367477000.0,123748000.0,315311000.0,256329000.0,1243729000.0,122866000.0,135535000.0,1134035924.52,1827478924.52,4.953036847027097,1.230102719551826,0.6166962954404352,6.814801047289653,0.020393932803591586,4.953036847027097,0.0995975692536445,2.065451096475731,23.002757089655173,9.164074769046772,0.2964705882352941,1.3667572802890955,0.0032221201471607855,0.40150583885505936,0.6294332674024399,0.009012948663853214,-38.22034729264265,0.6941480739459066,-0.2105263157894736,0.30899923903218757,1.3750074644761374,-0.6669313999356072,-0.05142091980228084,-0.87977017324801,-0.2881801392243216,-0.07435769334620268,0.8477723973135481,-0.7109085121892382,Restaurants,Consumer Cyclical,CBRL
2007Q2,2007,Q2,2007-03-02,2007-01-26,102512000.0,612134000.0,42234000.0,0.57,401782000.0,0.6563628225,1466254000.0,192689000.0,417669000.0,293369000.0,1273565000.0,114922000.0,199628000.0,1418295221.91,2003565221.91,6.248182305843188,1.423698482116379,0.5753921216924216,4.3784076932258715,0.026537762576871154,6.248182305843188,0.5320075354586925,2.316968542688366,3.4588517000692605,7.360540673883824,0.043351022319338225,1.8303893075303248,0.003133339188730624,0.41748155503753104,0.9203392314798087,0.06991421677281016,39.273813361116495,0.6563628225192524,0.3571428571428571,7.7298786534274235,1.1083011593045886,-0.6048458219789693,0.04248755212022615,4.276779739537757,0.10412799665368226,4.676988557229647,0.604291647945471,-0.6429328280557435,Restaurants,Consumer Cyclical,CBRL
2007Q1,2007,Q1,2006-12-06,2006-10-27,19427000.0,558263000.0,38251000.0,0.42,385407000.0,0.6903681598,1713397000.0,321486000.0,674685000.0,331389000.0,1391911000.0,144309000.0,317296000.0,,,,,,,,,,,,,,,,,,,,,,,,,,,,,,,Restaurants,Consumer Cyclical,CBRL
