Quarters,Year,Quarter,FillingDate,Date,NetIncome,Revenue,OperatingIncome,EPSDiluted,GrossProfit,GrossProfitRatio,TotalAssets,CommonStockEquity,CurrentAssets,CurrentLiability,TotalLiability,Inventory,RetainedEarnings,MarketCap,EnterpriseValue,bookValuePerShare,currentRatio,debtToAssets,debtToEquity,roic,shareholdersEquityPerShare,roe,priceToSalesRatio,peRatio,pbRatio,payoutRatio,inventoryTurnover,dividendYield,assetTurnover,quickRatio,returnOnAssets,priceToFreeCashFlowsRatio,grossProfitMargin,epsdilutedGrowth,fiveYNetIncomeGrowthPerShare,fiveYRevenueGrowthPerShare,fiveYShareholdersEquityGrowthPerShare,grossProfitGrowth,netIncomeGrowth,operatingIncomeGrowth,threeYNetIncomeGrowthPerShare,threeYRevenueGrowthPerShare,threeYShareholdersEquityGrowthPerShare,Industry,Sector,Symbol
2023Q1,2023,Q1,2023-05-10,2023-03-31,33658000.0,125620000.0,62370000.0,0.78,125620000.0,1.0,11839730000.0,1211659000.0,1741803000.0,475226000.0,10628071000.0,0.0,979722000.0,1454629716.22,1928082716.22,28.079327979178,3.665209815961248,0.059397300445195964,0.5804009213813457,0.025350732039389298,28.079327979178,0.027778442614630024,11.57960289937908,10.80448716664686,1.2005273069568254,0.3824053716798384,0.0,0.00884829991885947,0.010610039249205852,3.665209815961248,0.002842801313881313,71.11365026741628,1.0,-0.07142857142857137,0.3000000015449522,0.2190556769141967,0.2764536592509937,-0.05487047918563271,-0.06818748096675065,0.1122206965422544,2.2500000038623806,0.12702936336547901,0.09067602310463482,Banks—Regional,Financial Services,NBTB
2022Q4,2022,Q4,2023-03-01,2022-12-31,36121000.0,132913000.0,56077000.0,0.84,132913000.0,1.0,11739296000.0,1173554000.0,1724575000.0,585012000.0,10565742000.0,0.0,958433000.0,1867111669.8000002,2457711669.8,27.291198220328322,2.9479309826123226,0.06712072001591918,0.6714220223355721,0.02212010980000054,27.291198220328322,0.03077915460217425,14.047622653916473,12.922618904515378,1.590989140508234,0.35597021123446193,0.0,0.006886572564445122,0.011322058835555386,2.9479309826123226,0.0030769306779554755,68.03846912761462,1.0,-0.06666666666666672,1.1000000232551703,0.32356481912176926,0.2558610335353767,0.013821404871053615,-0.07317886742103508,0.015740472395305027,0.2727272903371367,0.21107243944811876,0.06882176672711887,Banks—Regional,Financial Services,NBTB
2022Q3,2022,Q3,2022-11-09,2022-09-30,38973000.0,131101000.0,55208000.0,0.9,131101000.0,1.0,11640742000.0,1156546000.0,1877559000.0,74554000.0,10484196000.0,0.0,935170000.0,1625702100.0000002,1582533100.0000002,26.99813249918297,25.18388014056925,0.023872103685486715,0.240274922052387,0.029719018620928225,26.99813249918297,0.033697751753929375,12.400379097032062,10.428386960203218,1.4056527799153689,0.3292535858158212,0.0,0.007893205034304868,0.011262254588238447,25.18388014056925,0.0033479824567884077,33.65912544773184,1.0,0.02272727272727275,0.7495699483468181,0.33268958876372756,0.24336569559509444,0.02036829488496622,0.03171409662475182,-0.0291562620898252,0.22942751128086716,0.14649752025042115,0.07528959262317533,Banks—Regional,Financial Services,NBTB
2022Q2,2022,Q2,2022-08-08,2022-06-30,37775000.0,128484000.0,56866000.0,0.88,128484000.0,1.0,11720459000.0,1188556000.0,1814379000.0,62545000.0,10531903000.0,0.0,909029000.0,1610543550.0000002,1352723550.0000002,27.740833236083557,29.00917739227756,0.022677951435178433,0.22362934518861544,0.03030912408372804,27.740833236083557,0.031782263519766846,12.534973615391802,10.658792521508936,1.3550422108844684,0.3174586366644606,0.0,0.007445933393108182,0.010962369306526306,34.262882724438406,0.003222996642025709,24.167457721222675,1.0,-0.02222222222222224,0.7993193343229635,0.3169069568266333,0.2859074989614649,0.04779690596380777,-0.034529468895363694,-0.023407580415257003,0.25952353166730585,0.16970378777470496,0.12659235125694854,Banks—Regional,Financial Services,NBTB
2022Q1,2022,Q1,2022-05-09,2022-03-31,39126000.0,122623000.0,58229000.0,0.9,122623000.0,1.0,12147833000.0,1202250000.0,2756877000.0,65022000.0,10945583000.0,0.0,883246000.0,1558684330.0,743292330.0,27.867921466818107,42.39914182891944,0.022949607555520397,0.23188854231648992,0.030601800130248793,27.867921466818107,0.032543980037429816,12.7111906412337,9.95938972805807,1.2964727219796217,0.30882277769258293,0.0,0.007752050731144515,0.010094228328624538,42.39914182891944,0.003220821359661431,46.071303204067156,1.0,0.046511627906976785,0.9296448727383572,0.27800078541356993,0.2973255168975417,-0.021645816046467096,0.04867327794157063,0.11515627393902252,0.3536314523143395,0.11596132965846198,0.1716068141718381,Banks—Regional,Financial Services,NBTB
2021Q4,2021,Q4,2022-03-01,2021-12-31,37310000.0,125336000.0,52216000.0,0.86,125336000.0,1.0,12012111000.0,1250453000.0,9196429000.0,97795000.0,10761658000.0,0.0,951679000.0,1671140932.92,713545932.9200001,28.823092422155305,94.03782401963291,0.025930163316006654,0.24909052959207584,0.025936584408055276,28.823092422155305,0.029837187003429955,13.333287586327952,11.19767443661217,1.3364284246748979,0.324953095684803,0.0,0.007254923723767344,0.010434136014893635,30.230911600797587,0.0031060319039675874,85.03668496438021,1.0,0.0,0.9111110934178785,0.3308361449147336,0.37511902145626463,0.06853542716352506,-0.0032858707557502738,0.0,0.30303029456794356,0.20498110048238777,0.2292568155157182,Banks—Regional,Financial Services,NBTB
2021Q3,2021,Q3,2021-11-09,2021-09-30,37433000.0,117297000.0,0.0,0.86,117297000.0,1.0,11994411000.0,1241457000.0,9340218000.0,99715000.0,10752954000.0,0.0,831017000.0,1572185993.28,539390993.28,28.521706103263778,93.66913704056562,0.026121416049525066,0.25237362228413873,0.0,28.521706103263778,0.03015247406877564,13.403462946878436,10.499999955119813,1.2664039054755822,0.3242593433601368,0.0,0.007720460589193325,0.009779304711169227,29.304878904878905,0.0031208702119678907,41.70918430731681,1.0,-0.06521739130434788,0.869565234729752,0.22923810392551197,0.36376263493121336,-0.004531914351910788,-0.07104923565614453,0.0,0.26470590133622285,0.07705132627619829,0.25756591830266945,Banks—Regional,Financial Services,NBTB
2021Q2,2021,Q2,2021-08-06,2021-06-30,40296000.0,117831000.0,0.0,0.92,117831000.0,1.0,11574947000.0,1225056000.0,9021793000.0,90598000.0,10349891000.0,0.0,805722000.0,1558545281.04,795712281.04,28.273329531109766,99.58048742797854,0.026273122460085563,0.24824171303189405,0.0,28.273329531109766,0.032893190188856676,13.226954545408255,9.669354781119715,1.2722237032756052,0.2914433194361723,0.0,0.007535231823462556,0.010179830629030094,28.716704563014638,0.0034813118366762283,30.47128491905842,1.0,0.010989010989010999,1.021739152631012,0.24488442706160118,0.36517867514782315,0.020155320641022312,0.011293479897605782,0.0,0.4531249921190201,0.09632854242767672,0.2690435968429405,Banks—Regional,Financial Services,NBTB
2021Q1,2021,Q1,2021-05-06,2021-03-31,39846000.0,115503000.0,0.0,0.91,115503000.0,1.0,11537253000.0,1190981000.0,9160810000.0,95339000.0,10346272000.0,0.0,777170000.0,1747093838.7,900834838.7,27.19953607950412,96.08670114014203,0.026762523106670193,0.25925350614325504,0.0,27.19953607950412,0.03345645312561661,15.125960699722086,10.961538414771871,1.4669367846338437,0.2944335692415801,0.0,0.006715151607843627,0.010011308584461136,26.66330672652325,0.003453681738625304,42.19931496099128,1.0,0.16666666666666666,1.068181831384752,0.22782823038260894,0.32443189013743834,-0.01526092776210004,0.16529215651868748,0.0,0.5166666731374124,0.1046085057374616,0.2364593406351469,Banks—Regional,Financial Services,NBTB
2020Q4,2020,Q4,2021-03-01,2020-12-31,34194000.0,117293000.0,0.0,0.78,117293000.0,1.0,10932906000.0,1187618000.0,8570429000.0,168386000.0,9745288000.0,0.0,749056000.0,1407214630.2,1141264630.2,27.090777044139916,50.89751523285784,0.03720246016932735,0.34247628446183875,0.0,27.090777044139916,0.028792086344262214,11.997430624163421,10.288461646780139,1.1849051043348955,0.34473884307188396,0.0,0.008376831612619486,0.010728437617592249,12.004436235791575,0.003127622244259669,44.87291550382653,1.0,-0.025000000000000022,0.7727272726000972,0.2248659426617152,0.33519621726468046,0.01949587136027814,-0.026172642610998775,0.0,0.9499999794700825,0.14571081765508606,0.2466382378399182,Banks—Regional,Financial Services,NBTB
2020Q3,2020,Q3,2020-11-06,2020-09-30,35113000.0,115050000.0,0.0,0.8,115050000.0,1.0,10850212000.0,1166111000.0,8592288000.0,183472000.0,9684101000.0,0.0,726650000.0,1177163325.0,1006440325.0,26.568188420243214,46.831603732449636,0.04117311256222459,0.3830998935778841,0.0,26.568188420243214,0.03011119867662684,10.231754237288136,8.38125,1.0094779356339147,0.33563067809643155,0.0,0.010011355051347696,0.010603479452751707,9.894616072207203,0.003236157966314391,39.986525527361664,1.0,0.4285714285714285,0.7777777643443655,0.27589856746352565,0.337582677089819,0.002797897654472714,0.4208311415044713,0.0,0.538461549221892,0.14146042943069337,0.2235651512872947,Banks—Regional,Financial Services,NBTB
2020Q2,2020,Q2,2020-08-10,2020-06-30,24713000.0,114729000.0,0.0,0.56,114729000.0,1.0,10847184000.0,1142652000.0,8741842000.0,339656000.0,9704532000.0,0.0,703322000.0,1333634866.4,1237130866.4,26.355021457168466,25.73734013236922,0.05558935849156795,0.5277092238056731,0.0,26.355021457168466,0.021627757182414244,11.624217646802466,13.491227960992191,1.1671400097317468,8.09290656739368e-05,0.0,1.4996608519982527e-06,0.010576846488452672,5.322841345361189,0.0022782871572935427,37.1724187195139,1.0,1.4347826086956523,0.29545456937616627,0.2759707537994635,0.318410120640849,0.028157401847885507,1.3835841049382716,0.0,0.1632653177151479,0.1620606321917285,0.22166913440008268,Banks—Regional,Financial Services,NBTB
2020Q1,2020,Q1,2020-05-11,2020-03-31,10368000.0,111587000.0,0.0,0.23,111587000.0,1.0,9953543000.0,1112179000.0,7942369000.0,548904000.0,8841364000.0,0.0,678611000.0,1399248000.0,1830171000.0,25.74488425925926,14.46950468570096,0.07176168325188327,0.6422374455910425,0.0,25.74488425925926,0.0093222403947566,12.539525213510535,33.739583333333336,1.258114026609026,2.279320987654321,0.0,0.01688907184430494,0.011210781929610392,2.3398262719892733,0.0010416391429664794,37.23483860666862,1.0,-0.6515151515151516,-0.4146341473081581,0.3030837056095226,0.2999368064092861,-0.0035807407936564633,-0.6419889502762431,0.0,-0.48936169633611126,0.16139311314080168,0.19849251473164778,Banks—Regional,Financial Services,NBTB
2019Q4,2019,Q4,2020-03-02,2019-12-31,28960000.0,111988000.0,0.0,0.66,111988000.0,1.0,9715925000.0,1120397000.0,7720320000.0,655275000.0,8595528000.0,0.0,696214000.0,1779723641.2800002,2383562641.28,25.533909459851078,11.781801533707222,0.08446771666104874,0.7324921434098806,0.0,25.533909459851078,0.025847980671137107,15.892092378469124,15.36363640607735,1.5884759074506627,0.4087016574585635,0.0,0.0066504707390903665,0.011526231419036272,1.819362862920148,0.0029806734819381583,37.96743768064,1.0,-0.09589041095890405,0.5714285518087696,0.24488633930008927,0.3023871631447781,-0.041182212024178495,-0.10559313135056672,0.0,0.46666665139519103,0.17568890865505005,0.2181956077479659,Banks—Regional,Financial Services,NBTB
2019Q3,2019,Q3,2019-11-08,2019-09-30,32379000.0,116798000.0,0.0,0.73,116798000.0,1.0,9661386000.0,1098601000.0,7660619000.0,443266000.0,8562785000.0,0.0,679090000.0,1601010268.95,1955615268.95,25.107778113355366,17.282216547174833,0.06507358261019693,0.5722741923591914,0.0,25.107778113355366,0.029472938764847294,13.707514417627015,12.361486371954046,1.4573173235323837,0.3519565150251706,0.0,0.0071180055624964255,0.012089155738110454,2.7213208321865427,0.0033513825035041554,39.3349287246327,1.0,0.05797101449275368,1.9600000274251834,0.29839304247912213,0.27811193680226604,0.04370593439195046,0.05969563082965145,0.0,0.6086956751219802,0.2176121936603665,0.2005259963470247,Banks—Regional,Financial Services,NBTB
2019Q2,2019,Q2,2019-08-08,2019-06-30,30555000.0,111907000.0,0.0,0.69,111907000.0,1.0,9635718000.0,1074823000.0,7519964000.0,609366000.0,8560895000.0,0.0,658107000.0,1637748000.0000002,2243145000.0,24.623665521191295,12.340636005290746,0.08248778139833482,0.7394975730887784,0.0,24.623665521191295,0.028427936506755066,14.634902195573112,13.400000000000002,1.5237373967620715,0.00013091147111765668,0.0,2.4423781924935947e-06,0.011613768688539867,1.918597361848216,0.0031710143447535514,74.66028446389498,1.0,0.045454545454545324,0.11111111432706217,0.27239848592669763,0.2603696140890169,0.010656840698294002,0.049026676279740444,0.0,0.521739138078256,0.17360368024035475,0.18895452467014778,Banks—Regional,Financial Services,NBTB
2019Q1,2019,Q1,2019-05-10,2019-03-31,29127000.0,110727000.0,0.0,0.66,110727000.0,1.0,9533510000.0,1034055000.0,7407813000.0,544883000.0,8499455000.0,0.0,627556000.0,1586334659.66,2128990659.66,23.78606980577936,13.595236041498817,0.07549947500972884,0.6960703250794203,0.0,23.78606980577936,0.02816774736353482,14.326538781507672,13.615671538950116,1.534091184376073,0.7818862224053283,0.0,0.01435636538691096,0.011614505045885513,2.0719640730211806,0.0030552231025089394,42.525659053159266,1.0,0.015384615384615398,0.6341463447322797,0.28958156006236785,0.25545072796782126,0.06383367120471163,0.016578249336870028,0.0,0.5227272874528676,0.18555107900133788,0.1582193644673275,Banks—Regional,Financial Services,NBTB
2018Q4,2018,Q4,2019-03-01,2018-12-31,28652000.0,104083000.0,0.0,0.65,104083000.0,1.0,9556363000.0,1017909000.0,7381877000.0,871696000.0,8538454000.0,0.0,621203000.0,1501625265.39,2367286265.3900003,23.44757585099332,8.468407564104917,0.10952032692772344,1.028201931606853,0.0,23.44757585099332,0.028147899271938847,14.427190467127197,13.10227266325213,1.4752058046347956,0.39683093675834147,0.0,0.007571795881475794,0.010891486646122588,1.3530531286136451,0.002998211767384726,33.4847868299699,1.0,-0.04411764705882357,0.609756098242193,0.2080767489439954,0.25539491921492574,-0.05097835403103744,-0.038749287080216056,0.0,0.5000000230139657,0.09759108475041768,0.15563737907049388,Banks—Regional,Financial Services,NBTB
2018Q3,2018,Q3,2018-11-09,2018-09-30,29807000.0,109674000.0,0.0,0.68,109674000.0,1.0,9547284000.0,994155000.0,7391910000.0,811709000.0,8553129000.0,0.0,603921000.0,1642453385.28,2454476385.2799997,22.68008832631166,9.106601010953433,0.10334415525923393,0.9924569106427066,0.0,22.68008832631166,0.02998224622920973,14.9757771694294,13.775735442010266,1.6521099680432125,0.3666923876941658,0.0,0.006654678968643418,0.011487455489959239,1.5716309662699317,0.0031220397340227858,40.6668660314945,1.0,0.06250000000000006,0.5454545256527912,0.23751595063640288,0.24769461699423734,0.006266572469286455,0.059955193627538136,0.0,0.5111110834698251,0.21787243257611894,0.14183521963533993,Banks—Regional,Financial Services,NBTB
2018Q2,2018,Q2,2018-08-09,2018-06-30,28121000.0,108991000.0,0.0,0.64,108991000.0,1.0,9467138000.0,978929000.0,7334766000.0,853997000.0,8488209000.0,0.0,585044000.0,1676275215.3,2552763215.3,22.27924210125378,8.588749140804945,0.10868870824530075,1.0511191312138062,0.0,22.27924210125378,0.028726291692247344,15.379941603435146,14.902343580420327,1.7123562743569756,0.00010668183919490771,0.0,1.789682250633942e-06,0.011512560607017665,1.5754411315262231,0.0029703802775453364,103.00959966201684,1.0,0.08474576271186449,0.6410256606696246,0.23993329792767698,0.22079126443823477,0.053806586351594375,0.08215962441314555,0.0,0.45454548618516694,0.1960738012884003,0.11451923172353494,Banks—Regional,Financial Services,NBTB
2018Q1,2018,Q1,2018-05-10,2018-03-31,25986000.0,103426000.0,0.0,0.59,103426000.0,1.0,9230834000.0,952730000.0,7095182000.0,586012000.0,8278104000.0,0.0,555783000.0,1536638799.9999998,2153091800.0,21.997921957977372,12.107571176016874,0.08406954344537015,0.8145350728957836,0.0,21.997921957977372,0.02727530360123015,14.857374354611023,14.783333333333333,1.6128796196194093,0.8068190564149927,0.0,0.013644065215586124,0.011204404715760244,2.432528685419411,0.0028151302471694324,39.53785668339122,1.0,0.47499999999999987,1.8571428944960127,0.13477325545617644,-0.0025480928025248843,0.004438228981538133,0.4733798265011056,0.0,0.4634146317296047,0.2047141299259935,0.1107413857341065,Banks—Regional,Financial Services,NBTB
2017Q4,2017,Q4,2018-03-01,2017-12-31,17637000.0,102969000.0,0.0,0.4,102969000.0,1.0,9136812000.0,958177000.0,7022579000.0,719123000.0,8178635000.0,0.0,543713000.0,1622603999.9999998,2372128000.0,21.731065373929805,9.765476837759326,0.09950823109854948,0.9488727030600818,0.0,21.731065373929805,0.01840682880094179,15.758179646301311,22.999999999999996,1.6934282496866444,0.5687475194194024,0.0,0.006182038254558722,0.011269685750347057,1.9684935678597402,0.0019303231805579452,42.901062873459885,1.0,-0.23076923076923075,0.02564101860323276,0.09300355810446759,0.25513709156105785,0.019252850807728858,-0.2290173107186571,0.0,-0.047619056878949934,0.13908099852047556,0.108418615996425,Banks—Regional,Financial Services,NBTB
2017Q3,2017,Q3,2017-11-09,2017-09-30,22876000.0,101024000.0,0.0,0.52,101024000.0,1.0,9155396000.0,955238000.0,6927215000.0,681950000.0,8200158000.0,0.0,536107000.0,1615397549.76,2305641549.76,21.71375050383808,10.157951462717207,0.09525093180021924,0.9129243183374196,0.0,21.71375050383808,0.023947958519238137,15.990235486221096,17.65384627732121,1.6910943134171796,0.43840706417205805,0.0,0.006208378860974508,0.01103436705523169,2.2573942371141578,0.002498635777196311,55.53866292236815,1.0,0.06122448979591842,0.21499242356260734,0.05058262907287625,0.27879087283045667,0.017761255679471292,0.0710239243410272,0.0,1.0799999854520022,0.11699259607304381,0.10533889483990085,Banks—Regional,Financial Services,NBTB
2017Q2,2017,Q2,2017-08-09,2017-06-30,21359000.0,99261000.0,0.0,0.49,99261000.0,1.0,9076418000.0,940361000.0,6817731000.0,831185000.0,8136057000.0,0.0,523260000.0,1610642962.2,2468051962.2,21.572961708744863,8.202423046614172,0.11252665974616859,1.0861137371711502,0.0,21.572961708744863,0.02271361742990192,16.22634229153444,18.85204085163163,1.712792174707373,0.4693103609719556,0.0,0.006223601527621041,0.01093614242975588,1.8400849389726714,0.0023532411133995812,43.71401715836613,1.0,0.06521739130434775,0.22499999770588502,0.07152642974960612,0.26209280312102573,0.034378191367416266,0.05325706395778885,0.0,-0.22222222142763734,0.1301704504118523,0.10421843572428653,Banks—Regional,Financial Services,NBTB
2017Q1,2017,Q1,2017-05-10,2017-03-31,20279000.0,95962000.0,0.0,0.46,95962000.0,1.0,8945485000.0,926839000.0,6688643000.0,540243000.0,8018646000.0,0.0,511925000.0,1599452209.63,2203018209.63,21.481055528347415,12.380804563872184,0.08333388295883343,0.8043058179468063,0.0,21.481055528347415,0.021879743946899084,16.667558092057273,19.718085330021207,1.7257066325758843,0.4941072044972632,0.0,0.006264644820064939,0.010727422828387729,2.7940574889447896,0.0022669536643345777,60.447929313303106,1.0,0.02222222222222224,0.14634145293251083,0.022052025723003552,0.3032968168684368,0.014504704514219263,0.034220726234190126,0.0,0.1463414440476982,0.12607376215697982,0.1337899459972313,Banks—Regional,Financial Services,NBTB
2016Q4,2016,Q4,2017-03-01,2016-12-31,19608000.0,94590000.0,0.0,0.45,94590000.0,1.0,8867268000.0,913316000.0,6626330000.0,681703000.0,7953952000.0,0.0,501761000.0,1824851186.0400002,2562656186.04,20.96043467686991,9.720259409156187,0.10002923110026674,0.9711709857267364,0.0,20.96043467686991,0.021469020579952612,19.292221017443705,23.26666648867809,1.9980501666892951,0.5088229294165647,0.0,0.005467295128678678,0.01066732165983931,2.181992744640995,0.0022112786035112506,58.90416998192383,1.0,-0.021739130434782625,0.09180203065217499,0.02326986057753144,0.2968149769363835,-0.007668824288456898,-0.019649017549122544,0.0,0.0975609791075714,0.09383086413165301,0.12223213884023286,Banks—Regional,Financial Services,NBTB
2016Q3,2016,Q3,2016-11-09,2016-09-30,20001000.0,95321000.0,0.0,0.46,95321000.0,1.0,8773024000.0,909349000.0,6624655000.0,585027000.0,7863675000.0,0.0,492130000.0,1429201898.4499998,2041131898.4499998,20.913981196370276,11.323673950091193,0.09123045827755628,0.8801538243292729,0.0,20.913981196370276,0.02199485566047799,14.993568032752487,17.864130524098794,1.5716758895099678,0.49722513874306284,0.0,0.006958429044059881,0.010865238713583823,2.525244134031421,0.002279829623172124,52.44970084957245,1.0,0.0,1.5718476140966449e-09,0.027869844747408546,0.2839308962040299,0.00819706809383792,0.004621025666783867,0.0,0.04545453805595075,0.0843043277493908,0.15053616119992685,Banks—Regional,Financial Services,NBTB
2016Q2,2016,Q2,2016-08-09,2016-06-30,19909000.0,94546000.0,0.0,0.46,94546000.0,1.0,8624780000.0,896353000.0,6477959000.0,666424000.0,7728427000.0,0.0,482074000.0,1239118854.05,1945441854.05,20.710350993468527,9.720476753538287,0.10179111815026007,0.979442250988171,0.0,20.710350993468527,0.022211115486867338,13.105989190975821,15.559782686850168,1.3824005208327521,0.47641770053744537,0.0,0.007654632942593632,0.010962134686334028,2.165586773585585,0.0023083487346923634,61.100535209566075,1.0,0.06976744186046518,0.06976742553766627,0.06320200720714321,0.3186744699279482,0.02501111243617125,0.05388809485998624,0.0,0.17948717426004893,0.09196824674980514,0.13482386256098347,Banks—Regional,Financial Services,NBTB
2016Q1,2016,Q1,2016-05-10,2016-03-31,18891000.0,92239000.0,0.0,0.43,92239000.0,1.0,8472964000.0,881727000.0,6368739000.0,347868000.0,7591237000.0,0.0,471650000.0,1157073752.45,1581004752.45,20.536757142476826,18.30791852081824,0.06838704849920288,0.6571659935558285,0.0,20.536757142476826,0.021424998894215556,12.544300701980724,15.312500032422847,1.3122811850493405,0.5014557196548621,0.0,0.008187032140295094,0.010886273091683147,4.068738716984603,0.0022295621697436692,41.78217428411512,1.0,0.0,0.04761905418771558,0.054847864177030074,0.2977204861909514,-0.02861325245376806,-0.012338578972133633,0.0,1.0952381181939304,0.02089214031972483,-0.06880169779007855,Banks—Regional,Financial Services,NBTB
2015Q4,2015,Q4,2016-02-29,2015-12-31,19127000.0,94956000.0,0.0,0.43,94956000.0,1.0,8262646000.0,882004000.0,6236646000.0,442481000.0,7380642000.0,0.0,462232000.0,1211956285.3999999,1745783285.3999999,20.28973471752251,14.094720451273615,0.08158693958327635,0.7643094589140186,0.0,20.28973471752251,0.021685842694590955,12.76334602763385,15.840909256548334,1.3740938651071877,0.5016991687143828,0.0,0.007917777328769651,0.011492202376817305,2.971519681071052,0.0023148758884260563,42.83741995617135,1.0,-0.04444444444444448,0.038401391386736,0.02301987949939066,0.2953365736616914,0.04775566050227303,-0.03647171427132134,0.0,0.12820510866656631,0.022369841988202074,0.17188909902447774,Banks—Regional,Financial Services,NBTB
2015Q3,2015,Q3,2015-11-09,2015-09-30,19851000.0,90628000.0,0.0,0.45,90628000.0,1.0,8161562000.0,876216000.0,6256381000.0,362332000.0,7285346000.0,0.0,452701000.0,1188413191.02,1597576191.02,19.86283829426355,17.266984423125752,0.07280015761688755,0.6781010618386334,0.0,19.86283829426355,0.022655372647840257,13.113090777905283,14.966666553574127,1.3563016322687558,0.4834013399828724,0.0,0.008074632688790566,0.01110424695664874,3.431651082432686,0.002432255002167477,33.61087140166299,1.0,0.046511627906976785,0.06593863537094975,-0.009967222352629134,0.2831434211757184,-0.0027509408217610424,0.02956278201338105,0.0,0.051435766458890156,-0.060114550235801666,0.16978484738146804,Banks—Regional,Financial Services,NBTB
2015Q2,2015,Q2,2015-08-10,2015-06-30,19281000.0,90878000.0,0.0,0.43,90878000.0,1.0,8072485000.0,875971000.0,6111273000.0,511992000.0,7196514000.0,0.0,442446000.0,1146781307.3500001,1756463307.3500001,19.990002385872078,11.936266582290349,0.0921516732455991,0.8492210358562099,0.0,19.990002385872078,0.022011002647347913,12.618910048086446,14.86931833605622,1.3091544210367696,0.5017893262797573,0.0,0.008436656525521103,0.011257747769119423,2.467733870841732,0.00238848384357481,48.29569624552538,1.0,0.04878048780487809,0.04761903239437765,0.004253719624137086,0.3026283406910216,0.034726966343307374,0.061378399207310363,0.0,0.09999998858980355,-0.024132272109529774,0.16948421297917124,Banks—Regional,Financial Services,NBTB
2015Q1,2015,Q1,2015-05-11,2015-03-31,18166000.0,87828000.0,0.0,0.41,87828000.0,1.0,7863861000.0,877494000.0,5956301000.0,193172000.0,6986367000.0,0.0,432840000.0,1110341364.02,1392821364.02,19.804719838937665,30.83418404323608,0.05406288335971351,0.4844967600918069,0.0,19.804719838937665,0.020702135855059978,12.642225304230998,15.280487779643288,1.2653549357830365,0.5109545304414841,0.0,0.008359591293973272,0.011168559566350423,6.28619572194728,0.002310061177327524,38.34713742082542,1.0,-0.023809523809523832,5.228998282901346e-09,-0.050203625806187584,0.3096621917399423,-0.028107294617563738,-0.018743585588505373,0.0,3.849238957722894e-09,-0.0890806332421478,0.20159031715162504,Banks—Regional,Financial Services,NBTB
2014Q4,2014,Q4,2015-03-02,2014-12-31,18513000.0,90368000.0,0.0,0.42,90368000.0,1.0,7797926000.0,864181000.0,5949392000.0,316802000.0,6933745000.0,0.0,423956000.0,1157944060.17,1560251060.17,19.605467699939727,18.77952790702079,0.07039602581506929,0.6352176222342311,0.0,19.605467699939727,0.02142259549793388,12.813651515691395,15.63690460986874,1.3399323291879828,0.4997569275644142,0.0,0.007990023281989715,0.01158872243722241,3.660983832172777,0.0023740928036506117,43.45168900033773,1.0,0.6799999999999999,0.03737977242239973,-0.02217211299991758,0.3230586607407382,0.00705410374993035,0.6965725806451613,0.0,0.01901523072107315,-0.03360894271007052,0.2129836301143492,Banks—Regional,Financial Services,NBTB
2014Q3,2014,Q3,2014-11-10,2014-09-30,10912000.0,89735000.0,0.0,0.25,89735000.0,1.0,7867031000.0,857440000.0,5981087000.0,375637000.0,7009591000.0,0.0,414695000.0,982952960.0,1416306960.0,19.64442815249267,15.922518282277837,0.07727044675430922,0.7089580612054488,0.0,19.64442815249267,0.012726254898301922,10.95395286120243,22.52,1.1463810412390372,0.8456744868035191,0.0,0.009388038263804608,0.011406463251511276,3.245252730694793,0.0013870544046413443,77.47107187894073,1.0,-0.5967741935483871,-0.36768807998232433,0.01540655261329644,0.3559285591295253,0.01511329313680019,-0.6052098408104197,0.0,-0.45652173555891434,-0.03608012711577891,0.2059917242166692,Banks—Regional,Financial Services,NBTB
2014Q2,2014,Q2,2014-08-11,2014-06-30,27640000.0,88399000.0,0.0,0.62,88399000.0,1.0,7869512000.0,857141000.0,5982968000.0,534478000.0,7012371000.0,0.0,413011000.0,1053829844.3199999,1757291844.32,19.536860652570592,11.194039792096213,0.11268792779018572,1.0346010749689958,0.0,19.536860652570592,0.032246736534595824,11.92128694125499,9.531746059334298,1.2294708155601004,0.33350217076700434,0.0,0.008747142671735642,0.011233098062497395,2.922732086259865,0.003512288944981595,127.73695082666666,1.0,0.5121951219512196,0.8700694868018859,0.018311626749018248,0.3904540624274219,0.018961661710122875,0.5347881614748181,0.0,0.4651162598331269,-0.019349832384884323,0.24395570954879406,Banks—Regional,Financial Services,NBTB
2014Q1,2014,Q1,2014-05-12,2014-03-31,18009000.0,86754000.0,0.0,0.41,86754000.0,1.0,7753129000.0,832202000.0,5875165000.0,356878000.0,6920927000.0,0.0,394589000.0,1074390579.4,1655579579.4,18.94623920787517,16.462670716603434,0.09889594252849399,0.9213544307752204,0.0,18.94623920787517,0.021640178706612098,12.384334778799825,14.914634063523794,1.2910213859135162,0.5112443778110944,0.0,0.008569509242292226,0.011189546826835978,4.380065456542572,0.0023228041220518837,34.41243327888281,1.0,0.0,0.01866432634185256,-0.05251673450785303,0.3902818290940532,-0.00013830302192102898,0.004686192468619247,0.0,-0.023809510201153482,-0.030246661175231674,0.19721544086821377,Banks—Regional,Financial Services,NBTB
2013Q4,2013,Q4,2014-03-03,2013-12-31,17925000.0,86766000.0,0.0,0.41,86766000.0,1.0,7652175000.0,816569000.0,5785351000.0,456042000.0,6835606000.0,0.0,385787000.0,1132335360.8,1839470360.8,18.677450013623208,12.686004797803712,0.11317841005988494,1.0606096974046284,0.0,18.677450013623208,0.02195160482457698,13.050450185556555,15.792682856345886,1.3866989327295058,0.5123570432357043,0.0,0.008110671376995119,0.011338737025747581,3.3413742593883895,0.0023424712581716963,36.90793222946545,1.0,-0.06818181818181825,-0.10613008931799983,-0.0680561957207089,0.40468506418380334,-0.019449184625990257,-0.06916965259386197,0.0,-0.032398689044449404,-0.07054125473196093,0.192405146849469,Banks—Regional,Financial Services,NBTB
2013Q3,2013,Q3,2013-11-12,2013-09-30,19257000.0,88487000.0,0.0,0.44,88487000.0,1.0,7668903000.0,795559000.0,5780825000.0,373234000.0,6873344000.0,0.0,377046000.0,1005740588.82,1580937588.8200002,18.17759571725107,15.488473718900208,0.1021578966378894,0.9847654290882261,0.0,18.17759571725107,0.02420562145610822,11.365970016160567,13.056818154696995,1.2641935906953474,0.45521109207041593,0.0,0.008715965227459736,0.011538416902652178,4.270714886639481,0.00251105014628559,23.284266074454788,1.0,0.15789473684210525,-0.06250215279641187,-0.015599069118207095,0.3871635074497483,0.019776192506713072,0.1383896902340979,0.0,0.04225110442985724,-0.025682354539804615,0.17427640560910176,Banks—Regional,Financial Services,NBTB
2013Q2,2013,Q2,2013-08-08,2013-06-30,16916000.0,86771000.0,0.0,0.38,86771000.0,1.0,7534518000.0,791575000.0,5636330000.0,385611000.0,6742943000.0,0.0,366555000.0,931681231.32,1583912231.3200002,18.24983742122852,14.616621413808216,0.10563621986170847,1.0054865300192655,0.0,18.24983742122852,0.02137005337460127,10.737242066128085,13.769230777370536,1.1769967865584436,0.5208087018207614,0.0,0.009456023910150093,0.011516463295993188,3.978335680258084,0.0022451336634938027,26.06174246328569,1.0,0.8095238095238096,-0.1488224061796476,0.02515752251929693,0.4454927533170883,0.13202697942623057,1.2115309190743888,0.0,-0.07142857584011218,-0.03126920948378422,0.18923224615006554,Banks—Regional,Financial Services,NBTB
2013Q1,2013,Q1,2013-05-10,2013-03-31,7649000.0,76651000.0,0.0,0.21,76651000.0,1.0,7610831000.0,803295000.0,5696304000.0,185871000.0,6807536000.0,0.0,358449000.0,795496010.4,1212078010.4,22.054117897056898,30.646545184563486,0.09404071644738925,0.8909902339738204,0.0,22.054117897056898,0.009522031134265743,10.378155671811196,26.000000339913715,0.9902912509103131,0.8835141848607662,0.0,0.008495328589519725,0.01007130495999714,9.4954941868285,0.0010050150896794318,203.5037120491174,1.0,-0.46153846153846156,-0.5116279197706102,0.1157930213289448,0.7332820755720193,0.06674552919073133,-0.41681915218054283,0.0,-0.4878048829126073,0.008336341240068079,0.45841216724325784,Banks—Regional,Financial Services,NBTB
2012Q4,2012,Q4,2013-03-01,2012-12-31,13116000.0,71855000.0,0.0,0.39,71855000.0,1.0,6042259000.0,582273000.0,4582569000.0,162941000.0,5459986000.0,0.0,357558000.0,681695687.63,1123882687.63,17.31369865494304,28.12410013440448,0.10026961770423942,1.0404999029664779,0.0,17.31369865494304,0.022525516381491157,9.487101630088372,12.993589654429703,1.1707492664609211,0.5143336383043611,0.0,0.009895911214362101,0.011892075463829008,8.049950595614364,0.002170711318399294,23.566884036161238,1.0,-0.09302325581395345,0.3845401163452451,0.16812805380904752,0.39004962353287576,-0.03204730985801654,-0.09762641898864809,0.0,-0.03671878550662396,0.01904989937714634,0.16840053527251894,Banks—Regional,Financial Services,NBTB
2012Q3,2012,Q3,2012-11-09,2012-09-30,14535000.0,74234000.0,0.0,0.43,74234000.0,1.0,6028916000.0,576661000.0,4525733000.0,137365000.0,5452255000.0,0.0,351261000.0,748508705.0,1112577705.0,16.97990732118473,32.94676955556364,0.08368154407857067,0.8748796953496075,0.0,16.97990732118473,0.025205449995751403,10.083098108683352,12.874246732026144,1.2980047289482035,0.46329549363605094,0.0,0.00899655535736221,0.012312992916139485,1.0223856149674226,0.002410881160062605,33.147721757229526,1.0,0.07499999999999993,-0.06959520301751004,0.2471113093458339,0.4498239837254414,0.053966180625559045,0.09640190088255261,0.0,0.08248311588761237,0.0795929514597267,0.1720138193610612,Banks—Regional,Financial Services,NBTB
2012Q2,2012,Q2,2012-08-09,2012-06-30,13257000.0,70433000.0,0.0,0.4,70433000.0,1.0,5967568000.0,566505000.0,4431109000.0,212203000.0,5401063000.0,0.0,343460000.0,715546575.0,1155732575.0,17.093007467752884,20.881462561792247,0.09708309984905074,1.0226741158506987,0.0,17.093007467752884,0.023401382159027723,10.15925170019735,13.493749999999999,1.2630896020335214,0.4966432827939956,0.0,0.009201357717350544,0.011802630485316632,0.6558059970876944,0.0022215079911950732,41.394572197153764,1.0,-0.02439024390243891,0.11111110742705577,0.2866550328887626,0.4652234663029969,-0.027813052120141343,-0.02879120879120879,0.0,0.18734570934256056,0.07404323207547743,0.21652306863907905,Banks—Regional,Financial Services,NBTB
2012Q1,2012,Q1,2012-05-10,2012-03-31,13650000.0,72448000.0,0.0,0.41,72448000.0,1.0,5784973000.0,548733000.0,4240859000.0,165977000.0,5236240000.0,0.0,336787000.0,735102440.64,971965440.64,16.482090073665738,25.55088355615537,0.0927345728320599,0.9776466879156165,0.0,16.482090073665738,0.02487548589204586,10.146621585689045,13.463414663736263,1.3396359261061388,0.48703296703296706,0.0,0.009043637502022266,0.0125234810948988,1.8050934768070275,0.0023595615744446863,56.25640473253233,1.0,-0.005247046348928786,7.0011788339229284e-09,0.4067450176246581,0.3938601254023804,0.025754293562134534,-0.005247048535198951,0.0,0.018664318446611882,0.043915591868983174,0.20946168173492838,Banks—Regional,Financial Services,NBTB
2011Q4,2011,Q4,2012-02-29,2011-12-31,13722000.0,70629000.0,0.0,0.4121626364567854,70629000.0,1.0,5598406000.0,538110000.0,4055150000.0,181592000.0,5060296000.0,0.0,329981000.0,736767074.79,1159322074.79,16.163010953487888,22.331104894488742,0.09858806238775823,1.0256936314136516,0.0,16.163010953487888,0.02550036237943915,10.431509362867944,13.423099307498907,1.3691755863856832,0.48272846523830343,0.0,0.008990629775208172,0.012615912457938921,0.7124818273932773,0.0024510548181035817,61.592298511118535,1.0,-0.08408303009603244,0.04092486203436113,0.3602508738626217,0.37961353114660823,0.0010488271561193395,-0.09824538345271736,0.0,-0.10141517709314117,-0.0037927080334252492,0.21558028863916365,Banks—Regional,Financial Services,NBTB
2011Q3,2011,Q3,2011-11-09,2011-09-30,15217000.0,70555000.0,0.0,0.45,70555000.0,1.0,5478451000.0,538848000.0,4030136000.0,158285000.0,4939603000.0,0.0,323400000.0,615957699.7,952644699.7,16.28902401071812,25.461262911836243,0.0964929685416553,0.9810410356909555,0.0,16.28902401071812,0.02823987469564701,8.73017787116434,10.119565283893015,1.143101022366233,0.439442728527305,0.0,0.010856264972833166,0.012878640330998671,1.2126543892346084,0.0027776099485055175,29.50130273001581,1.0,0.046511627906976785,0.06976744586498138,0.34980242840478093,0.37873469550416056,0.007568725455194573,0.03834868645513476,0.0,-0.01988862276391021,0.038448783228931346,0.24304336124040243,Banks—Regional,Financial Services,NBTB
2011Q2,2011,Q2,2011-08-09,2011-06-30,14655000.0,70025000.0,0.0,0.43,70025000.0,1.0,5336996000.0,535263000.0,3898736000.0,175958000.0,4801733000.0,0.0,314873000.0,754221271.35,1197763271.35,15.70543107170349,22.15719660373498,0.10236245258568678,1.020634716018107,0.0,15.70543107170349,0.027379064123617736,10.770742896822563,12.866278938075741,1.4090667043117122,0.4666666666666667,0.0,0.009067630760080127,0.013120676875155987,0.5840370997624433,0.0027459267348148657,42.0811957456899,1.0,0.04878048780487809,0.04878051112287477,0.3167427923034025,0.43736254400728475,0.009325722851624434,0.02432375760117425,0.0,-0.06152212998629375,0.0528944216803671,0.24396104348091208,Banks—Regional,Financial Services,NBTB
2011Q1,2011,Q1,2011-05-10,2011-03-31,14307000.0,69378000.0,0.0,0.41,69378000.0,1.0,5477612000.0,539076000.0,4079913000.0,167461000.0,4938536000.0,0.0,307056000.0,776325077.9399999,991872077.9399999,15.825254637657752,24.36336221568007,0.09812542399863299,0.9970634938301834,0.0,15.825254637657752,0.026539857088796383,11.18978751102655,13.565476304256656,1.4401032098257016,0.483190046830223,0.0,0.00890477481204631,0.012665738281572334,1.9225133016045528,0.0026119046036849635,33.68443085607671,1.0,-0.03239869336289323,0.02439022249417696,0.3146583995320774,0.35960246955187186,-0.046153846153846156,-0.008798669807399196,0.0,-0.023255834964097735,0.07987546297685673,0.2437418867918363,Banks—Regional,Financial Services,NBTB
2010Q4,2010,Q4,2011-03-01,2010-12-31,14434000.0,72735000.0,0.0,0.4237282413610548,72735000.0,1.0,5338856000.0,533572000.0,3909582000.0,159434000.0,4805284000.0,0.0,299797000.0,822652506.9,1183168506.9,15.66367778852021,24.521632775944905,0.09914258785028103,0.9920085761621674,0.0,15.66367778852021,0.027051644389135862,11.310270253660548,14.248519241028127,1.5417835023202118,0.47796868504918943,0.0,0.008386286970664552,0.013623705153313743,1.0586951340366546,0.0027035754476239853,43.88884479833547,1.0,0.008876765145368615,0.05010135942372646,0.36291460005394793,0.5105722091014926,0.015596637716775113,-0.009334248455730955,0.0,0.5042788322235104,0.1673858130490545,0.2575758563787028,Banks—Regional,Financial Services,NBTB
2010Q3,2010,Q3,2010-11-09,2010-09-30,14570000.0,71618000.0,0.0,0.42,71618000.0,1.0,5481992000.0,534251000.0,4096373000.0,166464000.0,4947741000.0,0.0,292294000.0,761695818.6800001,1016894818.6800001,15.479827092176206,24.60816152441369,0.10870719986457478,1.1154532232976635,0.0,15.479827092176206,0.027271825415394635,10.635536019994975,13.069591947151682,1.4257265193326734,0.4733699382292382,0.0,0.009054795668896188,0.013064229207193297,2.0468870146097653,0.002657793006629707,34.05292465486409,1.0,0.0,0.0051503408732735826,0.328549656581956,0.5008193062085654,0.009827836606928837,0.010122018857459789,0.0,-0.08225403567263063,0.18394239095386794,0.3217401106871306,Banks—Regional,Financial Services,NBTB
2010Q2,2010,Q2,2010-08-09,2010-06-30,14424000.0,70921000.0,0.0,0.42,70921000.0,1.0,5415161000.0,527022000.0,3951929000.0,159036000.0,4888139000.0,0.0,284622000.0,701281139.94,1172741139.94,15.345898566330693,24.84927312055132,0.11790914434492344,1.211518684229501,0.0,15.345898566330693,0.027368876441590674,9.888201519155118,12.154761854201332,1.3306487014583832,0.4782307265668331,0.0,0.009836283349342856,0.013096748185326346,1.0503093639176035,0.002663632715629323,28.925966834680747,1.0,0.024390243902439046,0.02439024192115406,0.312512943897494,0.4856225817626308,-0.0031064631300778724,0.03205495134516314,0.0,0.1666666676514312,0.2502867542217632,0.31546018062140585,Banks—Regional,Financial Services,NBTB
2010Q1,2010,Q1,2010-05-10,2010-03-31,13976000.0,71142000.0,0.0,0.41,71142000.0,1.0,5531060000.0,515476000.0,4018734000.0,166942000.0,5015584000.0,0.0,277158000.0,779928978.4,1214684978.4,15.122006242408393,24.07263600531921,0.12141108575933003,1.3027415437382148,0.0,15.122006242408393,0.027112804475863086,10.96298921031177,13.951219562106466,1.5130267527489154,0.4924871207784774,0.0,0.008825162534824979,0.012862272331162562,1.418312947011537,0.0025268212603009187,44.38728463946275,1.0,0.012680244185203856,0.05128205738527144,0.3818933714446466,0.5533361722063367,-0.004589338183853365,0.012680240562278096,0.0,5.621419506299295e-09,0.3491642161006317,0.27884033051465107,Banks—Regional,Financial Services,NBTB
2009Q4,2009,Q4,2010-03-01,2009-12-31,13801000.0,71470000.0,0.0,0.4048661977501925,71470000.0,1.0,5464026000.0,505123000.0,3983163000.0,155977000.0,4958903000.0,0.0,270232000.0,694368587.85,1217882587.85,14.81829058808568,25.536861203895445,0.13006435181677392,1.4069345486148919,0.0,14.81829058808568,0.027322058191767154,9.715525225269344,12.578229618324759,1.3746524863251128,0.4977175566987899,0.0,0.009892440585869166,0.01308009881358544,1.1999269123011727,0.00252579325208189,-102.18816598233995,1.0,0.0121654943754812,0.0628850416630549,0.40311021565473154,0.4626059090999592,0.027872058908128633,0.016423626454558846,0.0,0.022497562269165827,0.34434116437869466,0.26483328277234386,Banks—Regional,Financial Services,NBTB
2009Q3,2009,Q3,2009-11-09,2009-09-30,13578000.0,69532000.0,0.0,0.4,69532000.0,1.0,5484387000.0,497542000.0,3979078000.0,147792000.0,4986845000.0,0.0,263300000.0,774071497.5,1256350497.5,14.487804700495383,26.923500595431417,0.13265001175154123,1.4621961563043924,0.0,14.487804700495383,0.027290158418786757,11.132593590001726,14.252310677198409,1.555791264858042,0.5052290469877744,0.0,0.008862230455656327,0.012678171689926332,1.6592576052831005,0.0024757552667235188,25.41856294946311,1.0,0.1764705882352941,0.013780730231357495,0.3598199919366767,0.4404755558969926,0.02409567573936609,0.17456747404844292,0.0,-0.08052444303434797,0.2813600442681562,0.22627598738376686,Banks—Regional,Financial Services,NBTB
2009Q2,2009,Q2,2009-08-10,2009-06-30,11560000.0,67896000.0,0.0,0.34,67896000.0,1.0,5417057000.0,482140000.0,3957787000.0,120104000.0,4934917000.0,0.0,256582000.0,744963257.61,1278256257.6100001,14.050705579200223,32.952999067474856,0.1338018041899873,1.50332268635666,0.0,14.050705579200223,0.023976438378894096,10.97212291755037,16.110797093641867,1.5451181350022816,0.5933391003460208,0.0,0.009207165494315956,0.012533742953046276,1.5946096716179312,0.0021340000668259537,25.25727267706391,1.0,-0.15,-0.11345822538085892,0.4022428580653401,0.5103878973056152,0.0028654988035803964,-0.11566707466340269,0.0,-0.17832712063014033,0.2680440899027298,0.2859219097019045,Banks—Regional,Financial Services,NBTB
2009Q1,2009,Q1,2009-05-11,2009-03-31,13072000.0,67702000.0,0.0,0.4,67702000.0,1.0,5406234000.0,442598000.0,3951353000.0,127187000.0,4963636000.0,0.0,251881000.0,702823920.0,1266755920.0,13.627624853747152,31.067271026126885,0.13748295023855794,1.6793229973926678,0.0,13.627624853747152,0.029534701919122996,10.38113970045198,13.44139993880049,1.5879509622727621,0.49961750305997554,0.0,0.009292512411928154,0.012522950356939785,1.4099947321660233,0.0024179493525437485,-145.00184031359603,1.0,-0.1279317983486608,0.05917851570780815,0.4275839567327323,0.37660081661621897,-0.02112401139337507,-0.12250788749412633,0.0,-0.018322358815821577,0.34555872255753844,0.17079647876196138,Banks—Regional,Financial Services,NBTB
2008Q4,2008,Q4,2009-03-02,2008-12-31,14897000.0,69163000.0,0.0,0.45867972165773757,69163000.0,1.0,5336088000.0,431845000.0,3872768000.0,206492000.0,4904243000.0,0.0,245340000.0,908084880.0,1636389880.0,13.296539195763286,18.755051043139687,0.15717525648002806,1.942134330604731,0.0,13.296539195763286,0.03449617339554702,13.129634052889552,15.239391823857153,2.1028028111938313,0.43740350406122036,0.0,0.00717554068293704,0.012961367953452043,0.5346260387811634,0.0027917455634164953,44.30114547760757,1.0,-0.0028701703092661925,0.2567277370252855,0.4610957907004961,0.39620922385248786,0.04784486023786077,-0.01233176423788371,0.0,0.13671960524922533,0.3592803431460968,0.2822903316530906,Banks—Regional,Financial Services,NBTB
2008Q3,2008,Q3,2008-11-10,2008-09-30,15083000.0,66005000.0,0.0,0.46,66005000.0,1.0,5335158000.0,421128000.0,3881146000.0,150477000.0,4914030000.0,0.0,237153000.0,961539040.0,1677307040.0,13.104147866944643,25.79228719339168,0.16107507968836163,2.0406171045382875,0.0,13.104147866944643,0.03581571398719629,14.56766972199076,15.93746336935623,2.283246518873122,0.42869455678578533,0.0,0.006724635954459009,0.01237170483048487,0.9542521448460562,0.0028270952800273207,53.01240710111368,1.0,0.02222222222222224,0.30370669573305303,0.4839392780766158,0.4154454199659601,0.057365756760220425,0.029064610766186806,0.0,0.11746288913420266,0.31494123244923866,0.2704895211692875,Banks—Regional,Financial Services,NBTB
2008Q2,2008,Q2,2008-08-11,2008-06-30,14657000.0,62424000.0,0.0,0.45,62424000.0,1.0,5309500000.0,403872000.0,3878680000.0,205624000.0,4905628000.0,0.0,228787000.0,659293290.0,1337220290.0,12.625339960611461,18.86297319379061,0.15544665222714002,2.043578163378496,0.0,12.625339960611461,0.03629120117264876,10.561535467128028,11.245365525005116,1.6324312901117184,0.43883468649791907,0.0,0.009755900898066171,0.01175703926923439,0.7169250671127884,0.0027605235897918824,29.673836078854983,1.0,0.046511627906976785,0.2727465343989775,0.4405843278235952,0.3903345667552659,0.03763297872340426,0.06860600758238554,0.0,0.11753353558902568,0.240269591525776,0.22224776000192947,Banks—Regional,Financial Services,NBTB
2008Q1,2008,Q1,2008-05-12,2008-03-31,13716000.0,60160000.0,0.0,0.43,60160000.0,1.0,5229771000.0,405863000.0,3767229000.0,399992000.0,4823908000.0,0.0,220709000.0,708128362.8,1471425362.8,12.723905824606522,9.418260865217304,0.17214367512458958,2.2181672140599167,0.0,12.723905824606522,0.03379465484658616,11.77075071143617,12.90697657480315,1.7447472738337813,0.4677748614756489,0.0,0.009060504192531689,0.011503371753753653,0.3424443488869777,0.0026226769776343936,34.65611328732932,1.0,0.5265442203672787,0.19444446838133217,0.35345059778545557,0.4017928181395833,0.03114341052054231,0.5265442404006678,0.0,0.10256412737887717,0.24880984153028485,0.30700271196029016,Banks—Regional,Financial Services,NBTB
2007Q4,2007,Q4,2008-02-29,2007-12-31,8985000.0,58343000.0,0.0,0.28168198094945734,58343000.0,1.0,5201776000.0,397300000.0,3734938000.0,368467000.0,4804476000.0,0.0,215031000.0,727904920.6800001,1433734920.68,12.455453648438441,10.136424700176677,0.16701526555545645,2.186700226529071,0.0,12.455453648438441,0.02261515227787566,12.476302567231716,20.25333669115192,1.8321291736219483,0.7171953255425709,0.0,0.008852804558568024,0.01121597700477683,0.44222684799452866,0.00172729467781773,28.199160139464613,1.0,-0.3876478675011797,-0.2763620541704466,0.29916598329490796,0.3686411944179885,0.010898568804796064,-0.4068132303426421,0.0,-0.2605073831282734,0.22404330536841502,0.22938742484737232,Banks—Regional,Financial Services,NBTB
2007Q3,2007,Q3,2007-11-09,2007-09-30,15147000.0,57714000.0,0.0,0.46,57714000.0,1.0,5151072000.0,385646000.0,3682710000.0,305865000.0,4765426000.0,0.0,212771000.0,766240633.47,1376165633.47,11.711702600996755,12.040311902309842,0.14723265370781072,1.9665859363250235,0.0,11.711702600996755,0.03927695347546714,13.276512344838341,12.646739180530798,1.986901545640302,0.42853370304350696,0.0,0.008471229162834703,0.01120426971317815,0.4854461935821359,0.0029405529567437614,65.08456922364734,1.0,0.2777777777777779,0.39393940870429606,0.2989591648943673,0.36239796197842894,0.042710027100271004,0.25555371352785144,0.0,0.17948717294533867,0.17716202839898715,0.16445670434073445,Banks—Regional,Financial Services,NBTB
2007Q2,2007,Q2,2007-08-09,2007-06-30,12064000.0,55350000.0,0.0,0.36,55350000.0,1.0,5121634000.0,390934000.0,3676277000.0,290387000.0,4730700000.0,0.0,204175000.0,756345775.27,1332995775.27,11.665802425947621,12.659922792687,0.14018182478482452,1.8365248353942099,0.0,11.665802425947621,0.030859428957317605,13.66478365438121,15.673611059142905,1.934714747936992,0.5603448275862069,0.0,0.008937711058922512,0.010807097891024622,0.48662646743828064,0.0023554982648115817,26.245602584148795,1.0,-0.1219512195121951,0.0909090955318877,0.19619667468653082,0.36015221093638317,0.03809148708715467,-0.14633455986413813,0.0,-0.05263158183657923,0.1705308827416367,0.2540214935962462,Banks—Regional,Financial Services,NBTB
2007Q1,2007,Q1,2007-05-10,2007-03-31,14132000.0,53319000.0,0.0,0.41,53319000.0,1.0,5100781000.0,407580000.0,3658204000.0,204421000.0,4693201000.0,0.0,198948000.0,807592104.99,1323135104.99,11.824780530907057,17.895441270710936,0.13186902162629605,1.6503140487757004,0.0,11.824780530907057,0.03467294764218068,15.146422569628088,14.286585497275686,1.9814321237303105,0.4621426549674498,0.0,0.008087003277577696,0.010453105122529276,0.7684729064039408,0.0027705561167985842,47.28014197002518,1.0,0.035463081037514534,0.28124998821380565,0.163960111936215,0.4686119764292542,-0.008147776103577208,0.0354630715123095,0.0,0.07894735326288502,0.059379725866528496,0.19448566495270841,Banks—Regional,Financial Services,NBTB
