Year,Date,FillingDate,NetIncome,Revenue,OperatingIncome,EPSDiluted,GrossProfit,GrossProfitRatio,TotalAssets,CommonStockEquity,CurrentAssets,CurrentLiability,TotalLiability,Inventory,RetainedEarnings,EnterpriseValue,bookValuePerShare,currentRatio,debtToAssets,debtToEquity,roic,shareholdersEquityPerShare,roe,priceToSalesRatio,peRatio,pbRatio,payoutRatio,inventoryTurnover,dividendYield,assetTurnover,quickRatio,returnOnAssets,priceToFreeCashFlowsRatio,grossProfitMargin,epsdilutedGrowth,fiveYNetIncomeGrowthPerShare,fiveYRevenueGrowthPerShare,fiveYShareholdersEquityGrowthPerShare,grossProfitGrowth,netIncomeGrowth,operatingIncomeGrowth,threeYNetIncomeGrowthPerShare,threeYRevenueGrowthPerShare,threeYShareholdersEquityGrowthPerShare,Industry,Sector,Price,MarketCap,AvgVolume,Symbol
2022,2022-12-31,2022-12-31,-460604082.0,-458175490.0,-458774986.0,-4.34,-458175490.0,1.0,1647026072.0,1605179372.0,7526229.0,5169698.0,41846700.0,0.0,244869814.0,1405521073.22,15.530354759677104,1.4558353311934276,0.021250422561616862,0.021804416758976392,-0.2797102523247683,15.530354759677104,-0.28694866756610676,-2.9912579418423277,-2.9754861643193165,0.8538117902128136,-0.18255768953432766,0.0,0.0613539030103641,-0.2781835077107389,1.4558353311934276,-0.27965803931730354,11.51189535734625,1.0,-2.2399999999999998,-2.561367734610526,-2.5412458539979776,-0.12139121045555923,-2.255931059040314,-2.2732613175079392,-2.265444462932183,-2.138254284919072,-2.124855771551282,-0.06307076899840233,Asset Management,Financial Services,13.805,1517376575,259103,RVT
2021,2021-12-31,2021-12-31,361751414.0,364809427.0,362540593.0,3.5,364809427.0,1.0,2226084365.0,2149870271.0,4877432.0,3917346.0,76214094.0,0.0,826299640.0,2094774345.73,20.80032211871282,1.2450858310703217,0.031445349107422534,0.03256010418128155,0.16331611704349006,20.80032211871282,0.16826662467951303,5.550224845834371,5.59714286487903,0.9418123377222142,0.2777800862998147,0.0,0.04962890764193819,0.16387942556705393,1.2450858310703217,0.16250570719048196,20.14802864724165,1.0,0.14754098360655746,-0.6405182242624575,15.016466088620783,0.3127182953524313,0.13171752815987434,0.13080288260049425,0.12924214728603303,2.535087722496495,2.5624942547911576,0.5341144189471836,Asset Management,Financial Services,13.805,1517376575,259103,RVT
2020,2020-12-31,2020-12-31,319906696.0,322350249.0,321047699.0,3.05,322350249.0,1.0,1965134036.0,1888606196.0,2764138.0,4510333.0,76527840.0,0.0,637113940.0,1762883035.74,18.006027966684783,0.6128456590677451,0.035620979901444236,0.037064370618002565,0.16391641140299956,18.006027966684783,0.16938771919606685,5.251689126940926,5.291803262973902,0.8963664851494535,0.32457433463662166,0.0,0.061335298858827283,0.16403473915506495,0.6128456590677451,0.1627912855507633,28.49890942895275,1.0,0.6758241758241756,1.7224008402107418,13.068836395720062,0.3277631171710185,-0.1671920857685615,-0.16807018792118328,-0.17011851286291274,0.06861053709734881,0.06853015318980694,0.0186666487096518,Asset Management,Financial Services,13.805,1517376575,259103,RVT
2019,2019-12-31,2019-12-31,384535680.0,387064344.0,386859695.0,1.82,387064344.0,1.0,1700062487.0,1628039493.0,1314316.0,765349.0,72022994.0,0.0,421040548.0,1520669782.4099998,16.575803428691,1.7172766933777923,0.041174957117914454,0.04299649996267013,0.2278272658526441,16.575803428691,0.2361955478680762,3.7478972576456173,3.772543014499981,0.8910578641657066,0.2752154234426309,0.0,0.0729522294072791,0.22767653951533842,1.7172766933777923,0.22618914477582963,28.953991245447586,1.0,1.7982456140350878,16.251068984162796,16.708733000596073,2.250063249256519,2.781463209322284,2.753480410894862,2.777687364678463,-0.5978805039787577,16.882805712081193,0.04610689665390444,Asset Management,Financial Services,13.805,1517376575,259103,RVT
2018,2018-12-31,2018-12-31,-219298532.0,-217273274.0,-217619646.0,-2.28,-217273274.0,1.0,1364766895.0,1304106885.0,1386873.0,344164.0,60660010.0,0.0,142334457.0,1179892190.6000001,13.558520708636227,4.029686428563127,0.03297266380424622,0.03450637406917762,-0.16130645275003544,13.558520708636227,-0.1681599372891893,-5.223680159576369,-5.175438614427206,0.8703014328461276,-0.5138906903398697,0.0,0.09929413304359033,-0.15920174704999712,4.029686428563127,-0.1606857059644607,-34.89838426415282,1.0,-1.7999999999999998,-1.1496639907253965,-9.918057407059745,-0.25385629652810127,-1.9019465870190408,-1.9173764456017957,-1.9044073159281674,0.45997576882582875,-11.340917866574479,-0.00019572591826805036,Asset Management,Financial Services,13.805,1517376575,259103,RVT
2017,2017-12-31,2017-12-31,239049665.0,240893726.0,240621280.0,2.85,240893726.0,1.0,1555014995.0,1480449453.0,2310945.0,3761813.0,74565542.0,0.0,-1725122.0,1426747756.6,17.67607488621825,0.6143168201077512,0.04501564308066367,0.04728293820376723,0.155194533774975,17.67607488621825,0.16147100768323228,5.632449109944855,5.67589857362904,0.9164930621917018,0.4020955143359017,0.0,0.07084261797842716,0.15491408557124556,0.6143168201077512,0.15372820568846027,24.840853966157656,1.0,-0.7073921971252567,-0.5356789836392934,7.587031031975293,0.1477037536986498,21.923135174844607,-0.6998166700418764,23.85690260385568,12.118197357363677,11.924460085916497,2.465796492215085,Asset Management,Financial Services,13.805,1517376575,259103,RVT
2016,2016-12-31,2016-12-31,796345570.0,18024680.0,9680260.0,9.74,10508760.0,0.583020614,1368847410.0,1296011710.0,19518050.0,2835700.0,72835700.0,0.0,-1959370.0,1165128558.8,15.845229088643475,6.882974221532602,0.05113791317324405,0.05401185765520591,0.020754951278766743,15.845229088643475,0.6144586224456259,60.76079069364893,1.3752745667939108,0.8450493157966914,0.10261649349038257,0.0,0.07461527753662005,0.01316777886879298,6.882974221532602,0.5817635802079649,22.923490091792853,0.583020613958195,3.308056872037915,4.830770632530439,-0.12911390829278743,-0.0896938589475597,0.05608673193536911,3.385988943163561,0.05299077243718393,-0.3608929014801457,-0.12999450781913968,-0.12801564649818722,Asset Management,Financial Services,13.805,1517376575,259103,RVT
2015,2015-12-31,2015-12-31,-333759120.0,17268630.0,9193110.0,-4.22,9950660.0,0.5762275293,1143457190.0,1072034750.0,4731940.0,1422440.0,71422440.0,0.0,-1047920.0,1000224945.1999999,13.561174982062385,3.3266359213745393,0.06121785809926124,0.06529639081195829,0.025557193582664988,13.561174982062385,-0.31133237052250406,53.88031448933702,-2.7877566767314104,0.867918894606728,-0.2860111807581468,0.0,0.10259546076793519,0.015102122012980652,3.3266359213745393,-0.29188597782134723,16.95281934784684,0.5762275293407757,-15.23076923076923,-1.4389399791213693,-0.18156628437791517,-0.32403797076362995,0.013919839413901498,-16.1366271726339,0.007577841663223356,-1.6868462812613207,-0.34781375474424436,-0.11947581509668846,Asset Management,Financial Services,13.805,1517376575,259103,RVT
2014,2014-12-31,2014-12-31,-19476360.0,16883680.0,9123970.0,-0.26,9814050.0,0.581274343,0.0,386940830.0,125820.0,0.0,0.0,0.0,0.0,1087070501.5,5.1001479532691745,0.0,0.0,0.0,1.121566411597172,5.1001479532691745,-0.050334207429079014,64.39332666219687,-55.82133014074499,2.8097224102713585,-6.842759119260478,0.0,0.12258323300443581,0.0,0.0,0.0,9.407016120212244,0.58127434303422,-1.0170715692711754,-1.0376298762584064,0.20229112830878396,-0.6852572743738727,0.040726405090137856,-1.0177639182780007,0.06464060676779464,0.8989954371247191,-0.12055330131017311,-0.7069972307649084,Asset Management,Financial Services,13.805,1517376575,259103,RVT
2013,2013-12-31,2013-12-31,1096400000.0,18230000.0,8570000.0,15.23,9430000.0,0.5172792101,1421300000.0,1307800000.0,8800000.0,3500000.0,113500000.0,0.0,6500000.0,1262239700.0,18.171460330693346,2.5142857142857142,0.07739393512981074,0.08411072029362288,0.017854607576462483,18.171460330693346,0.838354488453892,63.20568842567197,1.0509300437796425,0.8810519192537085,0.14228383801532288,0.0,0.13538849598742342,0.012826285794694997,2.5142857142857142,0.7714064588756772,6.221596652267818,0.5172792100932528,1.4764227642276422,1.9795779037027932,-0.2560468473786219,0.4211353451045161,-0.43969102792632203,1.5379042151802043,-0.4713140037014189,0.583802647568992,-0.050986616683633336,-0.09423650859376778,Asset Management,Financial Services,13.805,1517376575,259103,RVT
2012,2012-12-31,2012-12-31,432010000.0,23540000.0,16210000.0,6.15,16830000.0,0.714953271,1233500000.0,1082400000.0,12200000.0,800000.0,151100000.0,0.0,2800000.0,942557600.0,15.401252134319863,15.25,0.0,0.0,0.04179169833770438,15.401252134319863,0.3991223207686622,40.06616822429906,2.183184648503507,0.8713577235772357,0.1546260503229092,0.0,0.0708259149902413,0.01908390758005675,15.25,0.35023104985812725,8.597608021877848,0.7149532710280374,3.4212598425196856,0.4605657250179334,-0.09540480229013226,-0.3420451764928205,1.2651413189771197,3.4934202932009697,1.4050445103857567,-0.09895013141270106,0.8095851338624924,-0.04955069554328164,Asset Management,Financial Services,13.805,1517376575,259103,RVT
2011,2011-12-31,2011-12-31,-173260000.0,17250000.0,6740000.0,-2.54,7430000.0,0.4307246377,1213200000.0,1186600000.0,1800000.0,18900000.0,26600000.0,0.0,2500000.0,855145900.0,17.40648379052369,0.09523809523809523,0.015578635014836795,0.015927861115793022,0.009570280323725375,17.40648379052369,-0.14601382100117985,48.48961739130435,-4.827691908114971,0.7049097421203439,-0.37573588826041787,0.0,0.07782930133317648,0.014218595450049457,0.09523809523809523,-0.14281239696669965,-8.265275691699605,0.43072463768115943,-1.264033264033264,-1.278071085974886,-0.32419349453407753,-0.28827816206413415,-0.5402227722772277,-1.272549944942583,-0.5665594855305466,0.8365719976828503,-0.25679909821838715,0.36130882705772016,Asset Management,Financial Services,13.805,1517376575,259103,RVT
2010,2010-12-31,2010-12-31,635700000.0,17640000.0,15550000.0,9.62,16160000.0,0.9160997732,1339700000.0,1325900000.0,1900000.0,10000000.0,13800000.0,0.0,2300000.0,970848600.0,20.062036616734755,0.19,0.007464357692020602,0.0075420469115317895,0.027397833999231572,20.062036616734755,0.47944792216607585,54.47554421768707,1.5116385087305333,0.7247519420770797,0.023596035865974516,0.0,0.015609575787924558,0.013167126968724342,0.19,0.47450921848174965,3.5577512032580527,0.9160997732426304,0.41055718475073294,0.7942622450606417,-0.015335245966620021,-0.12339747360310002,0.36601859678782755,0.4114434157063878,0.39587073608617596,1.2854699605499509,-0.2791541523648506,-0.14293242872481474,Asset Management,Financial Services,13.805,1517376575,259103,RVT
2009,2009-12-31,2009-12-31,450390000.0,12220000.0,11140000.0,6.82,11830000.0,0.9680851064,1101800000.0,1069800000.0,2200000.0,31100000.0,32000000.0,0.0,2100000.0,743355800.0,16.204180551348077,0.0707395498392283,0.028226538391722636,0.029070854365301924,0.01687148226895878,16.204180551348077,0.42100392596747055,58.29425531914894,1.5816421323741645,0.665877547205085,0.07460201158995537,0.0,0.04716744076485374,0.01109094209475404,0.0707395498392283,0.40877654746777997,2.6373780081451312,0.9680851063829787,1.4385852090032154,-0.26702642267143106,0.06857953870606555,-0.29990674647517823,0.23744769874476987,1.4498411937436329,0.25733634311512416,-0.25361305218553326,-0.5056639892027291,-0.337438318787353,Asset Management,Financial Services,13.805,1517376575,259103,RVT
2008,2008-12-31,2008-12-31,-1001220000.0,21920000.0,8860000.0,-15.55,9560000.0,0.4361313869,849400000.0,823200000.0,1000000.0,25600000.0,26200000.0,0.0,3300000.0,565748200.0,12.786579683131407,0.0390625,0.030138921591711797,0.031098153547133137,0.020211573588716513,12.786579683131407,-1.2162536443148688,24.641797445255474,-0.5394900221729491,0.6561567055393587,-0.11825572801182557,0.0,0.21919910128368472,0.025806451612903226,0.0390625,-1.1787379326583471,-1.0445720363566042,0.43613138686131386,-4.693586698337293,-2.214215158747651,1.1586676822104796,-0.40342032034997655,0.6230899830220713,-4.964285714285714,0.6716981132075471,-3.901001832951027,0.2560737545972508,-0.44129560381429656,Asset Management,Financial Services,13.805,1517376575,259103,RVT
TTM,,,,,,,,,,,,,,,,1552376575.0,15.530354759677104,1.4558353311934276,0.021250422561616862,0.021804416758976392,-0.2797102523247683,15.530354759677104,-0.24532516253607356,-3.3117803289739483,-3.097781787211777,0.8889043562509723,-0.18255768953432766,0.0,0.08185440057950018,-0.2781835077107389,1.4558353311934276,-0.27965803931730354,12.745429961210425,1.0,,,,,,,,,,,Asset Management,Financial Services,13.805,1517376575,259103,RVT
