Quarters,Year,Quarter,FillingDate,Date,NetIncome,Revenue,OperatingIncome,EPSDiluted,GrossProfit,GrossProfitRatio,TotalAssets,CommonStockEquity,CurrentAssets,CurrentLiability,TotalLiability,Inventory,RetainedEarnings,MarketCap,EnterpriseValue,bookValuePerShare,currentRatio,debtToAssets,debtToEquity,roic,shareholdersEquityPerShare,roe,priceToSalesRatio,peRatio,pbRatio,payoutRatio,inventoryTurnover,dividendYield,assetTurnover,quickRatio,returnOnAssets,priceToFreeCashFlowsRatio,grossProfitMargin,epsdilutedGrowth,fiveYNetIncomeGrowthPerShare,fiveYRevenueGrowthPerShare,fiveYShareholdersEquityGrowthPerShare,grossProfitGrowth,netIncomeGrowth,operatingIncomeGrowth,threeYNetIncomeGrowthPerShare,threeYRevenueGrowthPerShare,threeYShareholdersEquityGrowthPerShare,Industry,Sector,Symbol
2023Q1,2023,Q1,2023-05-05,2023-03-31,8844000.0,95514000.0,20634000.0,0.57,31055000.0,0.3251355822,1224984000.0,147162000.0,43701000.0,49794000.0,1077822000.0,9533000.0,185687000.0,450414160.0,1085302160.0,9.971676378913132,0.8776358597421376,0.5193382117643985,4.322997784754216,0.01835293752154927,9.971676378913132,0.06009703591959881,4.715687333793999,12.732195838986884,3.0606689226838446,0.18781094527363185,6.761669988461135,0.0036877171001906336,0.07797163064986971,0.505683415672571,0.007219686134676045,-19.487481503915546,0.32513558221831357,0.0754716981132074,0.03084889980179574,0.41933329170134315,-0.23637152815841292,-0.01218270882371652,0.07591240875912408,0.05125331159567964,3.542285009688352,0.48708517548072117,-0.20189474048454628,Personal Services,Consumer Cyclical,CSV
2022Q4,2022,Q4,2023-03-01,2022-12-31,8220000.0,93916000.0,19628000.0,0.53,31438000.0,0.3347459432,1192950000.0,137134000.0,37974000.0,45468000.0,1055816000.0,7613000.0,176843000.0,405030780.0,1016607780.0,9.324403345345754,0.8351807864871998,0.5136401357978121,4.468235448539385,0.017488825218732268,9.324403345345754,0.05994137121355754,4.312691980067294,12.318454379562043,2.9535401869704083,0.201338199513382,8.206751609089714,0.004086109208786552,0.07872584768850328,0.5636491598486848,0.006890481579278259,77.25172229639519,0.33474594318327017,0.3947368421052632,-0.6046067340592542,0.5730961144967611,-0.24373907177501428,0.2281428236580983,0.40273037542662116,0.2894494810143214,2.8639062652725347,0.5940049133364627,-0.2690906372304217,Personal Services,Consumer Cyclical,CSV
2022Q3,2022,Q3,2022-11-02,2022-09-30,5860000.0,87497000.0,15222000.0,0.38,25598000.0,0.292558602,1147387000.0,128920000.0,35979000.0,49552000.0,1018467000.0,7675000.0,168623000.0,472398239.99999994,1063499240.0,8.776635577643134,0.726085728123991,0.51588696751837,4.591390009308098,0.013890851639233728,8.776635577643134,0.045454545454545456,5.39902213790187,20.153508532423206,3.6642742786224014,0.28208191126279863,8.065016286644951,0.0034991662966398864,0.07625761839728008,0.4878309654504359,0.005107256749466396,36.36350088522823,0.29255860200921174,-0.4492753623188405,1.1635622684967424,0.607454144595523,-0.17479100524873578,-0.07628464203233257,-0.46233599412790166,-0.22828897338403042,11.263367357858534,0.5977742319941326,-0.3066180337594928,Personal Services,Consumer Cyclical,CSV
2022Q2,2022,Q2,2022-08-02,2022-06-30,10899000.0,90600000.0,19725000.0,0.69,27712000.0,0.3058719647,1151423000.0,122844000.0,36962000.0,42831000.0,1028579000.0,7645000.0,162763000.0,586740700.0,1183970700.0,8.301392080010812,0.8629730802456165,0.5196074770088838,4.870307056103676,0.019108697025327855,8.301392080010812,0.08872228191853082,6.476166666666667,13.458590237636479,4.776307349158282,0.15873015873015872,8.226030085022892,0.0029484915568325156,0.07868524425862607,0.59223459643716,0.009465678556012864,75.31006289308176,0.3058719646799117,-0.31000000000000005,1.7810669395478158,0.5966770094619316,-0.2641567296943983,-0.19624108126921516,-0.33550786489452505,-0.2157369488290724,1.720513125363145,0.6228755051436089,-0.33610304433151866,Personal Services,Consumer Cyclical,CSV
2022Q1,2022,Q1,2022-05-03,2022-03-31,16402000.0,98161000.0,25151000.0,1.0,34478000.0,0.3512392906,1180349000.0,120021000.0,38107000.0,47813000.0,1060328000.0,7645000.0,151864000.0,812962520.0,1409649520.0,7.873327210705852,0.7970008156777445,0.5062689086024558,4.978912023729181,0.025919077048307402,7.873327210705852,0.13665941793519468,8.281929890689785,12.391210218266066,6.773502303763507,0.10517010120716985,8.330019620667104,0.002121869037701763,0.08316269171236643,0.5533432330119423,0.013895890113856156,91.15973536667414,0.35123929055327474,0.2987012987012987,1.5208610554220512,0.5680473096737956,-0.2957005248759815,0.06531949079223828,0.22889038735296321,0.0827880144653005,1.9775766459462476,0.6831662577615725,-0.37675116087609184,Personal Services,Consumer Cyclical,CSV
2021Q4,2021,Q4,2022-03-02,2021-12-31,13347000.0,95931000.0,23228000.0,0.77,32364000.0,0.3373674829,1178631000.0,128015000.0,40212000.0,60787000.0,1050616000.0,7346000.0,135462000.0,1046054520.0,1623838520.0,7.8860962237417604,0.6615230230147894,0.49119020287095794,4.522376284029216,0.02360377170601346,7.8860962237417604,0.10426121938835292,10.904238671545173,19.59343897505057,8.171343358200211,0.14040608376414176,8.653280696977948,0.0017914936211928993,0.0813918860101253,0.5021797423791271,0.011324154888171107,212.78570382424735,0.3373674828783188,0.08450704225352121,2.2980205225899897,0.5561846328512957,-0.2665477254896588,-0.024122542515981185,0.023072206040165567,-0.0015903718031377607,6.806847768090501,0.6677773629149131,-0.33163365578855974,Personal Services,Consumer Cyclical,CSV
2021Q3,2021,Q3,2021-11-03,2021-09-30,13046000.0,95041000.0,23265000.0,0.71,33164000.0,0.34894413989751794,1163975000.0,192468000.0,36868000.0,60698000.0,971507000.0,7376000.0,122115000.0,780280410.0000001,1290675410.0,10.998799931424653,0.607400573330258,0.43942782276251635,2.657496311075088,0.022870219398642932,10.998799931424653,0.06778269634432738,8.209934764996161,14.952483711482449,4.054078652035663,0.13667024375287445,8.38896420824295,0.002285075951093018,0.08165209733886038,0.45059145276615375,0.011208144504821839,35.863419129475574,0.34894413989751794,3.088235294117647,1.1683683852847695,0.49272883435041853,0.04511709657615131,0.14647215404293568,3.115453218744933,0.11188109348116995,5.458986227784444,0.611418590389907,-0.1331290867504967,Personal Services,Consumer Cyclical,CSV
2021Q2,2021,Q2,2021-08-04,2021-06-30,-6167000.0,88277000.0,20924000.0,-0.34,28927000.0,0.32768444781766487,1169003000.0,232871000.0,35523000.0,48493000.0,936132000.0,7333000.0,109069000.0,664239990.0,1148335990.0,12.961039683864863,0.7325387169282165,0.41538730011813485,2.0852274435202323,0.01670699806231472,12.961039683864863,-0.026482473128899692,7.524496641254234,-26.92719271931247,2.8523946305035834,-0.2931733419815145,8.093549706804854,0.0027219077851666235,0.07551477626661351,0.5431505578124678,-0.00527543556346733,64.95599354586348,0.32768444781766487,-1.4788732394366197,-2.0901842694512585,0.31169195484068823,0.27013374759674186,-0.1749522261201905,-1.4768421866542951,-0.20277375600091443,-3.238622038717627,0.37870882643103193,-0.03236968815423541,Personal Services,Consumer Cyclical,CSV
2021Q1,2021,Q1,2021-05-05,2021-03-31,12933000.0,96637000.0,26246000.0,0.71,35061000.0,0.36281134555087596,1157726000.0,251503000.0,35453000.0,52443000.0,906223000.0,7386000.0,115236000.0,632188350.0,1088250350.0,13.999610353465071,0.676029212668993,0.3942798209593634,1.8149604577281384,0.02484093916587626,13.999610353465071,0.051422845850745316,6.541887165371442,12.220450591510089,2.513641387975491,0.13910152323513492,8.336853506634172,0.0028456709143722756,0.08347139133093669,0.49560475182579183,0.011171037015666919,28.14228766025641,0.36281134555087596,0.5434782608695651,1.5921747743171828,0.3979875936923682,0.4164151686625211,0.17979002624671916,0.5460848774656306,0.2918245804006497,0.23835693293227161,0.17967148078270534,0.07208664364611173,Personal Services,Consumer Cyclical,CSV
2020Q4,2020,Q4,2021-03-02,2020-12-31,8365000.0,90088000.0,20317000.0,0.46,29718000.0,0.32987745315691325,1145825000.0,240502000.0,35327000.0,48367000.0,905323000.0,7259000.0,102303000.0,561473640.0,1038901640.0,13.415630055223964,0.7303946905948271,0.41744332686055896,1.9888275357377485,0.017830156248168628,13.415630055223964,0.03478141553916392,6.232501998046355,16.780443514644354,2.3345903152572536,0.21482367005379557,8.316572530651605,0.00320050643873504,0.07862282634782798,0.5373911964769368,0.007300416730303493,56.548860912478595,0.32987745315691325,0.48387096774193555,0.4450111429087568,0.37258933951210665,0.43253056949699137,0.06615483963550262,0.5140271493212669,0.2317812537892567,-0.6699042976284876,0.23793855948590784,0.08808214987298826,Personal Services,Consumer Cyclical,CSV
2020Q3,2020,Q3,2020-11-03,2020-09-30,5525000.0,84393000.0,16494000.0,0.31,27874000.0,0.33028805706634434,1120649000.0,232796000.0,32637000.0,48426000.0,887853000.0,7382000.0,93938000.0,399237450.0,885659450.0,13.008996926515787,0.6739561392640318,0.434700784991554,2.092591797109916,0.01453350746388854,13.008996926515787,0.023733225656798227,4.73069389641321,18.06504298642534,1.7149669667863707,0.28398190045248867,7.656326198862097,0.003929992038572534,0.07530725499241957,0.4883946640234585,0.00493017885171896,12.256698799619317,0.33028805706634434,-0.13888888888888887,0.24179035673894303,0.4439337385447909,0.3751178999990724,0.10786963434022258,-0.13631389713928405,-0.09701083981167195,0.6744207349543392,0.2726599686628117,0.22314993957344856,Personal Services,Consumer Cyclical,CSV
2020Q2,2020,Q2,2020-08-04,2020-06-30,6397000.0,77477000.0,18266000.0,0.36,25160000.0,0.32474153619783935,1134652000.0,228491000.0,40222000.0,40880000.0,906161000.0,7410000.0,88413000.0,323623200.0,848061200.0,12.793449048152295,0.9839041095890411,0.46281150520159486,2.2982524475799924,0.015171704940240303,12.793449048152295,0.02799672634808373,4.177022858396685,12.647459746756294,1.4163498781133612,0.20994216038768174,7.060323886639676,0.0041498878943166,0.06828260999848412,0.7654109589041096,0.005637851958133419,22.462913861317414,0.32474153619783935,2.5652173913043477,0.43584271984992373,0.33725234657178205,0.24046329316288295,0.08584005869405723,2.524183940910174,7.495813953488372,0.3524546421778865,0.13131420090369958,0.1340234620105079,Personal Services,Consumer Cyclical,CSV
2020Q1,2020,Q1,2020-05-27,2020-03-31,-4197000.0,77490000.0,2150000.0,-0.23,23171000.0,0.299019228287521,1120557000.0,222459000.0,54400000.0,39474000.0,898098000.0,7188000.0,82016000.0,287550750.0,798437750.0,12.49418702611626,1.3781223083548666,0.4665599340328069,2.350127439213518,0.0018361568095997072,12.49418702611626,-0.018866397853087535,3.7108110723964383,-17.128350607576838,1.292601108518873,-0.3190374076721468,7.556900389538119,0.00465656931863332,0.0691531086772025,1.1509347925216598,-0.003745458731684332,26.605361769059957,0.299019228287521,-2.642857142857143,-1.668743421973215,0.2528088115030384,0.22193719549630647,0.12056291710997195,-2.6337096146360452,-0.8139494634821738,-1.5522656512748452,0.059797304550785586,0.11765320163876512,Personal Services,Consumer Cyclical,CSV
2019Q4,2019,Q4,2020-02-28,2019-12-31,2569000.0,71149000.0,11556000.0,0.14,20678000.0,0.2906295239567668,1129755000.0,226569000.0,39850000.0,35589000.0,903186000.0,6989000.0,86213000.0,454656000.0,946348000.0,12.757263513513514,1.1197280058445025,0.4358537913087351,2.1733246825470385,0.008474574084267598,12.757263513513514,0.011338709179102171,6.390195224107155,44.24445309458933,2.0066999457119024,0.5204359673024523,7.221490914293891,0.00294068482545045,0.06297737119995044,0.7348618955295175,0.0022739443507663166,139.67926267281106,0.2906295239567668,3.6666666666666674,-0.5111945565613968,0.22505455037662767,0.2886697875777099,0.1452148870181657,3.4523396880415946,-0.03248492967180174,-0.41978410140210476,0.05493761629566716,0.186498829718144,Personal Services,Consumer Cyclical,CSV
2019Q3,2019,Q3,2019-10-30,2019-09-30,577000.0,66125000.0,11944000.0,0.03,18056000.0,0.2730586011342155,952148000.0,224510000.0,31967000.0,38890000.0,727638000.0,6692000.0,83644000.0,362544280.0,708930280.0,12.657721147882956,0.821985086140396,0.3698983771430492,1.5687408133268006,0.007459745178375885,12.657721147882956,0.002570041423544608,5.482711228733459,157.08157712305027,1.6148246403278252,2.315424610051993,7.183054393305439,0.0036850671040789826,0.06944823703877968,0.6089997428644895,0.0006059982271663649,32.01556693747792,0.2730586011342155,-0.888888888888889,-0.8818184050538621,0.2404388364358843,0.316917867103517,-0.062025974025974026,-0.8813245577951461,-0.09439684585639548,-0.9053840028426368,0.024633792691983986,0.2027494688352317,Personal Services,Consumer Cyclical,CSV
2019Q2,2019,Q2,2019-08-01,2019-06-30,4862000.0,67752000.0,13189000.0,0.27,19250000.0,0.28412445389066004,957388000.0,224560000.0,25647000.0,32467000.0,732828000.0,6756000.0,83067000.0,335294530.00000006,693642530.0,12.504036973105407,0.7899405550251024,0.37501305635750604,1.59882882080513,0.0149004952831048,12.504036973105407,0.021651229070181688,4.9488506612350935,17.24056612505142,1.4931177858924118,0.2807486631016043,7.179100059206631,0.004071047624904587,0.07076754669997953,0.5383620291372778,0.005078400815552315,57.73971586016877,0.28412445389066004,-0.24999999999999992,0.5115216740863535,0.21001531348439256,0.3374094786566885,-0.1087962962962963,-0.2548659003831418,-0.15449708314635555,-0.14012695584386659,0.0071631474202081226,0.2253491793956752,Personal Services,Consumer Cyclical,CSV
2019Q1,2019,Q1,2019-05-02,2019-03-31,6525000.0,69081000.0,15599000.0,0.36,21600000.0,0.31267642332913537,944512000.0,228109000.0,27284000.0,33480000.0,716403000.0,6815000.0,78205000.0,346513830.0,702500830.0,12.632718613280169,0.8149342891278375,0.3776140483127795,1.5635551424976657,0.018200874948488908,12.632718613280169,0.02860474597670412,5.016051157337039,13.27639195402299,1.5190712773279442,0.20842911877394635,6.9671313279530445,0.003924807272483179,0.07313935662013824,0.5497610513739546,0.006908329380674888,46.505681116628644,0.31267642332913537,3.571428571428571,1.9299463631173361,0.23196810115625374,0.37107309318787296,0.21212121212121213,3.4548532731376973,1.6287495786990225,0.30114932844650155,-0.005739657600924882,0.27811944857926885,Personal Services,Consumer Cyclical,CSV
2018Q4,2018,Q4,2019-02-28,2018-12-31,-2658000.0,66517000.0,5934000.0,-0.14,17820000.0,0.26790143872994876,917502000.0,221492000.0,29303000.0,34958000.0,696010000.0,6751000.0,71680000.0,290966000.0,650559000.0,11.799062433411464,0.8382344527718977,0.39262802696887855,1.626410886171961,0.024333675798526,11.799062433411464,-0.012000433424232026,4.374310326683404,-27.367005267118135,1.3136636989146335,-0.5406320541760722,7.213301733076581,0.004938721362633435,0.07249793460940684,0.5974598089135534,-0.00289699640981709,50.2705597788528,0.26790143872994876,-2.272727272727273,-1.6366060089494991,0.2055389407542118,0.3604555839951258,0.041252775505434144,-2.208181818181818,-0.4219191427179737,-1.4384875837206856,-0.032160366344207936,0.25991232299102823,Personal Services,Consumer Cyclical,CSV
2018Q3,2018,Q3,2018-11-01,2018-09-30,2200000.0,64241000.0,10265000.0,0.11,17114000.0,0.2664030759172491,948720000.0,241832000.0,38055000.0,30818000.0,706888000.0,6938000.0,74338000.0,413792600.0,759064600.0,12.687932843651627,1.2348302939840352,0.37392065098237626,1.4669109133613418,0.01105517413940142,12.687932843651627,0.009097224519501141,6.44125402780156,47.02188636363636,1.7110746303218765,0.6527272727272727,6.79259152493514,0.0034703375555773593,0.06771334007926469,0.9475955610357584,0.002318913905051016,48.80205212878877,0.2664030759172491,-0.26666666666666666,-0.6496125499423,0.21319533937921345,0.49378825196001164,0.017176820208023774,-0.19912631962140517,0.028454062719166416,-0.5357547297227099,0.03195779958074018,0.3411797747241409,Personal Services,Consumer Cyclical,CSV
2018Q2,2018,Q2,2018-07-31,2018-06-30,2747000.0,63847000.0,9981000.0,0.15,16825000.0,0.26352060394380317,945611000.0,239978000.0,68204000.0,26086000.0,705633000.0,6616000.0,72138000.0,439837800.0,753758800.0,13.394619334672917,2.6145825346929388,0.3748391251793814,1.4770187267166157,0.012174204372057709,13.394619334672917,0.011446882630907833,6.888934484000814,40.028922460866404,1.8328255090049923,0.5216599927193302,7.107315598548972,0.003258019206171002,0.0675193076222675,2.294909146668711,0.002905000047588279,52.467827746630086,0.26352060394380317,-0.7115384615384615,-0.3265689934624128,0.19774440550714417,0.674235430930542,-0.3044071440383661,-0.7063916203505771,-0.41723594324750396,-0.3853476024436668,0.09855415035026614,0.2987532562965344,Personal Services,Consumer Cyclical,CSV
2018Q1,2018,Q1,2018-04-27,2018-03-31,9356000.0,73387000.0,17127000.0,0.52,24188000.0,0.32959515990570537,905190000.0,210160000.0,27700000.0,40779000.0,695030000.0,6566000.0,70038000.0,445160040.0,787709040.0,13.058282589785014,0.6792711935064617,0.3792883262077575,1.6336505519604112,0.023381539867545754,13.058282589785014,0.04451846212409593,6.065925027593443,11.895041684480546,2.1181958507803578,0.12900812312954255,7.492994212610418,0.002711384427047855,0.08107358676079056,0.46698055371637365,0.010335951568179057,34.72929006085193,0.32959515990570537,-0.6030534351145038,1.005482955003372,0.4239329215105064,0.6835893659542993,0.23660531697341514,-0.5871320771369313,0.38054167338384653,0.649258564797505,0.3126116481524835,0.27710599916640544,Personal Services,Consumer Cyclical,CSV
2017Q4,2017,Q4,2018-02-21,2017-12-31,22661000.0,65076000.0,12406000.0,1.31,19560000.0,0.3005716393140328,921533000.0,197656000.0,30140000.0,42718000.0,723877000.0,6519000.0,57904000.0,412157010.0,765051010.0,12.329611377955212,0.7055573762816612,0.3839753975169636,1.7902112761565547,0.05616735336477173,12.329611377955212,0.1146486825595985,6.333471786833856,4.546986121530383,2.085223873800947,0.053219187149728606,6.982052462034054,0.002926069363711659,0.07061711300626239,0.5032070789830985,0.024590546404740798,37.001257743064905,0.3005716393140328,6.705882352941177,5.971269811894368,0.3854039270764576,0.6541393036504815,0.26356589147286824,6.459183673469388,0.3869200670765791,3.7767591865987478,0.24133735657355226,0.24547068095870028,Personal Services,Consumer Cyclical,CSV
2017Q3,2017,Q3,2017-10-25,2017-09-30,3038000.0,61054000.0,8945000.0,0.17,15480000.0,0.25354604120942115,887046000.0,175233000.0,28045000.0,40114000.0,711813000.0,6346000.0,35243000.0,421785600.0,760523600.0,10.635651857246904,0.6991324724535075,0.3827276150278565,1.9374033429776354,0.011517571035696984,10.635651857246904,0.017336917133188384,6.908402397877289,34.709150757077026,2.406998681755149,0.2748518762343647,7.181531673495115,0.0019796787751881523,0.06882844858102061,0.5048362167821708,0.003424850571447253,67.59384615384616,0.25354604120942115,-0.2916666666666666,4.492431235111859,0.3516209882037394,0.4670733419569002,-0.1707290941233192,-0.3111111111111111,-0.23683986008019794,-0.330130528311943,0.23296904977699878,0.10654041082614198,Personal Services,Consumer Cyclical,CSV
2017Q2,2017,Q2,2017-07-28,2017-06-30,4410000.0,63852000.0,11721000.0,0.24,18667000.0,0.2923479295871703,881041000.0,187859000.0,25467000.0,36770000.0,693182000.0,6327000.0,32205000.0,448937920.0,776402920.0,11.281467691568581,0.6926026652162088,0.37217337218131735,1.7454580296924822,0.013382680788946411,11.281467691568581,0.02347505309833439,7.030913988598634,25.44999546485261,2.3897599795591375,0.1893424036281179,7.141615299510036,0.0018599453572556311,0.07247335822055954,0.48816970356268696,0.005005442425494387,63.887565106019636,0.2923479295871703,-0.38461538461538464,0.7977420580730643,0.3844955549858428,0.5706525016018457,-0.19162480512731683,-0.3774703557312253,-0.2613901317033209,0.47861041931317294,0.22986941094883034,0.20664565022602344,Personal Services,Consumer Cyclical,CSV
2017Q1,2017,Q1,2017-04-26,2017-03-31,7084000.0,68157000.0,15869000.0,0.39,23092000.0,0.33880599204777206,880973000.0,185537000.0,27363000.0,36363000.0,695436000.0,6313000.0,30050000.0,450110640.0,782081640.0,11.178948002651081,0.7524956686742018,0.37773802375328186,1.793588340870015,0.01827167767570448,11.178948002651081,0.03818106361534357,6.604026585677187,15.884762845849803,2.4259885629281492,0.11758893280632411,7.138444479645177,0.0018506560964655268,0.07736559463229861,0.509253911943459,0.008041109091879092,101.62805147888913,0.33880599204777206,0.7727272727272728,0.7483612110868327,0.4345481517017615,0.5528442107264583,0.08352102102102102,0.7165010903804216,0.1165130514317878,2.4607777552550183,0.32241363236430615,0.21329028895399543,Personal Services,Consumer Cyclical,CSV
2016Q4,2016,Q4,2017-02-23,2016-12-31,4127000.0,62864000.0,14213000.0,0.22,21312000.0,0.3390175617205396,885069000.0,177989000.0,32967000.0,44273000.0,707080000.0,6147000.0,22966000.0,474106560.0,808087560.0,10.752023680077322,0.7446299098773519,0.3810629453748804,1.8948755260156527,0.013507779697362679,10.752023680077322,0.023186826152177945,7.541781623822856,28.719806154591716,2.663684609723073,0.20111461109764964,6.75972018870994,0.0017506612859353812,0.07102723064529433,0.5438529126103946,0.004662913286986664,45.71905110896818,0.3390175617205396,-0.33333333333333337,14.229302257171522,0.45129080872429833,0.5490519847024902,0.16919025674786042,-0.2737990497976421,0.21033807374606148,0.120876646127824,0.2919871543895531,0.23972991391144968,Personal Services,Consumer Cyclical,CSV
2016Q3,2016,Q3,2016-10-26,2016-09-30,5683000.0,60140000.0,11743000.0,0.33,18228000.0,0.3030927835051546,859511000.0,173951000.0,29168000.0,38750000.0,685560000.0,5853000.0,18839000.0,390910850.0,719850850.0,10.52398814205336,0.7527225806451613,0.3837007321604959,1.8959074681950665,0.017398335599341883,10.52398814205336,0.032670119746365356,6.500014133688061,17.196500527890198,2.2472469258584313,0.14622558507830372,7.160772253545191,0.002125804387368629,0.06997001783572288,0.5061161290322581,0.006611899091460144,69.64383573846428,0.3030927835051546,0.10000000000000009,6.993813902837437,0.5199983004405169,0.5264603250633745,-0.030786409315680333,0.09288461538461538,-0.06727561556791103,0.04370997551413646,0.30965884671262955,0.23902057522565975,Personal Services,Consumer Cyclical,CSV
2016Q2,2016,Q2,2016-07-26,2016-06-30,5200000.0,61865000.0,12590000.0,0.3,18807000.0,0.3040006465691425,842776000.0,168537000.0,28718000.0,37981000.0,674239000.0,5792000.0,13156000.0,391098880.0,718571880.0,10.20446839428433,0.7561148995550406,0.3896124237045194,1.948272486160309,0.015116257430039515,10.20446839428433,0.030853759115209125,6.3218116867372505,18.80283076923077,2.3205520449515538,0.08,7.434046961325967,0.0010636696274865323,0.07340621944621109,0.5036465601221664,0.006170085526877842,92.61162206961876,0.3040006465691425,0.111111111111111,1.2232911704042142,0.436052535695839,0.4864184166943208,-0.11716659625404872,0.13760665062349595,0.07994510207582775,0.3828464921344553,0.25893947705248577,0.27548847135183707,Personal Services,Consumer Cyclical,CSV
2016Q1,2016,Q1,2016-04-26,2016-03-31,4571000.0,63331000.0,11658000.0,0.27,21303000.0,0.33637555067818287,827178000.0,162678000.0,33187000.0,35853000.0,664500000.0,5782000.0,7956000.0,355678990.0,675664990.0,9.883832553618081,0.9256408110897275,0.38789353682037,1.972344139957462,0.014382834752234253,9.883832553618081,0.028098452157021846,5.616190964930287,19.453018486108075,2.186398836966277,0.09078976154014438,7.268765133171913,0.0011667824405371821,0.07656272289640198,0.5238613226229325,0.005526017374736756,57.86220758093379,0.33637555067818287,-0.12903225806451607,0.5407312299320131,0.3792414218907969,0.4612374497393326,0.08186481133512773,-0.15881486934118513,-0.062484921592279856,-0.04192273383259192,0.2015650679824148,0.27431117129915683,Personal Services,Consumer Cyclical,CSV
2015Q4,2015,Q4,2016-02-23,2015-12-31,5434000.0,61610000.0,12435000.0,0.31,19691000.0,0.3196072066223016,837353000.0,157594000.0,33761000.0,37218000.0,679759000.0,5654000.0,3385000.0,405554800.0,731705800.0,9.364986926550987,0.907114836906873,0.3901413143560721,2.0729596304427833,0.0160243717479118,9.364986926550987,0.034481008160209145,6.5826132121408865,18.658207581891794,2.573415231544348,0.0798675009201325,7.414043155288291,0.001070138979984949,0.07357709353164078,0.510371325702617,0.006489497261011784,-81110.96,0.3196072066223016,0.2916666666666667,1.7418377714344617,0.38764493908290376,0.42658504149661575,0.1342741935483871,0.22277227722772278,0.1617152466367713,0.5925041244639717,0.2494960381965158,0.25640561397402256,Personal Services,Consumer Cyclical,CSV
2015Q3,2015,Q3,2015-11-03,2015-09-30,4444000.0,58378000.0,10704000.0,0.24,17360000.0,0.29737229778341157,828077000.0,169093000.0,30662000.0,43373000.0,658984000.0,5947000.0,-2049000.0,385899660.0,684309660.0,9.46027749804185,0.7069374956770341,0.3608432549147,1.767110406699272,0.013933373327676253,9.46027749804185,0.026281395445110087,6.6103610949330225,21.709026777677767,2.2821740698905333,0.1035103510351035,6.897259122246511,0.0011920197079209657,0.07049827491887832,0.4262790215110783,0.005366650685866169,54.199390449438205,0.29737229778341157,0.0,4.070995611109352,0.25803684676617467,0.43019666893055586,-0.04866286716352477,-0.02479701558042572,-0.02602365787079163,6.405952780575137,0.1912969955428535,0.3049431394687031,Personal Services,Consumer Cyclical,CSV
2015Q2,2015,Q2,2015-08-04,2015-06-30,4557000.0,59261000.0,10990000.0,0.24,18248000.0,0.30792595467508144,841900000.0,188406000.0,28959000.0,33984000.0,653494000.0,5502000.0,-6493000.0,436239840.0,719577840.0,10.313444274140574,0.8521362994350282,0.33720869461931346,1.5068309926435464,0.01375587943366486,10.313444274140574,0.024187127798477755,7.361331060900086,23.932402896642525,2.315424349543008,0.10138248847926268,7.4541984732824424,0.0010590504526134066,0.07038959496377242,0.513977165725047,0.0054127568594844995,588.7177327935223,0.30792595467508144,-0.2941176470588236,0.8992684722263361,0.275526212326343,0.5762654422897161,-0.17835111891575486,-0.2899657214085385,-0.24306081686066533,0.6933362953105847,0.1712819098496574,0.4358802854540489,Personal Services,Consumer Cyclical,CSV
2015Q1,2015,Q1,2015-05-05,2015-03-31,6418000.0,63253000.0,14519000.0,0.34,22209000.0,0.35111378116452974,835235000.0,186175000.0,31311000.0,30086000.0,649060000.0,5432000.0,-11050000.0,434624960.0,714272960.0,10.224901142355009,1.0407166123778502,0.33519308937005754,1.5037733315429032,0.018017453799091948,10.224901142355009,0.034472942124345374,6.871214962136183,16.929922094110314,2.3344968980797636,0.07214085384855096,7.555964653902798,0.0010652862642771368,0.07573078235466665,0.6299940171508343,0.0076840649637527165,69.8304884318766,0.35111378116452974,0.17241379310344845,1.2082884172386572,0.28872983292131127,0.5926948485985399,0.17340307497226184,0.19360238050957784,0.16947241240434957,0.4438420045397019,0.2135373334402438,0.42031956319959113,Personal Services,Consumer Cyclical,CSV
2014Q4,2014,Q4,2015-02-25,2014-12-31,5377000.0,59419000.0,12415000.0,0.29,18927000.0,0.3185344755044683,827528000.0,179875000.0,36705000.0,32950000.0,647653000.0,5294000.0,-17468000.0,380661500.0,657015500.0,9.899559713813979,1.1139605462822457,0.33445031467213193,1.538662960389159,0.01715671052158392,9.899559713813979,0.02989298123697012,6.406393577811811,17.69860052073647,2.1162557331480194,0.08573554026408778,7.648658859085757,0.0012110497121458302,0.07180300847826297,0.6971168437025796,0.0064976653357952845,111.99220358929097,0.3185344755044683,0.11538461538461527,1.8571785910842047,0.25994402302925057,0.5897363592095242,0.25535584002122436,0.07626100880704563,0.5188402251039883,17.077301332822852,0.24975762576183158,0.42623687211355543,Personal Services,Consumer Cyclical,CSV
2014Q3,2014,Q3,2014-10-29,2014-09-30,4996000.0,54549000.0,8174000.0,0.26,15077000.0,0.27639370107609673,825696000.0,174451000.0,34314000.0,34914000.0,651245000.0,5460000.0,-22845000.0,314539499.99999994,591804500.0,9.611625344352618,0.9828149166523458,0.33938761965662906,1.606359378851368,0.015628381698645267,9.611625344352618,0.028638414225197906,5.766182698124621,15.739566653322658,1.8030249181718645,0.09247397918334668,7.229304029304029,0.0014688139327493051,0.06606426578304848,0.593687346050295,0.006050653024842072,53.629923273657276,0.27639370107609673,0.5294117647058822,4.56252700365174,0.23868889286538167,0.561855417106163,-0.16187670242926233,0.5391250770178682,-0.24230626622172785,5.3998347107438,0.25555696719451876,0.39412592920930667,Personal Services,Consumer Cyclical,CSV
2014Q2,2014,Q2,2014-08-05,2014-06-30,3246000.0,56504000.0,10788000.0,0.17,17989000.0,0.3183668412855727,823153000.0,169440000.0,32157000.0,39060000.0,653713000.0,5345000.0,-27842000.0,310446990.0,591677990.0,9.349445456050322,0.8232718894009217,0.3425389933584643,1.6640816808309726,0.014474694176667281,9.349445456050322,0.019157223796033993,5.494248017839445,23.909965341959335,1.8321942280453258,0.14202094886013555,7.205799812909261,0.001484955611906561,0.06864337492543914,0.48599590373783924,0.0039433738320822495,30.163912747765256,0.3183668412855727,0.4166666666666668,0.5074602474698866,0.19806335965985766,0.5084838811909811,-0.0032138305535546075,0.46348061316501354,0.28888888888888886,0.2647838132367435,0.19530651851609615,0.3618727967775614,Personal Services,Consumer Cyclical,CSV
2014Q1,2014,Q1,2014-05-07,2014-03-31,2218000.0,55847000.0,8370000.0,0.12,18047000.0,0.3231507511594177,769432000.0,165700000.0,51162000.0,41217000.0,603732000.0,5348000.0,-31088000.0,328028160.0,562052160.0,9.213745551601424,1.241283936239901,0.33268956840890423,1.5448521424260713,0.012071985492515041,9.213745551601424,0.013385636692818347,5.8736934839830255,36.97341749323715,1.9796509354254674,0.20559062218214608,7.0680628272251305,0.0013901245551601426,0.07258211251936493,0.9625397287526991,0.002882645899832604,-49.209144914491446,0.3231507511594177,-0.46048000000000006,-0.08569918280990646,0.183150383638564,0.5213847966712377,0.25031176389081333,-0.4455,-0.054450971531857205,-0.31578221691073743,0.11311733403899407,0.3621709978727573,Personal Services,Consumer Cyclical,CSV
2013Q4,2013,Q4,2014-03-06,2013-12-31,4000000.0,52860000.0,8852000.0,0.22241992882562278,14434000.0,0.27306091562618234,746599000.0,155973000.0,36117000.0,47620000.0,590626000.0,5300000.0,-33306000.0,351227520.0,595586520.0,8.672875889679716,0.7584418311633767,0.32914054264739173,1.5755034525206286,0.016072634605201266,8.672875889679716,0.02564546427907394,6.644485811577753,21.95172,2.251848204496932,0.11375,7.250188679245283,0.0012954565747012078,0.07080105920313313,0.40585888282234356,0.005357628392215902,81.00265682656827,0.27306091562618234,-0.30493772241992884,3.145633044740709,0.17011963001696054,0.4621810177837959,0.022889944015307206,-0.3213437393959959,0.3848560700876095,0.8885492792226843,0.11403930979292119,0.321154541699976,Personal Services,Consumer Cyclical,CSV
2013Q3,2013,Q3,2013-11-06,2013-09-30,5894000.0,49707000.0,6392000.0,0.32,14111000.0,0.2838835576478162,724820000.0,151971000.0,32797000.0,47398000.0,572849000.0,4787000.0,-37306000.0,347104800.0,584178800.0,8.493796109993292,0.6919490273851218,0.3282966805551723,1.5657987379171026,0.009782604085752586,8.493796109993292,0.03878371531410598,6.983016476552598,14.722802850356294,2.2840199774957064,0.07736681370885647,7.435972425318571,0.0013137242700187381,0.06857840567313264,0.3620405924300603,0.008131674070803785,65.6276800907544,0.2838835576478162,0.3913043478260869,39.195613201006324,0.2394779325774139,0.52666761641753,-0.16641068052930058,0.4222972972972973,-0.32566726447937544,5.7188072166019,0.07010049745543732,0.284084838484088,Personal Services,Consumer Cyclical,CSV
2013Q2,2013,Q2,2013-08-08,2013-06-30,4144000.0,54154000.0,9479000.0,0.23,16928000.0,0.3125900210510766,740110000.0,145616000.0,48920000.0,65342000.0,594494000.0,4736000.0,-43199000.0,317607450.0,565219450.0,8.000439536289214,0.7486761960148144,0.33661212522462874,1.7108696846500384,0.014741126141050224,8.000439536289214,0.028458411163608394,5.864893636665805,19.160681105212355,2.181130164267663,0.10955598455598456,7.860219594594595,0.0014294375021744609,0.07317020442907135,0.2813963453827554,0.005599167691289133,18.41095878499797,0.3125900210510766,-0.07999999999999996,101.91126861161474,0.35432993317930767,0.41541924491682214,-0.09369311489452832,-0.2118676302776721,-0.24530254777070062,0.7334959464654741,0.16989451838712927,0.22275507861139987,Personal Services,Consumer Cyclical,CSV
2013Q1,2013,Q1,2013-05-08,2013-03-31,5258000.0,58087000.0,12560000.0,0.25,18678000.0,0.32155215452683045,747551000.0,140690000.0,35870000.0,42583000.0,606861000.0,5010000.0,-47344000.0,388537380.00000006,647364380.0,7.7562158884172225,0.842354930371275,0.3479588683581455,1.8488663017982798,0.017379508948397838,7.7562158884172225,0.037372947615324476,6.688887014306128,18.47362970711297,2.7616559812353403,0.08672499049068087,7.866067864271457,0.0011736322512907252,0.07770305972435325,0.45633233919639293,0.0070336338256520295,170.86076517150397,0.32155215452683045,0.24999999999999994,0.704863649546857,0.3137471031350428,0.35482689625925795,0.10907903331156107,0.43152736182956714,0.33121356650768413,0.8160406582303056,0.1879785658861429,0.2081569218237975,Personal Services,Consumer Cyclical,CSV
2012Q4,2012,Q4,2013-03-18,2012-12-31,3673000.0,53076000.0,9435000.0,0.2,16841000.0,0.3172997211545708,738085000.0,135018000.0,33139000.0,42175000.0,603067000.0,5133000.0,-52598000.0,215013180.0,477844180.0,7.453792646571713,0.7857498518079431,0.3583991003746181,1.959212845694648,0.01440239986860623,7.453792646571713,0.02720378023670918,4.051043409450599,14.634711407568743,1.5924778918366438,0.12387693983120066,7.059224624975648,0.0021161493448913224,0.07191041682191075,0.46259632483698876,0.004976391608012627,27.22375031653583,0.3172997211545708,5.666666666666667,0.7740428514778033,0.31097570136447045,0.3487948078136876,0.21245500359971203,5.061056105610561,0.11815596112822944,0.957757259578227,0.12892388451520675,0.19697900985723593,Personal Services,Consumer Cyclical,CSV
2012Q3,2012,Q3,2012-11-07,2012-09-30,606000.0,49489000.0,8438000.0,0.03,13890000.0,0.28066843136858693,715905000.0,130862000.0,30638000.0,26027000.0,585043000.0,12500000.0,-56267000.0,172387050.0,422032050.0,7.249570660905213,1.1771621777385024,0.3494793303580782,1.911891916675582,0.013064797942750447,7.249570660905213,0.004630832480017117,3.483340742387197,71.11676980198021,1.3173193898916418,0.7475247524752475,2.84792,0.0026278075992367173,0.06912788707998967,0.6738387059591963,0.0008464810275106334,-72.21912442396314,0.28066843136858693,-0.8,-0.07523448212772756,0.2904803256604659,0.3290311790919067,-0.027583309997199663,-0.7724371010138941,-0.08072774812071032,-0.3215814881092718,0.12995068923518135,0.17802981314513036,Personal Services,Consumer Cyclical,CSV
2012Q2,2012,Q2,2012-08-07,2012-06-30,2663000.0,50066000.0,9179000.0,0.15,14284000.0,0.28530339951264333,698195000.0,129841000.0,29553000.0,30192000.0,568354000.0,12342000.0,-56872000.0,150400640.0,388984640.0,7.182663052497649,0.978835453100159,0.3431648751423313,1.8453031014856633,0.014049251634686857,7.182663052497649,0.020509700325783073,3.0040474573562896,14.119474277131056,1.1583447447262423,0.169733383402178,2.8992059633770864,0.0030053063603984664,0.0717077607258717,0.5700516693163752,0.0038141206969399665,21.63726658034815,0.28530339951264333,-0.375,0.4289107111706147,0.2606481529117545,0.3240868253620005,-0.15619092627599243,-0.40278089257681093,-0.19714860491559522,0.23985886551406418,0.0642587281107686,0.15888492955559042,Personal Services,Consumer Cyclical,CSV
2012Q1,2012,Q1,2012-05-07,2012-03-31,4459000.0,52286000.0,11433000.0,0.24,16928000.0,0.32375779367325863,696508000.0,131490000.0,32254000.0,27157000.0,565018000.0,14535000.0,-56660000.0,137900750.0,376394750.0,7.1990145086230495,1.1876864160253342,0.3436615229114382,1.8203893832230589,0.018662992805585525,7.1990145086230495,0.03391132405506122,2.637431626056688,7.731596209912536,1.0487546581489087,0.10271361291769456,2.4326109391124873,0.0033212292173900437,0.07506877164368536,0.6524652943992341,0.0064019365175992235,311.99264705882354,0.32375779367325863,13.660869565217391,0.3385668616925027,0.259121183812526,0.3466841062520616,0.3031562740569669,13.91304347826087,1.1282576321667908,0.8098044669934117,0.09066690762846884,0.1887099728439039,Personal Services,Consumer Cyclical,CSV
2011Q4,2011,Q4,2012-03-09,2011-12-31,299000.0,47793000.0,5372000.0,0.016370106761565837,12990000.0,0.2717971251020024,672777000.0,126778000.0,31272000.0,32369000.0,545999000.0,13530000.0,-63987000.0,102284000.0,326545000.0,6.941034765945798,0.9661095492600945,0.33502631629797097,1.7778952184132895,0.0049372237351107545,6.941034765945798,0.0023584533594156716,2.140146046492164,85.52173913043477,0.8067961318209784,1.5317725752508362,2.5722838137472284,0.004477728677016934,0.07103839756709876,0.5481170255491365,0.0004444266079250628,33.925041459369815,0.2717971251020024,-0.5907473309608541,0.696974105896463,0.3547485827669538,0.3513601871212995,0.22029121653358386,-0.6224747474747475,-0.04105676544091396,1.1579185920929163,0.04167925683332998,0.17020575500454163,Personal Services,Consumer Cyclical,CSV
2011Q3,2011,Q3,2011-11-07,2011-09-30,792000.0,44078000.0,5602000.0,0.04,10645000.0,0.24150369798992694,651812000.0,126953000.0,28938000.0,28939000.0,524859000.0,11281000.0,-64283000.0,108963003.6,326514003.6,6.894373845986749,0.9999654445557897,0.3403051800212331,1.7472214126487755,0.009444324312173806,6.894373845986749,0.006238529219474924,2.472049630201007,34.394887499999996,0.8582940426772112,0.5871212121212122,2.9636557042815355,0.004267503507034382,0.06762379336373064,0.6101454784201251,0.0012150742852233467,17.17846501655368,0.24150369798992694,-0.7142857142857143,2.413112570177943,0.2516806930428011,0.339083859490149,-0.21421716985310402,-0.6955017301038062,-0.34279680900985454,4.248128487818158,0.06795727286973743,0.2391888326304858,Personal Services,Consumer Cyclical,CSV
2011Q2,2011,Q2,2011-08-05,2011-06-30,2601000.0,47908000.0,8524000.0,0.14,13547000.0,0.28277114469399683,677740000.0,126092000.0,29232000.0,29392000.0,551648000.0,10405000.0,-65071000.0,103959056.7,322427056.7,6.865138563728426,0.994556341861731,0.32999675391743144,1.7737207753069189,0.014326606045441375,6.865138563728426,0.02062779557783206,2.169972795775236,9.99221998269896,0.8244698846873711,0.1780084582852749,3.3023546371936567,0.0044536764250959196,0.07068787440611445,0.6405484485574305,0.003837754891256234,10.970774240185733,0.28277114469399683,-0.22222222222222213,2.7357141623517536,0.2783037055321787,0.32381560812236054,-0.10415288982938764,-0.2084601339013999,-0.151671974522293,63.00892905754887,0.1872959905377826,0.21456442462270442,Personal Services,Consumer Cyclical,CSV
2011Q1,2011,Q1,2011-05-06,2011-03-31,3286000.0,50858000.0,10048000.0,0.18,15122000.0,0.29733768531991034,676988000.0,123308000.0,28328000.0,22383000.0,553680000.0,10850000.0,-67669000.0,100447300.0,323254300.0,6.7640153592978605,1.265603359692624,0.3324608412556796,1.8252830311090926,0.016953102600425013,6.7640153592978605,0.026648717033769097,1.97505407212238,7.642064820450396,0.8146048918156161,0.0012172854534388314,3.2936405529953916,3.9821876745318195e-05,0.07512393129568028,0.7808604744672296,0.0048538526532228045,59.897018485390575,0.29733768531991034,0.5283651606893339,2.920336652539359,0.236075757409603,0.31513627127459215,0.27741172495353944,0.5305076851420587,0.3496306245802552,0.0601401937040755,0.14450784484570242,0.1815130041922469,Personal Services,Consumer Cyclical,CSV
2010Q4,2010,Q4,2011-03-08,2010-12-31,2147000.0,48098000.0,7445000.0,0.11777290181020296,11838000.0,0.24612249989604557,671012000.0,119673000.0,27694000.0,25159000.0,551339000.0,10828000.0,-70951000.0,88415500.0,220115500.0,6.564618760285244,1.1007591716681904,0.198176783723689,1.1111863160445548,0.01789198996014543,6.564618760285244,0.017940554678164664,1.8382365171108985,10.29523754075454,0.7388090880984014,0.0013972985561248254,3.3487255264130034,3.393070219588194e-05,0.07167979112147026,0.6703764060574745,0.0031996447157427886,16.492352173102034,0.24612249989604557,1.3554580362040591,-0.907554173727714,0.26822055323611393,0.25905755873069963,0.17685654637637938,1.4994179278230502,0.2540003368704733,0.03039304053214201,0.18045971191261626,0.18789509166471238,Personal Services,Consumer Cyclical,CSV
2010Q3,2010,Q3,2010-11-05,2010-09-30,859000.0,45485000.0,5937000.0,0.05,10059000.0,0.22114982961415852,654802000.0,115889000.0,26302000.0,19759000.0,538913000.0,10766000.0,-73095000.0,87775200.0,316764200.0,6.61466894977169,1.3311402398906826,0.3517628229602231,1.9875484299631545,0.010642665172647054,6.61466894977169,0.007412265184788893,1.9297614598219193,25.545750873108265,0.7574075192641234,0.004656577415599534,3.2905443061489876,4.557095853954192e-05,0.06946374629277247,0.786274609038919,0.0013118469399910201,-185.57124735729386,0.22114982961415852,-0.6153846153846154,0.34838938867307295,0.31211627829207855,0.2788480270758731,-0.16397938829787234,-0.626359286646368,-0.2813218738651495,0.35057694458700145,0.22201932218302922,0.21263750431808306,Personal Services,Consumer Cyclical,CSV
2010Q2,2010,Q2,2010-08-06,2010-06-30,2299000.0,44517000.0,8261000.0,0.13,12032000.0,0.270278769908125,637711000.0,114528000.0,28138000.0,24597000.0,523183000.0,12567000.0,-73950000.0,81568640.0,308866640.0,6.542961608775137,1.1439606456071878,0.3585260407927729,1.9963327745180217,0.013867250277321802,6.542961608775137,0.020073693769209276,1.832303165083002,8.870013049151805,0.7122157027102543,0.0013049151805132667,2.5849446964271503,3.6778840495563e-05,0.06980748332708704,0.6330446802455584,0.0036050812985819595,8.955713658322354,0.270278769908125,-0.1875,9.419183098285018,0.22638297980708627,0.27264572278564936,-0.10986165569283125,-0.17123287671232876,-0.08190709046454768,0.27397806332611746,0.1576197822684507,0.20616116915242902,Personal Services,Consumer Cyclical,CSV
2010Q1,2010,Q1,2010-05-07,2010-03-31,2774000.0,46847000.0,8998000.0,0.16,13517000.0,0.2885350182509019,628845000.0,111571000.0,32776000.0,16716000.0,517274000.0,13122000.0,-76246000.0,79943400.0,301505400.0,6.419874561252086,1.9607561617611868,0.35959576684238564,2.0267811528085256,0.0156511003315608,6.419874561252086,0.024863091663604342,1.7064785365124768,7.204704397981254,0.716524903424725,0.0014419610670511895,2.5400091449474167,5.003540004553222e-05,0.07449689510133657,1.1757597511366356,0.004411261916688532,78.22250489236791,0.2885350182509019,0.5448000000000001,8.798906230200993,0.16302461116722075,-0.00076362958032183,0.1434734794010659,0.5411111111111111,0.1743670060036544,-0.12480677536984529,0.18565623674459755,0.20093424251533257,Personal Services,Consumer Cyclical,CSV
2009Q4,2009,Q4,2010-03-05,2009-12-31,1800000.0,45107000.0,7662000.0,0.10357327809425168,11821000.0,0.2620657547609019,619298000.0,108222000.0,33476000.0,21472000.0,511076000.0,14683000.0,-79016000.0,68299470.0,290889470.0,6.227170723286726,1.559053651266766,0.3652619578942609,2.0902034706436767,0.013455099400819985,6.227170723286726,0.016632477684759107,1.514165650564214,9.4860375,0.6311052281421522,0.0016666666666666668,2.2669754137437854,4.392420614684125e-05,0.07283569460905735,0.8752328614008942,0.0029065167334627272,14.021652638062,0.2620657547609019,1.0714655618850335,-0.6575829268622104,0.304581455984701,-0.030557689920657525,0.18553806037508774,1.0930232558139534,0.2679132881019361,9.736715010400244,0.34379570945726656,0.21237695496693923,Personal Services,Consumer Cyclical,CSV
2009Q3,2009,Q3,2009-11-06,2009-09-30,860000.0,42167000.0,6043000.0,0.05,9971000.0,0.23646453387720257,603713000.0,106950000.0,30165000.0,17599000.0,496763000.0,12458000.0,-80813000.0,67778100.0,290912100.0,6.153978940100121,1.7140178419228365,0.3749960660114988,2.116783543712015,0.010639703747906881,6.153978940100121,0.008041140719962599,1.6073730642445514,19.702936046511628,0.6337363253856942,0.004651162790697674,2.584363461229732,5.9016112874217486e-05,0.06984610236983467,1.0061367123131997,0.0014245179414721896,-52.74560311284047,0.23646453387720257,-0.5833333333333333,-0.23723796037727804,0.20307435148758493,-0.007846278022152268,-0.15507160410134735,-0.5771878072763028,-0.23097480274879104,2.6258234559357825,0.2687256856056644,0.19527807084719045,Personal Services,Consumer Cyclical,CSV
2009Q2,2009,Q2,2009-08-07,2009-06-30,2034000.0,44550000.0,7858000.0,0.12,11801000.0,0.26489337822671155,577287000.0,106102000.0,34142000.0,20372000.0,471185000.0,14635000.0,-81669000.0,61114830.0,282019830.0,6.19790875635259,1.6759277439623013,0.3923577007623591,2.13476654539971,0.013872149394457906,6.19790875635259,0.019170232417862056,1.3718255892255893,7.511655604719764,0.5760007351416562,0.0014749262536873156,2.237717799795012,4.908792186773652e-05,0.07717132033113512,0.9575397604555272,0.0035233774535023306,11.305,0.26489337822671155,-0.07692307692307698,5.608375331069362,0.22683924799866884,0.007998563966888906,-0.05780439121756487,-0.13593882752761258,-0.08115060804490178,2.134325307318688,0.27536222483233125,0.19515262120532786,Personal Services,Consumer Cyclical,CSV
2009Q1,2009,Q1,2009-05-08,2009-03-31,2354000.0,45803000.0,8552000.0,0.13,12525000.0,0.2734537039058577,543105000.0,105686000.0,31202000.0,18643000.0,437419000.0,14685000.0,-83699000.0,26700030.0,251608030.0,6.056157240272764,1.6736576731212787,0.41900185047090344,2.1531896372272583,0.015064398455687628,6.056157240272764,0.02227352724107261,0.5829319040237539,2.8356021665250637,0.25263544840376206,0.0016992353440951572,2.2661218930881852,0.00014981256575367143,0.08433544158127802,0.8859625596738723,0.004334336822529713,-11.77769298632554,0.2734537039058577,2.2540796019900498,-0.21964192117633544,0.12552051065820702,-0.021625639492218726,0.2391175306687772,2.301271420674406,0.4896359519247518,2.4370855439281036,0.16290994854490548,0.1775064999337496,Personal Services,Consumer Cyclical,CSV
2008Q4,2008,Q4,2009-03-10,2008-12-31,-1809000.0,43836000.0,5741000.0,-0.10366168127900979,10108000.0,0.23058673236609178,560293000.0,103510000.0,34788000.0,26675000.0,456783000.0,15144000.0,-86050000.0,35076510.0,256979510.0,5.931465245544668,1.3041424554826617,0.4049845348772874,2.1921553473094386,0.012970996158281227,5.931465245544668,-0.017476572311853927,0.8001758828360251,-4.8475,0.33887073712684757,-0.002211166390270868,2.2271526677231908,0.00011403643064831707,0.07823763637953714,0.7364198687910029,-0.003228667857710162,8.327756410256411,0.23058673236609178,-11.366168127900979,-2.2825862961893457,0.15050842529180614,-0.011366464879291422,0.09666919822067918,-12.449367088607595,0.22071018498830533,-1.081369225274385,0.2074385503402573,0.13762221759652654,Personal Services,Consumer Cyclical,CSV
2008Q3,2008,Q3,2008-11-07,2008-09-30,158000.0,43212000.0,4703000.0,0.01,9217000.0,0.21329723225030084,578056000.0,107261000.0,28393000.0,18671000.0,324500000.0,12120000.0,-84239000.0,67476500.0,291302500.0,5.56361844494009,1.5207005516576508,0.39283910209391476,2.1171068701578393,0.00839964720021293,5.56361844494009,0.0014730423919225067,1.5615222623345366,106.76661392405065,0.6290869934086015,0.0,2.80486798679868,0.0,0.0747540030723667,0.8715655294306679,0.00027332991959256545,-30.881693363844395,0.21329723225030084,3.6148837209302327,-0.83051120555604,0.09844483995652592,-0.06695293299204587,-0.22552726661625075,2.6744186046511627,0.9393814432989691,-0.7746130078896456,0.13281265056490618,0.07564301792611279,Personal Services,Consumer Cyclical,CSV
2008Q2,2008,Q2,2008-08-08,2008-06-30,43000.0,42699000.0,2425000.0,0.0021669018343075993,11901000.0,0.2787184711585751,604065000.0,109859000.0,34815000.0,20984000.0,365208000.0,12811000.0,-84393000.0,128277600.0,253071600.0,5.652346161761679,1.6591212352268394,0.2210987228195641,1.215721970889959,0.005921116812065031,5.652346161761679,0.000391410808399858,3.0042296072507555,745.8,1.1676567236184563,0.0,2.4040277886191554,0.0,0.07068610166124506,1.0486084635913078,7.118439240810178e-05,41.39322362052275,0.2787184711585751,-0.9872535186217201,-0.9832230350590484,0.010121533892143585,-0.04716123482405218,-0.34667325428194995,-0.9869261173609,-0.5799411051446388,-0.8244933532544152,0.059371642293628776,0.09941561583096568,Personal Services,Consumer Cyclical,CSV
2008Q1,2008,Q1,2008-05-09,2008-03-31,3289000.0,47152000.0,5773000.0,0.17,18216000.0,0.38632507634882934,604018000.0,110742000.0,33102000.0,15849000.0,326975000.0,13136000.0,-83009000.0,149916000.0,372630000.0,5.724875930521092,2.0885860306643953,0.3767387726855822,2.0548391757418143,0.01018498142187088,5.724875930521092,0.029699662278087808,3.1794197488971836,11.395256916996049,1.3537411280273066,0.0,2.202801461632156,0.0,0.07806389875798403,1.2597640229667486,0.005445201964179875,90.85818181818182,0.38632507634882934,0.4873270013568522,0.4323276222752184,0.09074550116449104,-0.01349254194441088,0.5177470421596401,0.48756218905472637,-0.2548083128953143,9.30748594325131,0.05168514272468878,-0.10893831470732224,Personal Services,Consumer Cyclical,CSV
2007Q4,2007,Q4,2008-03-14,2007-12-31,2211000.0,43235000.0,7747000.0,0.11429900744416874,12002000.0,0.27759916734127443,610807000.0,106900000.0,33553000.0,21906000.0,338200000.0,13686000.0,-86298000.0,170227200.0,394781200.0,5.526261373035567,1.5316808180407195,0.37327666513317626,2.1328344246959774,0.013149414609903466,5.526261373035567,0.02068288119738073,3.937254539146525,19.247761194029852,1.592396632366698,0.0,2.2821131082858397,0.0,0.07078340621505648,0.9069204784077421,0.0036198013447783016,25.174090505767523,0.27759916734127443,1.8574751861042182,0.15029564725915312,-0.014529845044436716,-0.024223965695364284,0.2255692841825794,2.185878962536023,0.35247905027932963,-0.6221232704832306,0.12341759151133216,-0.1396748491985802,Personal Services,Consumer Cyclical,CSV
2007Q3,2007,Q3,2007-11-09,2007-09-30,694000.0,40614000.0,5728000.0,0.04,9793000.0,0.2411237504308859,606476000.0,104279000.0,32802000.0,20589000.0,464880000.0,11461000.0,-88510000.0,161540561.70000002,382589561.70000005,5.454778469425119,1.593180824712225,0.3764205013883484,2.1892231417639216,0.009277898289938923,5.454778469425119,0.006655223007508703,3.9774600310237855,58.19184499279539,1.5491188225817278,0.0,2.689206875490795,0.0,0.06696720068065348,1.0089368109184516,0.001144315686028796,-44.58751357990616,0.2411237504308859,-0.6,0.18528534811947486,-0.001447817377745809,-0.039711026908683236,-0.12083669988329293,-0.6450127877237851,-0.21372683596431022,-0.44042908407939113,0.053417603998587936,-0.12057242741933877,Personal Services,Consumer Cyclical,CSV
2007Q2,2007,Q2,2007-08-09,2007-06-30,1955000.0,41661000.0,7285000.0,0.1,11139000.0,0.2673723626413192,607535000.0,102867000.0,39978000.0,23769000.0,468075000.0,11913000.0,-89202000.0,156634380.0,370991380.0,5.424616358171176,1.681938659598637,0.3764375714979384,2.223249438595468,0.013322876474447146,5.424616358171176,0.01900512312014543,3.759736444156405,20.02997186700767,1.5226883257021202,0.0,2.5620750440695037,0.0,0.06857382702231148,1.180739618831251,0.0032179216012246208,18.26427005597015,0.2673723626413192,-0.4444444444444444,0.1825619437574172,-0.016619847410562542,-0.03604100755049239,-0.1513142857142857,-0.4286966686148451,-0.19918654501484007,4.99866483271146,0.03571672607910642,-0.11776605399307162,Personal Services,Consumer Cyclical,CSV
2007Q1,2007,Q1,2007-05-10,2007-03-31,3422000.0,42658000.0,9097000.0,0.18,13125000.0,0.3076796849360026,590620000.0,100302000.0,52705000.0,20109000.0,456342000.0,12072000.0,-91156000.0,151792670.0,355457670.0,5.345733624686884,2.6209657367347954,0.387890691138126,2.284062132360272,0.016744833431686142,5.345733624686884,0.034116966760383644,3.5583634957100663,11.089470338983052,1.5133563637813803,0.0,2.4464049039098743,0.0,0.0722257966205005,2.0206375254861006,0.005793911482848532,-40.008610964681075,0.3076796849360026,17.659337016574586,-0.8139413420543721,-0.06141447939236081,-0.03637618592125259,0.3893299460146078,17.906077348066297,1.231735276136132,0.055080308146683604,-0.02505970782334348,-0.13639482777656334,Personal Services,Consumer Cyclical,CSV
