Quarters,Year,Quarter,FillingDate,Date,NetIncome,Revenue,OperatingIncome,EPSDiluted,GrossProfit,GrossProfitRatio,TotalAssets,CommonStockEquity,CurrentAssets,CurrentLiability,TotalLiability,Inventory,RetainedEarnings,MarketCap,EnterpriseValue,bookValuePerShare,currentRatio,debtToAssets,debtToEquity,roic,shareholdersEquityPerShare,roe,priceToSalesRatio,peRatio,pbRatio,payoutRatio,inventoryTurnover,dividendYield,assetTurnover,quickRatio,returnOnAssets,priceToFreeCashFlowsRatio,grossProfitMargin,epsdilutedGrowth,fiveYNetIncomeGrowthPerShare,fiveYRevenueGrowthPerShare,fiveYShareholdersEquityGrowthPerShare,grossProfitGrowth,netIncomeGrowth,operatingIncomeGrowth,threeYNetIncomeGrowthPerShare,threeYRevenueGrowthPerShare,threeYShareholdersEquityGrowthPerShare,Industry,Sector,Symbol
2023Q1,2023,Q1,2023-05-11,2023-03-31,-30213000.0,17192000.0,-22045000.0,-1.3,14927000.0,0.8682526757,112954000.0,-116554000.0,95973000.0,25234000.0,229508000.0,5466000.0,-607317000.0,215106747.24,277910747.24,-5.006625658275655,3.803320916224142,0.879508472475521,-0.852343119927244,1.3956053246317892,-5.006625658275655,0.25921890282615784,12.512025781758958,-1.779918803495184,-1.8455543974466773,0.0,0.41437980241492867,0.0,0.15220355188837933,3.0731156376317665,-0.2674805673105866,-8.327787349593496,0.8682526756630992,-0.06557377049180334,-0.4807139891002722,22.441191369412184,-1.6171204206639989,-0.05698401667824878,-0.06952458494105986,-0.0869243664332906,0.2734285329213571,0.0,-1.70407560945224,Biotechnology,Healthcare,URGN
2022Q4,2022,Q4,2023-03-24,2022-12-31,-28249000.0,18092000.0,-20282000.0,-1.22,15829000.0,0.8749170904,136239000.0,-88741000.0,128907000.0,23916000.0,224980000.0,4325000.0,-577104000.0,204798463.17,248513463.17,-3.84345008168647,5.38998996487707,0.7275669962345583,-1.116992145682379,-1.698835343504135,-3.84345008168647,0.318330872989937,11.319835461529957,-1.8124399374314135,-2.3078223500974744,0.0,0.5232369942196532,0.0,0.13279604224928251,4.71098845960863,-0.20734885018240004,-9.409531962784285,0.874917090426708,-0.07964601769911513,-0.6513112963483296,31.619977974058756,-1.7636308995151821,0.12445833629324429,-0.09360845495722195,-0.12135788135124675,0.3357767318155055,0.0,-1.4510229261116654,Biotechnology,Healthcare,URGN
2022Q3,2022,Q3,2022-11-10,2022-09-30,-25831000.0,16097000.0,-18087000.0,-1.13,14077000.0,0.8745107784,128473000.0,-63286000.0,121594000.0,18999000.0,191759000.0,4862000.0,-548235000.0,189681548.16,234721548.16,-2.775913235144274,6.40002105373967,0.5738637690409658,-1.1649653951900893,-1.5124801800007117,-2.775913235144274,0.4081629428309579,11.783658331366093,-1.8357936990437846,-2.997211834528964,0.0,0.41546688605512133,0.0,0.12529480902602103,5.544502342228538,-0.20106170168050874,-10.67726136560653,0.8745107784059142,0.04237288135593224,-48.62161319088508,0.1795833481507649,-1.4750628553745222,-0.04614446401951484,0.03222059870368289,0.03355597114613946,-0.06503832840477772,0.0,-1.2752904779087457,Biotechnology,Healthcare,URGN
2022Q2,2022,Q2,2022-08-11,2022-06-30,-26691000.0,16604000.0,-18715000.0,-1.18,14758000.0,0.8888219706,146141000.0,-40913000.0,139624000.0,18040000.0,187054000.0,5047000.0,-522404000.0,185942254.67999998,177963254.67999998,-1.8020512366952655,7.739689578713969,0.497540046940968,-1.7772101776941314,-0.5624670386495311,-1.8020512366952655,0.6523843277197957,11.198642175379426,-1.7416194099134539,-4.544820831520543,0.0,0.36576183871606893,0.0,0.1136163020644446,6.836640798226164,-0.18263868455806379,-7.663929382573571,0.8888219706094916,0.05600000000000005,-0.7456000174396257,0.0,-1.223928197068988,0.22584932303347455,0.059911242603550297,0.14765222935738034,-0.08967781804627778,845.4705056690345,-1.1670233544523834,Biotechnology,Healthcare,URGN
2022Q1,2022,Q1,2022-05-10,2022-03-31,-28392000.0,13564000.0,-21957000.0,-1.25,12039000.0,0.8875700383,165715000.0,-17074000.0,160524000.0,19091000.0,182789000.0,4756000.0,-495713000.0,197120443.39000002,162815443.39000002,-0.7544348898696945,8.408359960190666,0.4288929789095737,-4.1627035258287455,-0.4092202894894146,-0.7544348898696945,1.6628792315801804,14.532618946475967,-1.7357041014194141,-11.545065209675531,0.0,0.3206476030277544,0.0,0.08185137133029599,7.644596930490807,-0.1713302959901035,-8.206171407934724,0.8875700383367738,0.015748031496063006,-3.0241679997465147,344.7476809550419,0.0,-0.17456290709633185,0.002108814846056516,0.19615595826468973,-0.13144900942501514,0.0,-1.0608989178798072,Biotechnology,Healthcare,URGN
2021Q4,2021,Q4,2022-03-21,2021-12-31,-28452000.0,16174000.0,-27315000.0,-1.27,14585000.0,0.9017559045,119746000.0,8413000.0,114390000.0,22380000.0,111333000.0,4832000.0,-467321000.0,213339789.06,168979789.06,0.3750244169290827,5.111260053619303,0.003323701835551918,0.047307738024485915,-3.2291453864487574,0.3750244169290827,-3.381908950433852,13.190292386546309,-1.874558810101223,25.358348871983832,0.0,0.32884933774834435,0.0,0.13506922986989128,2.5096878462913317,-0.23760292619377682,8.071880024971623,0.9017559045381477,0.05925925925925931,-2.0757137485631043,-0.5492011636749435,-0.7479283052167823,0.4430592658553478,0.05822382575882957,-0.16531569965870307,0.13302687113440462,0.0,-0.932514944347631,Biotechnology,Healthcare,URGN
2021Q3,2021,Q3,2021-11-15,2021-09-30,-30211000.0,11351000.0,-23440000.0,-1.35,10107000.0,0.8904061316183596,134603000.0,31537000.0,125140000.0,19806000.0,103066000.0,3808000.0,-438869000.0,376441658.36,321720658.36,1.4091223121026524,6.318287387660305,0.004576421030734828,0.019532612486920127,-0.7153102017150356,1.4091223121026524,-0.9579541490947141,33.16374401902916,-3.1151042530866238,11.93650817642769,0.0,0.32668067226890757,0.0,0.08432947259719323,5.755478137937999,-0.2244452203888472,-20.16291689126942,0.8904061316183596,-0.153846153846154,-1.0234670438943558,0.0,0.0,-0.12908229211546748,-0.15212417054381816,-0.02703413223502607,-0.05795395140821156,27.8404318677001,-0.7810797354328043,Biotechnology,Healthcare,URGN
2021Q2,2021,Q2,2021-08-04,2021-06-30,-26222000.0,13032000.0,-22823000.0,-1.17,11605000.0,0.8905003069367711,153768000.0,56271000.0,140498000.0,19056000.0,97497000.0,3421000.0,-408658000.0,340996187.13,278596187.13,2.519846855860649,7.372900923593619,0.005996045991363613,0.01638499404666702,-0.3974503540455477,2.519846855860649,-0.4659949174530398,26.166067152394106,-3.251050521794676,6.059892078157488,0.0,0.4171294942999123,0.0,0.08475105353519588,6.850545759865659,-0.1705296290515582,-17.93395325181445,0.8905003069367711,0.0,-3.238344569784399,0.0,0.0,0.7615361262902246,-0.011066126855600539,0.12602435475224016,-0.028214788493172452,24.306208809940347,-0.6497203604340042,Biotechnology,Healthcare,URGN
2021Q1,2021,Q1,2021-05-13,2021-03-31,-25935000.0,7485000.0,-26114000.0,-1.17,6588000.0,0.8801603206412826,97414000.0,76491000.0,93082000.0,17005000.0,20923000.0,3331000.0,-382436000.0,433281465.0,393990465.0,3.4389762783875373,5.473801822993237,0.012328823372410536,0.015701193604476343,-0.3310052856400441,3.4389762783875373,-0.3390594971957485,57.886635270541085,-4.176609456333141,5.664476408989293,0.0,0.26928850195136594,0.0,0.07683700494795409,4.834460452807997,-0.2662348327755764,-15.648709368679572,0.8801603206412826,0.15217391304347824,-2.740233562693977,193.13134040908758,0.0,-0.0992616899097621,0.15039638341086287,0.04182872238937404,-0.330345620862084,9.68183796780833,-0.5761092135849908,Biotechnology,Healthcare,URGN
2020Q4,2020,Q4,2021-03-18,2020-12-31,-30526000.0,7966000.0,-27254000.0,-1.38,7314000.0,0.9181521466231484,122005000.0,96355000.0,115619000.0,21436000.0,25650000.0,1964000.0,-356501000.0,399081389.62,347714389.62,4.350784439367865,5.393683523045344,0.0,0.0,-0.31313284212293135,4.350784439367865,-0.3168076384204245,50.09809058749686,-3.2683727774683877,4.141781844429453,0.0,0.3319755600814664,0.0,0.06529240604893242,5.0879361821235305,-0.25020286053850255,-18.636470982534792,0.9181521466231484,-0.05343511450381667,-2.16906450429552,-0.7750995601178827,1.9243685417829688,1.3204314720812182,-0.05934203220433093,0.0642082131575333,-0.8603392860550141,13.973860085769957,-0.13557003098286477,Biotechnology,Healthcare,URGN
2020Q3,2020,Q3,2020-11-09,2020-09-30,-28816000.0,3461000.0,-29124000.0,-1.31,3152000.0,0.9107194452470384,139893000.0,120527000.0,129338000.0,17618000.0,19366000.0,1346000.0,-325975000.0,425505436.46999997,404023436.46999997,5.464009694653855,7.3412419116812355,0.009543007870300872,0.011076356335095041,-0.23309456160710712,5.464009694653855,-0.23908335891542973,122.9429172117885,-3.6915727067427815,3.5303744096343554,0.0,0.22956909361069835,0.0,0.02474033725776129,6.949313202406629,-0.2059860035884569,-16.530902737762236,0.9107194452470384,0.0902777777777777,-0.9582292394257952,0.0,0.0,8.728395061728396,0.08080002551915531,0.08415094339622642,-56.21267170807987,-0.7378715483945952,-0.06490303282068502,Biotechnology,Healthcare,URGN
2020Q2,2020,Q2,2020-08-10,2020-06-30,-31349000.0,372000.0,-31800000.0,-1.44,324000.0,0.8709677419354839,161077000.0,142660000.0,129943000.0,16423000.0,18417000.0,1125000.0,-297159000.0,568188386.12,535308386.12,6.558175582302415,7.912257200267917,0.009163319406246703,0.010346277863451563,-0.21543839681313767,6.558175582302415,-0.21974624982475816,1527.3881347311828,-4.531152398162621,3.982814987522781,0.0,0.042666666666666665,0.0,0.002309454484501201,7.643244230652134,-0.19462120600706495,-23.463345974562273,0.8709677419354839,0.19553072625698328,-4.201701733237802,0.0,0.0,0.0,0.17050776598841055,0.1753325899224605,-1.1398266663232732,0.0,-0.18506177610133046,Biotechnology,Healthcare,URGN
2020Q1,2020,Q1,2020-05-07,2020-03-31,-37793000.0,0.0,-38561000.0,-1.79,0.0,0.0,166929000.0,150454000.0,121866000.0,14207000.0,16475000.0,0.0,-265810000.0,377461592.24,354893592.24,7.110920462321843,8.577884141620329,0.009776611613320633,0.010847169234450397,-0.24720808277665945,7.110920462321843,-0.251193055684794,0.0,-2.4969014912814544,2.5088172613556305,0.0,0.0,0.0,0.0,8.382557893995918,-0.22640164381263891,-10.563980639780583,0.0,0.02821963322077325,-4.72963661752873,-1.0,0.0,0.0,0.030277371513611987,0.03207911845176837,-4.72963661752873,-1.0,0.0,Biotechnology,Healthcare,URGN
2019Q4,2019,Q4,2020-03-02,2019-12-31,-38973000.0,0.0,-39839000.0,-1.84198,0.0,0.0,202388000.0,180302000.0,148634000.0,19482000.0,22086000.0,0.0,-228017000.0,706047832.5699999,658963832.5699999,8.521629077309695,7.6292988399548305,0.0,0.0,-0.2178113347839874,8.521629077309695,-0.21615400827500528,0.0,-4.5290831637928815,3.9159179186586948,0.0,0.0,0.0,0.0,7.549378913869212,-0.19256576476866216,-26.956621585598654,0.0,-0.7377169811320753,-2.5622883120494135,-1.0,4.727791010038695,0.0,-0.7514380729822039,-0.6986739436319448,-2.5622883120494135,-1.0,4.727791010038695,Biotechnology,Healthcare,URGN
2019Q3,2019,Q3,2019-11-12,2019-09-30,-22252000.0,0.0,-23453000.0,-1.06,0.0,0.0,226753000.0,210916000.0,159876000.0,14088000.0,15837000.0,0.0,-189044000.0,498446867.4,435174867.4,10.08357883001112,11.348381601362862,0.0049657556901121485,0.005338618217679076,-0.10912584858340661,10.08357883001112,-0.10550171632308597,0.0,-5.600023227125652,2.3632482476436114,0.0,0.0,0.0,0.0,11.228918228279387,-0.09813321102697649,-39.63161862129284,0.0,0.018518518518518535,-0.5946924708687872,0.0,0.0,-1.0,0.010010232682297459,0.012629983581021345,-0.5946924708687872,0.0,0.0,Biotechnology,Healthcare,URGN
2019Q2,2019,Q2,2019-08-09,2019-06-30,-22477000.0,18000.0,-23753000.0,-1.08,18000.0,1.0,238566000.0,224779000.0,191194000.0,11844000.0,13787000.0,0.0,-166792000.0,759178971.24,671764971.24,10.789217128368783,16.142688280986153,0.004472556860575271,0.004746884717878449,-0.10379015625546195,10.789217128368783,-0.09999599606724828,42176.60951333334,-8.443953499577345,3.377446163743054,0.0,0.0,0.0,7.545081864138225e-05,15.971209050996285,-0.09421711392235273,-52.01637350051387,1.0,0.02702702702702705,-2.89415718875443,0.0,0.0,0.0,-0.04817198283902257,-0.05884188472339857,-2.89415718875443,0.0,0.0,Biotechnology,Healthcare,URGN
2019Q1,2019,Q1,2019-05-09,2019-03-31,-21444000.0,0.0,-22433000.0,-1.11,0.0,0.0,252052000.0,239591000.0,248295000.0,10277000.0,12461000.0,0.0,-144315000.0,712101819.24,468594819.24,12.388313555237254,24.160260776491192,0.003971402726421532,0.004177953262017355,-0.09202262723718808,12.388313555237254,-0.08950252722347668,0.0,-8.301877206211529,2.972155962619631,0.0,0.0,0.0,0.0,24.004281405079304,-0.08507768238300033,-39.60962394259651,0.0,0.23972602739726018,-2.556649894272774,-1.0,0.0,0.0,0.09583842813171986,0.06595328309114377,-2.556649894272774,-1.0,0.0,Biotechnology,Healthcare,URGN
2018Q4,2018,Q4,2019-02-28,2018-12-31,-23717000.0,0.0,-24017000.0,-1.46,0.0,0.0,103559000.0,90094000.0,102243000.0,13465000.0,13465000.0,0.0,-122871000.0,698100518.44,596782518.44,5.557147627778805,7.5932417378388415,0.0,0.0,-0.26798956448433575,5.557147627778805,-0.263247275068262,0.0,-7.358651162035671,7.748579466335161,0.0,0.0,0.0,0.0,7.5245451169699225,-0.22901920644270415,-67.72414808304231,0.0,-0.14062499999999994,-2.2407694226586226,-1.0,2.7352224480883165,1.0,-0.1550674523937077,-0.13884015363459623,-2.2407694226586226,-1.0,2.7352224480883165,Biotechnology,Healthcare,URGN
2018Q3,2018,Q3,2018-09-30,2018-09-30,-20533000.0,283000.0,-21089000.0,-1.28,-772000.0,-2.7279151943462896,112558000.0,103583000.0,111471000.0,8975000.0,8975000.0,0.0,-99154000.0,769547319.0600001,660064319.0600001,6.436691984127098,12.42016713091922,0.0,0.0,-0.20359518453800335,6.436691984127098,-0.1982275083749264,2719.2484772438165,-9.36964056713583,7.429282015967871,0.0,0.0,0.0,0.0025142593151974983,12.211142061281336,-0.18242150713409974,-80.0694328436167,-2.7279151943462896,-0.12280701754385977,-0.9126229843945269,0.0,0.0,-17.782608695652176,-0.1390768889382004,-0.14402734078333515,-0.9126229843945269,0.0,0.0,Biotechnology,Healthcare,URGN
2018Q2,2018,Q2,2018-06-30,2018-06-30,-18026000.0,364000.0,-18434000.0,-1.14,46000.0,0.12637362637362637,121502000.0,113550000.0,120704000.0,7952000.0,7952000.0,142000.0,-78622000.0,785431395.68,666322395.68,7.193814801747524,15.179074446680081,0.0,0.0,-0.1623425803610744,7.193814801747524,-0.15874944958168208,2157.7785595604396,-10.893035000554754,6.91705324244826,0.0,2.23943661971831,0.0,0.002995835459498609,15.007671026156942,-0.14835969778275254,-94.87032198091556,0.12637362637362637,-0.29545454545454536,-3.1220420258646593,0.0,0.0,-0.09803921568627451,-0.34703332835151696,-0.351466275659824,-3.1220420258646593,0.0,0.0,Biotechnology,Healthcare,URGN
2018Q1,2018,Q1,2018-03-31,2018-03-31,-13382000.0,481000.0,-13640000.0,-0.88,51000.0,0.10602910602910603,129402000.0,123867000.0,128736000.0,5535000.0,5535000.0,349000.0,-60596000.0,758663888.91,631203888.91,8.112882819351059,23.258536585365853,0.0,0.0,-0.11011811055406202,8.112882819351059,-0.1080352313368371,1577.2638023076922,-14.173215679831117,6.124826539029766,0.0,1.2320916905444126,0.0,0.0037170986538075145,23.028726287262874,-0.10341416670530594,-78.2450380476485,0.10602910602910603,-0.1891891891891892,-1.8114750813929463,17.173964161798544,0.0,0.275,-0.32678960935950824,-0.3427840126009057,-1.8114750813929463,17.173964161798544,0.0,Biotechnology,Healthcare,URGN
2017Q4,2017,Q4,2017-12-31,2017-12-31,-10086000.0,327000.0,-10158000.0,-0.74,40000.0,0.12232415902140673,75550000.0,68515000.0,74472000.0,7035000.0,7035000.0,316000.0,-47214000.0,506532808.94,469533808.94,5.033125406694016,10.58592750533049,0.0,0.0,-0.1482595052178355,5.033125406694016,-0.14720864044369847,1549.0299967584099,-12.55534426283958,7.3930206369408165,0.0,0.9082278481012658,0.0,0.004328259430840503,10.376687988628287,-0.13350099272005295,-82.83447407031889,0.12232415902140673,-36.0,-1.628414673096867,-0.9849804633812596,2.383002263454612,-0.9946787282160436,-32.84563758389262,-32.524752475247524,-1.628414673096867,-0.9849804633812596,2.383002263454612,Biotechnology,Healthcare,URGN
2017Q3,2017,Q3,2017-09-30,2017-09-30,-298000.0,7812000.0,-303000.0,-0.02,7517000.0,0.9622375832053252,81188000.0,76261000.0,80449000.0,4927000.0,4927000.0,137000.0,-37128000.0,411371207.84,332200207.84,5.843254642495351,16.328191597320885,0.0,0.0,-0.003973197309240634,5.843254642495351,-0.0039076329972069605,52.65888477214541,-345.11007369127515,5.39425404649821,0.0,2.153284671532847,0.0,0.09622111642114599,16.07570529734118,-0.0036704931763314776,159.6318229879705,0.9622375832053252,0.9714285714285714,0.9657728055522838,0.0,0.0,0.0,0.9519277302790773,0.9490841875315074,0.9657728055522838,0.0,0.0,Biotechnology,Healthcare,URGN
2017Q2,2017,Q2,2017-06-30,2017-06-30,-6199000.0,0.0,-5951000.0,-0.7,0.0,0.0,79038000.0,74072000.0,78302000.0,4966000.0,4966000.0,398000.0,-36830000.0,166231554.29999998,89138554.29999998,8.047451193205863,15.767619814740234,0.0,0.0,-0.08034074954098715,8.047451193205863,-0.08368884328761206,0.0,-6.7039665389578955,2.244188820336969,0.0,0.0,0.0,0.0,15.526178010471204,-0.0784306283053721,-47.7539656133295,0.0,-0.9090579344538592,-1.430898640110674,0.0,0.0,-1.0,-0.8141644717588528,-0.682023742227247,-1.430898640110674,0.0,0.0,Biotechnology,Healthcare,URGN
2017Q1,2017,Q1,2017-03-31,2017-03-31,-3417000.0,19000.0,-3538000.0,-0.366673,1000.0,0.05263157894736842,,,,,,,,153230697.84,,,0.0,0.0,0.0,0.0,,0.0,8064.773570526316,-11.21090853380158,0.0,0.0,0.0,0.0,0.0,0.0,0.0,-54.27938286928799,0.05263157894736842,-1.3107398305084745,0.0,0.0,0.0,-0.9999428636727231,-1.264412288168382,-1.2545140637364218,0.0,0.0,0.0,Biotechnology,Healthcare,URGN
2016Q4,2016,Q4,2016-12-31,2016-12-31,12923000.0,17530000.0,13901000.0,1.18,17502000.0,0.9984027381631488,23056000.0,16307000.0,22041000.0,3137000.0,6749000.0,105000.0,-27214000.0,153230697.84,131868697.84,1.4877688558074897,7.026139623844437,0.0,0.0,0.8524560004905869,1.4877688558074897,0.7924817563009751,8.741055210496292,2.964301977868916,9.39662095051205,0.0,0.26666666666666666,0.0,0.760322692574601,6.836149187121453,0.5605048577376822,11.582938834379016,0.9984027381631488,2.64236294272468,0.0,0.0,0.0,0.0,2.618004256917491,3.275122749590835,0.0,0.0,0.0,Biotechnology,Healthcare,URGN
2016Q3,2016,Q3,2016-09-30,2016-09-30,-7987000.0,0.0,-6110000.0,-0.718477,0.0,0.0,,,,,,,,167376151.14000002,,,0.0,0.0,0.0,0.0,,0.0,0.0,-5.239018127582322,0.0,0.0,0.0,0.0,0.0,0.0,0.0,-45.718697388691616,0.0,-1.191594500858669,0.0,0.0,0.0,0.0,-1.4078987036478745,-0.7997054491899853,0.0,0.0,0.0,Biotechnology,Healthcare,URGN
2016Q2,2016,Q2,2016-06-30,2016-06-30,-3317000.0,0.0,-3395000.0,-0.327833,0.0,0.0,,,,,,,,167376151.14000002,,,0.0,0.0,0.0,0.0,,0.0,0.0,-12.615024957793187,0.0,0.0,0.0,0.0,0.0,0.0,0.0,-49.62233950192707,0.0,0.0,0.0,0.0,0.0,0.0,0.0,0.0,0.0,0.0,0.0,Biotechnology,Healthcare,URGN
