Year,Date,FillingDate,NetIncome,Revenue,OperatingIncome,EPSDiluted,GrossProfit,GrossProfitRatio,TotalAssets,CommonStockEquity,CurrentAssets,CurrentLiability,TotalLiability,Inventory,RetainedEarnings,EnterpriseValue,bookValuePerShare,currentRatio,debtToAssets,debtToEquity,roic,shareholdersEquityPerShare,roe,priceToSalesRatio,peRatio,pbRatio,payoutRatio,inventoryTurnover,dividendYield,assetTurnover,quickRatio,returnOnAssets,priceToFreeCashFlowsRatio,grossProfitMargin,epsdilutedGrowth,fiveYNetIncomeGrowthPerShare,fiveYRevenueGrowthPerShare,fiveYShareholdersEquityGrowthPerShare,grossProfitGrowth,netIncomeGrowth,operatingIncomeGrowth,threeYNetIncomeGrowthPerShare,threeYRevenueGrowthPerShare,threeYShareholdersEquityGrowthPerShare,Industry,Sector,Price,MarketCap,AvgVolume,Symbol
2022,2022-12-31,2023-03-24,-109163000.0,64357000.0,-79041000.0,-4.79,56703000.0,0.8810696583,136239000.0,-88741000.0,128907000.0,23916000.0,224980000.0,4325000.0,-577104000.0,246011422.43999997,-3.8909866052300512,5.38998996487707,0.7275669962345583,-1.116992145682379,-6.673750589908211,-3.8909866052300512,1.230130379418758,3.143347614711686,-1.8531592429669392,-2.2796274826742993,0.0,1.7697109826589594,0.0,0.4723830914789451,4.71098845960863,-0.8012610192382504,-2.3037183838383837,0.881069658312227,0.03427419354838708,-1.3254323023533494,2.3610140232805494,-1.551819305784621,0.3222105631339629,0.014952174697707994,0.14357690807437265,0.025342447420435094,3217.257002286568,-1.4430178355172127,Biotechnology,Healthcare,9.8299,230547526,247611,URGN
2021,2021-12-31,2022-03-21,-110820000.0,48042000.0,-92292000.0,-4.96,42885000.0,0.8926564256,119746000.0,8413000.0,114390000.0,22380000.0,111333000.0,4832000.0,-467321000.0,168562544.31,0.376463011647711,5.111260053619303,0.003323701835551918,0.047307738024485915,-10.154710515034331,0.376463011647711,-13.17247117556163,4.423723914699638,-1.9177453917162965,25.261445894449064,0.0,1.0672599337748345,0.0,0.40119920498388256,4.506523681858803,-0.9254588879795568,-2.4814878369763207,0.8926564256275759,0.15932203389830515,-29.58795476313374,0.4682397971435074,-0.7236021588973005,2.97451343836886,0.13748015317082282,0.27179479086942454,-0.032610684282881795,29.02476134925072,-0.9341701895480357,Biotechnology,Healthcare,9.8299,230547526,247611,URGN
2020,2020-12-31,2021-03-18,-128484000.0,11799000.0,-126739000.0,-5.9,10790000.0,0.9144842783,122005000.0,96355000.0,115619000.0,21436000.0,25650000.0,1964000.0,-356501000.0,290076484.52,4.423845082826519,5.393683523045344,0.012269988934879718,0.015536298064449172,-1.3100980513990939,4.423845082826519,-1.3334440350786156,33.2647245122468,-3.0547810195822045,4.073379529033263,0.0,0.5137474541751528,0.0,0.09670915126429244,7.469303974622131,-1.0531043809679932,-3.6646761890178428,0.914484278328672,-0.20162932790224036,-4.565878366142799,0.0,2.253158619217435,598.4444444444445,-0.27446584799730195,-0.1576663804600011,-1.8659428397251785,-0.3547768049776186,-0.3726107616965935,Biotechnology,Healthcare,9.8299,230547526,247611,URGN
2019,2019-12-31,2020-03-02,-100814000.0,18000.0,-109478000.0,-4.91,18000.0,1.0,202388000.0,180302000.0,148634000.0,19482000.0,22086000.0,0.0,-228017000.0,637959619.9899999,8.78291186784256,7.6292988399548305,0.012866375476806925,0.014442435469379154,-0.5658321504298303,8.78291186784256,-0.5591396656720391,38057.978888333324,-6.79512389142381,3.799423300850794,0.0,0.0,0.0,8.893807933276676e-05,7.549378913869212,-0.49812241832519716,-9.602248605169464,1.0,-0.022916666666666734,-3.633592480605271,0.0,5.458681285114881,1.0266666666666666,-0.332513845381128,-0.41847628919409174,-29.291424516434972,-0.9994011542451998,5.4483835164625845,Biotechnology,Healthcare,9.8299,230547526,247611,URGN
2018,2018-12-31,2019-02-28,-75657000.0,1128000.0,-77180000.0,-4.8,-675000.0,-0.598404255319149,103559000.0,90094000.0,102243000.0,13465000.0,13465000.0,0.0,-122871000.0,577057550.58,5.718731514841795,7.5932417378388415,0.0,0.0,-0.8580785326533468,5.718731514841795,-0.8397562545785513,601.3967646985816,-8.966461141467413,7.529641824982796,0.0,0.0,0.0,0.01089234156374627,7.5245451169699225,-0.7305690475960563,-17.90192512218293,-0.598404255319149,-1.2429906542056073,-3.531186762505299,0.0,3.205377984577024,-1.089309341095528,-2.78285,-2.868671679197995,-3.531186762505299,0.0,3.205377984577024,Biotechnology,Healthcare,9.8299,230547526,247611,URGN
2017,2017-12-31,2017-12-31,-20000000.0,8158000.0,-19950000.0,-2.14,7558000.0,0.9264525619024271,75550000.0,68515000.0,74472000.0,7035000.0,7035000.0,316000.0,-47214000.0,324562755.90000004,7.051196948786584,10.58592750533049,0.0,0.0,-0.29145399579648096,7.051196948786584,-0.29190688170473617,44.319901434175044,-18.078087795,5.2771182354229005,0.0,1.8987341772151898,0.0,0.10798146922567836,10.376687988628287,-0.26472534745201853,-36.7366140926641,0.9264525619024271,-12.200021648634724,-0.9420758463823804,0.0,4.185231783724352,-0.568163638441321,-9.303967027305513,-26.0,-0.9420758463823804,0.0,4.185231783724352,Biotechnology,Healthcare,9.8299,230547526,247611,URGN
2016,2016-12-31,2016-12-31,-1941000.0,17530000.0,798000.0,-0.16212094623506468,17502000.0,0.9984027381631488,23056000.0,16307000.0,22041000.0,3137000.0,6749000.0,105000.0,-27214000.0,146014151.14000002,1.3620331119295208,7.026139623844437,0.0,0.0,0.048936039737536026,1.3620331119295208,-0.11902863800821734,9.547983521962351,-86.2319171251932,10.264067648249219,0.0,0.26666666666666666,0.0,0.760322692574601,6.836149187121453,-0.08418632893823734,47.90387840297654,0.9984027381631488,0.8566574952563698,0.8470328631097801,0.0,0.001596953504084595,0.0,0.8470328631097801,1.0643029814665592,0.8470328631097801,0.0,0.001596953504084595,Biotechnology,Healthcare,9.8299,230547526,247611,URGN
2015,2015-12-31,2015-12-31,-12689000.0,0.0,-12410000.0,-1.131004,0.0,0.0,19390000.0,16281000.0,19131000.0,2237000.0,3109000.0,0.0,-25273000.0,149401151.14000002,1.3598614763797465,8.552078676799285,0.0,0.0,-0.762238191757263,1.3598614763797465,-0.7793747312818623,0.0,-13.190649471195526,10.280458887046251,0.0,0.0,0.0,0.0,8.035315154224408,-0.65440948942754,-22.38846323434992,0.0,0.0,0.0,0.0,0.0,0.0,0.0,0.0,0.0,0.0,0.0,Biotechnology,Healthcare,9.8299,230547526,247611,URGN
TTM,,,,,,,,,,,,,,,,293351526.0,-5.006625658275655,3.803320916224142,0.879508472475521,-0.852343119927244,5.043711856739028,-5.006625658275655,1.4343929123020156,3.3911528425387956,-2.061915143938766,-1.9633782653096419,0.0,1.535675082327113,0.0,0.6018821821272377,3.0731156376317665,-0.9825592719160012,-2.57244344022673,0.8765315878502611,,,,,,,,,,,Biotechnology,Healthcare,9.8299,230547526,247611,URGN
