Quarters,Year,Quarter,FillingDate,Date,NetIncome,Revenue,OperatingIncome,EPSDiluted,GrossProfit,GrossProfitRatio,TotalAssets,CommonStockEquity,CurrentAssets,CurrentLiability,TotalLiability,Inventory,RetainedEarnings,MarketCap,EnterpriseValue,bookValuePerShare,currentRatio,debtToAssets,debtToEquity,roic,shareholdersEquityPerShare,roe,priceToSalesRatio,peRatio,pbRatio,payoutRatio,inventoryTurnover,dividendYield,assetTurnover,quickRatio,returnOnAssets,priceToFreeCashFlowsRatio,grossProfitMargin,epsdilutedGrowth,fiveYNetIncomeGrowthPerShare,fiveYRevenueGrowthPerShare,fiveYShareholdersEquityGrowthPerShare,grossProfitGrowth,netIncomeGrowth,operatingIncomeGrowth,threeYNetIncomeGrowthPerShare,threeYRevenueGrowthPerShare,threeYShareholdersEquityGrowthPerShare,Industry,Sector,Symbol
2023Q1,2023,Q1,2023-05-15,2023-03-31,3196000.0,16170000.0,4313000.0,0.1,8848000.0,0.5471861472,772689000.0,52145000.0,747177000.0,711780000.0,719554000.0,-179840000.0,22178000.0,62085178.39,473134178.39,1.6041984992676124,1.0497302537300852,0.5370543646926512,7.958116789720971,0.006791868731442658,1.6041984992676124,0.06129063189184006,3.839528657390229,4.856475155663329,1.190625724230511,0.0,-0.04071396797153025,0.0,0.020926918850921912,0.6906066481216107,0.004136204863793842,-1.550927490944518,0.5471861471861472,2.0,0.5771755840721892,0.6521377509997164,5.309271576238728,0.5055300323294197,1.946962962962963,2.155061596143546,2.068523766480582,0.023744306943862193,0.4324872288934835,Capital Markets,Financial Services,SIEB
2022Q4,2022,Q4,2023-03-29,2022-12-31,-3375000.0,13735000.0,-3734000.0,-0.1,5877000.0,0.4278849654,728048000.0,48949000.0,703321000.0,669721000.0,678128000.0,-98868000.0,18982000.0,44075490.64,357033490.64,1.510377741310607,1.0501701454784902,0.46237335999824186,6.877157858178921,-0.008460935829232049,1.510377741310607,-0.06894931459273938,3.20899094575901,-3.2648511585185185,0.9004369985086519,0.0,-0.07947971032083181,0.0,0.018865514361690438,0.6378103717816822,-0.004635683361536602,13.04394514353359,0.42788496541681836,-4.333333333333334,-4.141986613115489,0.8897396264438545,5.40001587191868,-0.11597472924187725,-4.2081749049429655,-3.4121447028423773,-6.600269806674229,0.44609462109267833,0.9738035836479245,Capital Markets,Financial Services,SIEB
2022Q3,2022,Q3,2022-11-14,2022-09-30,1052000.0,14336000.0,1548000.0,0.03,6648000.0,0.4637276786,1025147000.0,51567000.0,991905000.0,961787000.0,970901000.0,-1758000.0,21762000.0,47956787.8,675260787.8,1.5914151781450216,1.0313146257955244,0.6162950289080493,12.251885896018772,0.0015155524453094814,1.5914151781450216,0.020400643822599724,3.3452000418526784,11.396575047528517,0.9299898733686272,0.0,-4.373151308304892,0.0,0.01398433590499704,0.7244556227106418,0.0010261942921356644,-1.8525432765480743,0.46372767857142855,0.9108280254777071,-0.28370293244516454,2.163163166746036,6.843473494230138,0.6703517587939698,1.0627450980392157,4.739130434782608,-0.2013746440145089,0.6818334067145648,1.1315033132243955,Capital Markets,Financial Services,SIEB
2022Q2,2022,Q2,2022-08-15,2022-06-30,510000.0,11723000.0,-414000.0,0.0157,3980000.0,0.33950354,1151034000.0,50574000.0,1117379000.0,1087939000.0,1097696000.0,-1802000.0,20710000.0,50225014.25,774377014.25,1.56077008977653,1.0270603406992487,0.6326841778783251,14.399513584055049,0.0005225190050759032,1.56077008977653,0.010084233005101436,4.284314104751344,24.620105024509805,0.9930995027089019,0.0,-4.296892341842398,0.0,0.010184755619729738,0.7307946493323615,0.0004430798742695698,1.2465566565734283,0.3395035400494754,1.4658753709198813,-0.04766702443507706,1.9713887424291197,8.905116117743095,0.444121915820029,1.467032967032967,0.6688,-0.5691213927828801,0.39145441075308607,1.2108349026099574,Capital Markets,Financial Services,SIEB
2022Q1,2022,Q1,2022-05-23,2022-03-31,-1092000.0,10344000.0,-1250000.0,-0.0337,2756000.0,0.2664346481,1127836000.0,49863000.0,1094220000.0,1065372000.0,1075008000.0,-1868000.0,19999000.0,69990987.60000001,784424987.6,1.538827836171296,1.0270778657595656,0.6402553208090538,14.48173996751098,-0.0012827065141277718,1.538827836171296,-0.02190000601648517,6.766336774941996,-16.023577747252748,1.4036657962818122,0.0,-4.062098501070664,0.0,0.009171546217712503,0.7650876876809227,-0.0009682258768118769,-1.5729372227341172,0.26643464810518175,-3.292517006802721,-13.83234879650666,1.9635044294636075,9.91368229099243,-0.4295176981991306,-3.3790849673202614,-2.456876456876457,-1.9097479506655093,0.34847070002941855,1.2986928958491244,Capital Markets,Financial Services,SIEB
2021Q4,2021,Q4,2022-03-30,2021-12-31,459000.0,14739000.0,858000.0,0.0147,4831000.0,0.3277698623,1404235000.0,49263000.0,1370637000.0,1343382000.0,1353729000.0,-1596000.0,20972000.0,72211630.96,1017829630.96,1.5827112402890948,1.0202883468737858,0.676080570559771,19.271583135416034,0.0005649481084700369,1.5827112402890948,0.00931733755556909,4.899357552072732,39.33095368191721,1.465839087347502,0.0,-6.208020050125313,0.0,0.010496106420933819,0.7764745991832553,0.0003268683660498421,-10.650683032448377,0.3277698622701676,-0.51,1.0522016741523632,2.978631972418982,14.517294394510026,-0.28651602422094224,-0.4724137931034483,-0.6259808195292066,-0.9251583481753335,0.9823929775120395,1.5027359207082873,Capital Markets,Financial Services,SIEB
2021Q3,2021,Q3,2021-11-15,2021-09-30,870000.0,17051000.0,2294000.0,0.03,6771000.0,0.3971028092,1247204000.0,42623000.0,1224948000.0,1194603000.0,1204581000.0,0.0,20483000.0,104271105.05,902046105.05,1.3693827252672814,1.0254017443451926,0.6430664109480085,18.816953288130822,0.0020737030199550976,1.3693827252672814,0.020411514909790488,6.115248668699783,29.96296122126437,2.446357718837248,0.0,0.0,0.0,0.013671380143104095,0.7507699210532705,0.0006975603028854943,-5.504175731102196,0.3971028092194006,-0.4000000000000001,1.5415901246767358,4.4433558596304294,1.271913525290121,0.001775410563692854,-0.3911826452064381,-0.025902335456475585,-0.7566286184297397,0.8869868272851331,2.1451779528108856,Capital Markets,Financial Services,SIEB
2021Q2,2021,Q2,2021-08-16,2021-06-30,1429000.0,16793000.0,2355000.0,0.05,6759000.0,0.4024891324,1116918000.0,43071000.0,1090612000.0,1068484000.0,1073847000.0,0.0,19613000.0,150472980.83999997,804696980.8399999,1.3768020600342086,1.020709715821669,0.5878282917814915,15.243574562930974,0.00250173349172153,1.3768020600342086,0.0331777762299459,8.960458574406001,26.324874184744576,3.49360313993174,0.0,0.0,0.0,0.015035123437888905,0.6937062230225254,0.0012794135290146635,10.596688791549294,0.40248913237658546,-0.28571428571428575,2.385757643853824,3.8153368475670586,1.1036977288581058,-0.14497153700189752,-0.3718681318681319,-0.3309659090909091,-0.31043943593708956,0.9468558794704056,3.295240940050119,Capital Markets,Financial Services,SIEB
2021Q1,2021,Q1,2021-05-17,2021-03-31,2275000.0,18924000.0,3520000.0,0.07,7905000.0,0.4177235257,1237154000.0,41642000.0,1210885000.0,1189866000.0,1195512000.0,0.0,18184000.0,126251253.44999999,910630253.45,1.3358291137029499,1.0176650143797705,0.6373305182701587,18.934633302915326,0.0031915483336421194,1.3358291137029499,0.05463234234666923,6.671488768230818,13.873764115384613,3.0318249231545074,0.0,0.0,0.0,0.015296398023204871,0.7371443507083991,0.0018388979868310656,13.133387438884842,0.4177235256816741,1.3333333333333337,4.2170875582829055,4.3671002985114775,0.9432192260965601,0.3956567796610169,1.4755168661588682,1.3342175066312998,0.17065403473023755,1.0161510439668964,4.253781662086081,Capital Markets,Financial Services,SIEB
2020Q4,2020,Q4,2021-03-10,2020-12-31,919000.0,14877000.0,1508000.0,0.03,5664000.0,0.3807219197,1372987000.0,37986000.0,1350638000.0,1330046000.0,1335001000.0,0.0,15909000.0,128745582.0,1058391582.0,1.2391974739762333,1.0154821712933237,0.6797427797932537,24.568999104933397,0.001292486068636534,1.2391974739762333,0.024193123782446164,8.654001613228473,35.023281284004355,3.3892903174853894,0.0,0.0,0.0,0.010835499534955538,0.770578611566818,0.0006693435553286374,2.1354738343644777,0.38072191974188346,0.4999999999999999,42.38208473378915,2.5656870493156965,0.7450635944428255,0.19974581656428722,0.5817555938037866,3.4615384615384617,-0.09547355773138451,1.164032963909344,4.250927158796399,Capital Markets,Financial Services,SIEB
2020Q3,2020,Q3,2020-11-16,2020-09-30,581000.0,12575000.0,338000.0,0.02,4721000.0,0.3754274354,673452000.0,36318000.0,651780000.0,628679000.0,637134000.0,0.0,14990000.0,99011483.3,375337483.3,1.1847831795890285,1.0367453024516486,0.4170482825799018,7.733410430089763,0.006452523378642416,1.1847831795890285,0.01599757695908365,7.873676604373757,42.603908476764204,2.7262372184591666,0.0,0.0,0.0,0.01867245178572489,0.6168489801631676,0.0008627192435392574,17.2193884,0.375427435387674,0.0,1.574991718909266,2.6590992564257254,0.6474271739535554,0.01178739819974282,0.16432865731462926,-0.5426251691474966,-0.5818242044296248,1.9329652829103583,4.8393407283874845,Capital Markets,Financial Services,SIEB
2020Q2,2020,Q2,2020-08-13,2020-06-30,499000.0,12619000.0,739000.0,0.02,4666000.0,0.3697598859,536687000.0,35737000.0,513604000.0,499428000.0,500950000.0,0.0,14409000.0,154774237.64,321485237.64,1.168341855578078,1.0283844718357802,0.31841650720065884,4.781878725130817,0.0035898151779769974,1.168341855578078,0.013963119456025968,12.265174549488865,77.5422032264529,4.330924186137616,0.0,0.0,0.0,0.023512773739628498,0.5164327991221958,0.0009297784369660529,5.7194574346846005,0.3697598858863618,-0.3333333333333333,-0.4352820510189114,3.4531880567064963,0.5533668708395434,-0.24887314874436575,-0.4887295081967213,-0.5647820965842167,-0.012903968630316204,2.3883312621872417,6.414648589515992,Capital Markets,Financial Services,SIEB
2020Q1,2020,Q1,2020-05-28,2020-03-31,976000.0,14801000.0,1698000.0,0.03,6212000.0,0.4197013715,393734000.0,34111000.0,373497000.0,357913000.0,359623000.0,0.0,13910000.0,219919784.88,275380784.88,1.119869320235941,1.0435413075244542,0.15411673871192227,1.7789276186567382,0.011119446876277734,1.119869320235941,0.0286124710503943,14.858440975609756,56.33191211065573,6.447180817917974,0.0,0.0,0.0,0.037591368792128696,0.4076856666284823,0.0024788308858264716,68.57492512628625,0.41970137152895076,0.6129032258064517,1.3184773419730966,3.178965791872673,0.4533114961185279,1.1050491358861403,0.9326732673267327,2.10989010989011,11.200976790762425,3.5109643352370847,6.942342659263041,Capital Markets,Financial Services,SIEB
2019Q4,2019,Q4,2020-03-27,2019-12-31,505000.0,7959000.0,546000.0,0.0186,2951000.0,0.370775223,28473000.0,20781000.0,10668000.0,1578000.0,7692000.0,0.0,12869000.0,234909676.20000002,237941676.20000002,0.7652117737668569,6.760456273764259,0.21472974396796965,0.29421105817814347,0.020327972404738756,0.7652117737668569,0.0243010442230884,29.514973765548437,116.2919189108911,11.304060256965498,0.0,0.0,0.0,0.27952797386998207,6.690747782002535,0.0177361008674885,428.66729233576643,0.37077522301796706,-0.535,-0.9121909879710056,1.075857208134949,-0.08905786759785855,-0.12433234421364985,-0.542572463768116,-0.6173791170287316,1.0658260043816778,1.4624001248619574,6.502326429119591,Capital Markets,Financial Services,SIEB
2019Q3,2019,Q3,2019-11-13,2019-09-30,1104000.0,7144000.0,1427000.0,0.04,3370000.0,0.4717245241,23993000.0,20276000.0,7770000.0,809000.0,3717000.0,0.0,12364000.0,249846129.6,248432129.6,0.7466163286125206,9.604449938195303,0.11740924436293919,0.13893272834878675,0.04173170048796227,0.7466163286125206,0.05444860919313474,34.97286248600224,56.577475,12.322259301637402,0.0,0.0,0.0,0.2977535114408369,9.604449938195303,0.046013420581002794,177.4475352272727,0.4717245240761478,0.0,1.4847783024855183,0.6820317730114203,-0.06333130589269921,-0.062065126635123855,0.11290322580645161,0.0007012622720897616,1.787689267231551,1.6139223918163328,0.23869514627195182,Capital Markets,Financial Services,SIEB
2019Q2,2019,Q2,2019-08-14,2019-06-30,992000.0,7061000.0,1426000.0,0.04,3593000.0,0.5088514375,22704000.0,19172000.0,8060000.0,637000.0,3532000.0,0.0,11260000.0,241698973.20000002,239926973.20000002,0.7059641079186844,12.653061224489797,0.1275105708245243,0.15100146046317547,0.03932673013431492,0.7059641079186844,0.05174212393073232,34.2301335788132,60.91203961693549,12.60687321093261,0.0,0.0,0.0,0.31100246652572233,12.653061224489797,0.04369274136715997,268.5544146666667,0.5088514374734456,0.0,1.0537495703588446,0.5498621838415216,-0.18198812828637242,0.22210884353741497,-0.013916500994035786,0.06736526946107785,2.108141897686677,1.3323474375031836,0.07868453541315495,Capital Markets,Financial Services,SIEB
2019Q1,2019,Q1,2019-05-15,2019-03-31,1006000.0,6429000.0,1336000.0,0.04,2940000.0,0.4573028465,21549000.0,18180000.0,7138000.0,839000.0,3369000.0,0.0,10268000.0,325343112.24,324106112.24,0.6694360255561069,8.507747318235996,0.11740684022460439,0.13916391639163916,0.0416092943201377,0.6694360255561069,0.05533553355335533,50.60555486700887,80.85067401590457,17.89566073927393,0.0,0.0,0.0,0.2983433105944591,8.507747318235996,0.04668430089563321,1602.6754297536945,0.45730284647690156,-0.7999999999999999,0.0850299281854251,0.40620657065174587,-0.4118399580958014,0.10985277463193659,-0.811997757428518,0.08265802269043761,2.6329592132770667,1.092984799713047,-0.026177119394951792,Capital Markets,Financial Services,SIEB
2018Q4,2018,Q4,2019-03-29,2018-12-31,5351000.0,6487000.0,1234000.0,0.2,2649000.0,0.4083551719,18177000.0,17174000.0,10526000.0,832000.0,1003000.0,0.0,9262000.0,392692938.48,385634938.48,0.6323924259021221,12.651442307692308,0.009407492985641195,0.009956911610574123,0.3054921214889244,0.6323924259021221,0.3115756375917084,60.535368965623555,18.346708020930667,22.865548997321536,0.0,0.0,0.0,0.356879573086868,12.651442307692308,0.29438301149804696,-3506.186950714286,0.408355171882226,0.8181818181818182,3.750702070681498,0.2587553217276383,-0.44376652166577596,-0.2610878661087866,0.7156139788393716,-0.40786948176583493,272.9756672386331,0.7549712419695717,-0.10945186459899062,Capital Markets,Financial Services,SIEB
2018Q3,2018,Q3,2018-11-14,2018-09-30,3119000.0,7884000.0,2084000.0,0.11,3585000.0,0.454718417,13493000.0,11824000.0,10518000.0,1669000.0,1669000.0,0.0,3912000.0,389705647.8,382364647.8,0.4353911752571732,6.301977231875375,0.0,0.0,0.2637855209742896,0.4353911752571732,0.2637855209742896,49.429940106544905,31.236425761462005,32.9588673714479,0.0,0.0,0.0,0.5843029719113615,6.301977231875375,0.2311568961683836,594.9704546564885,0.4547184170471842,0.5714285714285713,2.542867547084765,0.7489171542419444,-0.6392545877005158,0.018465909090909092,0.7337409672040022,0.07644628099173553,4.484167922262848,1.5894710369349632,-0.394593655805405,Capital Markets,Financial Services,SIEB
2018Q2,2018,Q2,2018-08-13,2018-06-30,1799000.0,7488000.0,1936000.0,0.07,3520000.0,0.4700854701,10310000.0,8705000.0,9143000.0,1605000.0,1605000.0,0.0,793000.0,282977898.96,276291898.96,0.32054128726435155,5.696573208722741,0.0,0.0,0.20666283744974154,0.32054128726435155,0.20666283744974154,37.79085189102564,39.32433281823235,32.50751280413555,0.0,0.0,0.0,0.7262851600387973,5.696573208722741,0.17449078564500484,217.34093622119815,0.4700854700854701,0.16666666666666682,1.8456954352142605,0.4234885614690076,-0.7498349631258477,-0.025740381954054804,0.06261075014766686,-0.08072174738841406,1.293113584897211,1.9762902997937872,-0.5738248920934682,Capital Markets,Financial Services,SIEB
2018Q1,2018,Q1,2018-05-15,2018-03-31,1693000.0,8177000.0,2106000.0,0.06,3613000.0,0.4418490889,9024000.0,6905000.0,7926000.0,2119000.0,2119000.0,0.0,-1007000.0,228935094.84,223551094.84,0.25426049265483597,3.7404436054742805,0.0,0.0,0.24518464880521357,0.25426049265483597,0.24518464880521362,27.99744341934695,33.80612741287655,33.15497390876177,0.0,0.0,0.0,0.9061391843971631,3.7404436054742805,0.18761081560283688,141.40524696726374,0.4418490889079124,0.812688821752266,1.6676270947289673,0.5593707013814991,-0.8105729578114339,0.3210237659963437,1.3128415300546448,1.34,1.6196236505302637,1.5894889428887171,-0.6700331991359663,Capital Markets,Financial Services,SIEB
2017Q4,2017,Q4,2018-04-13,2017-12-31,732000.0,4953000.0,900000.0,0.0331,2735000.0,0.5521905916,6025000.0,5212000.0,5444000.0,813000.0,813000.0,0.0,-2700000.0,298149201.0,294384201.0,0.23599593681285766,6.696186961869619,0.0,0.0,0.14282555250595108,0.23599593681285766,0.14044512663085187,60.19567958812841,101.82691290983607,57.204374712202615,0.0,0.0,0.0,0.8220746887966806,6.696186961869619,0.12149377593360997,542.0894563636364,0.5521905915606703,-0.3380000000000001,3.2130118177200737,0.04742814111757718,-0.8319713491669583,0.5143964562569213,-0.26873126873126874,-0.1008991008991009,-0.8434894162924952,0.5885182809493265,-0.7190599396291505,Capital Markets,Financial Services,SIEB
2017Q3,2017,Q3,2017-11-09,2017-09-30,1001000.0,3089000.0,1001000.0,0.05,1806000.0,0.5846552282,4975000.0,4481000.0,4315000.0,494000.0,494000.0,0.0,-3432000.0,86134199.9126,82919199.9126,0.2028967369260198,8.734817813765183,0.0,0.0,0.22338763668823924,0.2028967369260198,0.22338763668823924,27.884169605891874,21.51203794020979,19.222093263244812,0.0,0.0,0.0,0.6209045226130653,8.734817813765183,0.20120603015075378,90.57223965573081,0.5846552282292004,1.5,2.0983478012909385,-0.24106576490850426,-0.857066712269076,0.303971119133574,1.7424657534246575,1.7424657534246575,1.5404967602591793,-0.10567458019687324,-0.7454555782776641,Capital Markets,Financial Services,SIEB
2017Q2,2017,Q2,2017-08-14,2017-06-30,365000.0,2689000.0,365000.0,0.02,1385000.0,0.5150613611,3809000.0,3480000.0,3160000.0,329000.0,329000.0,0.0,-4433000.0,87015396.44,84751396.44,0.15757211437236085,9.604863221884498,0.0,0.0,0.10488505747126436,0.15757211437236085,0.10488505747126436,32.35976066939383,59.59958660273973,25.004424264367813,0.0,0.0,0.0,0.7059595694407981,9.604863221884498,0.0958256760304542,400.9926103225806,0.5150613611007809,6.6923076923076925,-0.1828468920109207,-0.5216052874520365,-0.8921443887405996,0.28597957288765086,5.293103448275862,5.293103448275862,1.0243187420880804,-0.27422402159244275,-0.8174186778593914,Capital Markets,Financial Services,SIEB
2017Q1,2017,Q1,2017-05-12,2017-03-31,58000.0,2379000.0,58000.0,0.0026,1077000.0,0.4527112232,3398000.0,3114000.0,2780000.0,284000.0,284000.0,0.0,-4799000.0,79727304.86,77680304.86,0.1409998747573367,9.788732394366198,0.0,0.0,0.018625561978163133,0.1409998747573367,0.018625561978163133,33.51294865910046,343.65217612068966,25.60285962106615,0.0,0.0,0.0,0.7001177163037081,9.788732394366198,0.017068864037669218,-116.73104664714495,0.4527112232030265,1.0092857142857143,-0.9071228148754958,-0.6366582175260682,-0.9021263691643558,-0.15859375,1.0092948717948718,1.3258426966292134,-0.923076923076923,-0.36013986013986016,-0.8761188686000716,Capital Markets,Financial Services,SIEB
2016Q4,2016,Q4,2017-04-06,2016-12-31,-6240000.0,2629000.0,-178000.0,-0.28,1280000.0,0.4868771396,3816000.0,2253000.0,3336000.0,738000.0,1563000.0,0.0,-4857000.0,65825136.56,63095136.56,0.10199659812145173,4.520325203252033,0.0,0.0,-0.15362916962487744,0.10199659812145173,-2.7696404793608522,25.038089220235832,-2.6372250224358975,29.216660701287175,0.0,0.0,0.0,0.6889412997903563,4.520325203252033,-1.6352201257861636,-296.50962414414414,0.48687713959680484,-4.426356589147288,-5.283952764300655,-0.39377267635801366,-0.9277717055230899,0.6326530612244898,-4.473684210526316,0.843859649122807,-2.9436874389595498,-0.37281263321230906,-0.9102868405319358,Capital Markets,Financial Services,SIEB
2016Q3,2016,Q3,2016-11-14,2016-09-30,-1140000.0,2223000.0,-1140000.0,-0.0516,784000.0,0.3526765632,14764000.0,13314000.0,13472000.0,1450000.0,1450000.0,0.0,-1648000.0,30482781.36,23646781.36,0.6027442110026668,9.29103448275862,0.0,0.0,-0.08562415502478594,0.6027442110026668,-0.08562415502478594,13.7124522537112,-6.684820473684209,2.289528418206399,0.0,0.0,0.0,0.15056895150365754,9.29103448275862,-0.07721484692495259,-30.03229690640394,0.352676563202879,-0.5636363636363636,-0.9308657410286049,-0.6200740612517645,-0.5863645777563131,-0.23586744639376217,-0.5659340659340659,-0.5659340659340659,0.30669007907398615,-0.3937226010625709,-0.500593440414013,Capital Markets,Financial Services,SIEB
2016Q2,2016,Q2,2016-08-15,2016-06-30,-728000.0,2462000.0,-728000.0,-0.033,1026000.0,0.4167343623,15772000.0,14454000.0,14314000.0,1318000.0,1318000.0,0.0,-508000.0,26281299.939999998,18430299.939999998,0.6544676267638229,10.860394537177541,0.0,0.0,-0.05036668050366681,0.6544676267638229,-0.05036668050366681,10.674776580016246,-9.025171682692308,1.8182717545316174,0.0,0.0,0.0,0.15609941668780117,10.860394537177541,-0.0461577479076845,-33.35190347715736,0.41673436230706745,-0.45374449339207046,0.5926877219987069,-0.4518268611122225,-0.5589793439808132,0.05447070914696814,-0.4530938123752495,-0.4530938123752495,0.5791773374527471,-0.42447908360657766,-0.4892236211452969,Capital Markets,Financial Services,SIEB
2016Q1,2016,Q1,2016-05-16,2016-03-31,-501000.0,2498000.0,-501000.0,-0.0227,973000.0,0.3895116093,16678000.0,15182000.0,14949000.0,1496000.0,1496000.0,0.0,220000.0,28710663.8,20071663.8,0.6874309886210294,9.992647058823529,0.0,0.0,-0.032999604795152154,0.6874309886210294,-0.032999604795152154,11.493460288230585,-14.326678542914172,1.891098919773416,0.0,0.0,0.0,0.14977815085741697,9.992647058823529,-0.0300395730902986,-22.535842857142857,0.38951160928742995,-31.42857142857143,0.7495917840812861,-0.5453245696057081,-0.5607132294447338,-0.2866568914956012,-30.3125,-19.04,0.7570596578487769,-0.4142224492444004,-0.4878558696886617,Capital Markets,Financial Services,SIEB
2015Q4,2015,Q4,2016-03-30,2015-12-31,-16000.0,3006000.0,-25000.0,-0.0007,1364000.0,0.4537591484,17785000.0,15683000.0,16184000.0,2102000.0,2102000.0,0.0,721000.0,28489812.54,19069812.54,0.7101159395694641,7.699333967649857,0.0,0.0,-0.00012816745847454454,0.7101159395694641,-0.0010202129694573741,9.47764888223553,-445.1533209375,1.8166047656698336,0.0,0.0,0.0,0.16901883609783525,7.699333967649857,-0.0008996345234748383,-45.07881731012658,0.4537591483699268,0.9745454545454546,-1.0120796795595723,-0.4325258826191549,-0.570041317423773,0.5343082114735658,0.978021978021978,0.9674902470741222,0.9516281569897251,-0.36431072235020456,-0.49439882367333193,Capital Markets,Financial Services,SIEB
2015Q3,2015,Q3,2015-11-16,2015-09-30,-728000.0,2476000.0,-769000.0,-0.0275,889000.0,0.3590468498,18166000.0,15883000.0,16680000.0,2283000.0,2283000.0,0.0,921000.0,34673647.82,28646647.82,0.7191718082115538,7.306176084099868,0.0,0.0,-0.041519407564856094,0.7191718082115538,-0.045835169678272364,14.00389653473344,-11.907159278846155,2.183066663728515,0.0,0.0,0.0,0.13629857976439502,3.7906263688129656,-0.04007486513266542,24.731560499286733,0.35904684975767365,-1.9515570934256057,0.7945469902901836,-0.3355934132142433,-0.5494521899340419,0.879492600422833,-2.1410658307210033,0.4703856749311295,0.2012015990611359,-0.39167330330639577,-0.4933699154139109,Capital Markets,Financial Services,SIEB
2015Q2,2015,Q2,2015-08-14,2015-06-30,638000.0,2046000.0,-1452000.0,0.0289,473000.0,0.2311827957,18524000.0,16611000.0,8795000.0,1913000.0,1913000.0,0.0,1649000.0,39753226.800000004,35203226.800000004,0.7521351700687603,4.597490852064819,0.0,0.0,0.13702414713792715,0.7521351700687603,0.03840828366744928,19.42972961876833,15.577283228840125,2.393186852085967,0.0,0.0,0.0,0.11045130641330166,3.7966544694197597,0.0344418052256532,-38.78363590243903,0.23118279569892472,1.2890000000000001,-0.18072990557413565,-0.7222066126740669,-0.5718558576631413,-0.3651006711409396,1.2871287128712872,-0.7163120567375887,0.42833885725214427,-0.6360001554953018,-0.4851754141868112,Capital Markets,Financial Services,SIEB
2015Q1,2015,Q1,2015-05-15,2015-03-31,-2222000.0,2568000.0,-846000.0,-0.1,745000.0,0.2901090343,18742000.0,17018000.0,9704000.0,1724000.0,1724000.0,0.0,2056000.0,38207267.98,32634267.979999997,0.7705638627554129,5.6287703016241295,0.0,0.0,-0.0720079651838846,0.7705638627554129,-0.1305676342695969,14.878219618380061,-4.29874752250225,2.245109177341638,0.0,0.0,0.0,0.13701846121011632,4.740139211136891,-0.11855725109380003,-32.43401356536502,0.2901090342679128,-1.4761904761904763,-0.8696547164797587,-0.4018126249224443,-0.5522129520473202,0.5618448637316562,-1.4750908702159504,0.13496932515337423,-4.5581569887353135,-0.6077924769259955,-0.4651209217851661,Capital Markets,Financial Services,SIEB
2014Q4,2014,Q4,2015-05-15,2014-12-31,4677000.0,3118000.0,-978000.0,0.21,477000.0,0.1529826812,20728000.0,18552000.0,10926000.0,2176000.0,2176000.0,0.0,3590000.0,48587277.2,41838277.2,0.8400223752402409,5.021139705882353,0.0,0.0,-0.26008011692075916,0.8400223752402409,0.25210219922380334,15.582834252726107,2.597139042121018,2.6189778568348427,0.0,0.0,0.0,0.1504245465071401,4.317095588235294,0.22563681976071015,-27.419456659142213,0.15298268120590122,3.502979737783075,5.875071045121338,-0.45569046936565094,-0.5267207986054292,-0.5546218487394958,3.525377969762419,0.07735849056603773,5.710763652146848,-0.2808878030816299,-0.4051430674795714,Capital Markets,Financial Services,SIEB
2014Q3,2014,Q3,2014-11-14,2014-09-30,-1852000.0,3454000.0,-1060000.0,-0.0839,1071000.0,0.310075275,20319000.0,17604000.0,10691000.0,2715000.0,2715000.0,0.0,2642000.0,47703872.160000004,39423872.160000004,0.7970975578767356,3.9377532228360956,0.0,0.0,-0.07659036033269162,0.7970975578767356,-0.10520336287207453,13.811196340474813,-6.439507580993522,2.709831411042945,0.0,0.0,0.0,0.16998868054530242,3.3734806629834253,-0.0911462178256804,-8.722595019199122,0.3100752750434279,0.8766176470588236,-3.126245403792009,-0.35248750012706936,-0.5617208452244072,-0.15669291338582678,0.8766073689119861,-1.3712784588441331,-2.1373562159761925,-0.40958492315049116,-0.45298888167953494,Capital Markets,Financial Services,SIEB
2014Q2,2014,Q2,2014-08-14,2014-06-30,-15009000.0,3705000.0,2855000.0,-0.68,1270000.0,0.342780027,26598000.0,19060000.0,16465000.0,7538000.0,7538000.0,0.0,4098000.0,61838352.8,48033352.8,0.8630242815911487,2.184266383656142,0.0,0.0,0.369952304985633,0.8630242815911487,-0.7874606505771249,16.69051357624831,-1.0300212006129654,3.244404658971668,0.0,0.0,0.0,0.13929618768328444,1.9810294507827009,-0.5642905481615159,-122.45218376237624,0.3427800269905533,-20.94134897360704,-27.745163540904834,-0.48809718258179396,-0.5307188179664118,0.020080321285140562,-20.905835543766578,5.090257879656161,-7.397458764452484,-0.1750684485868335,-0.41844100569214737,Capital Markets,Financial Services,SIEB
2014Q1,2014,Q1,2015-03-31,2014-03-31,754000.0,3718000.0,-698000.0,0.0341,1245000.0,0.3348574502,27191000.0,25137000.0,16492000.0,2054000.0,2054000.0,0.0,10175000.0,68022188.08,53832188.08,1.1381868502810444,8.029211295034079,0.0,0.0,-0.7477480549446177,1.1381868502810444,0.029995623980586385,18.295370650887573,22.553775888594163,2.7060583235867446,0.0,0.0,0.0,0.13673642013901657,7.283349561830574,0.02772976352469567,-61.7261234845735,0.33485745024206565,1.4762569832402235,3.282840640925983,-0.46610767355368493,-0.37230779367338573,0.3787375415282392,1.4766118836915296,0.5318578135479544,1.376861865873673,-0.32326531216734294,-0.272668189207764,Capital Markets,Financial Services,SIEB
2013Q4,2013,Q4,2014-03-31,2013-12-31,-1582000.0,4191000.0,-1491000.0,-0.0716,903000.0,0.2154617037,27970000.0,25109000.0,18061000.0,2861000.0,2861000.0,0.0,10147000.0,35557052.86,20133052.86,1.1369190286711517,6.312827682628452,0.0,0.0,-0.06151990680162977,1.1369190286711517,-0.06300529690549206,8.484145277976616,-5.6190032964601775,1.4161078840256485,0.0,0.0,0.0,0.14983911333571684,5.777350576721426,-0.056560600643546656,-11.593430994457124,0.21546170365068004,-0.7549019607843135,-0.25344323802126706,-0.4237885259158431,-0.37793698337472903,-0.1615598885793872,0.037712895377128956,0.3751047778709137,-2.1943783164527257,-0.2088210159869854,-0.31162197533593794,Capital Markets,Financial Services,SIEB
2013Q3,2013,Q3,2013-11-14,2013-09-30,-1644000.0,3666000.0,-2386000.0,-0.0408,1077000.0,0.2937806874,30817000.0,26655000.0,20949000.0,4162000.0,4162000.0,0.0,11693000.0,36882160.42,18494160.42,1.2069208932745052,5.033397405093705,0.0,0.0,-0.04911300153671245,1.2069208932745052,-0.061676983680360155,10.060600223677033,-5.608601037104623,1.3836863785406115,0.0,0.0,0.0,0.11896031411234059,4.744113407015858,-0.053347178505370414,-37.634857571428576,0.2937806873977087,0.47892720306513403,-0.7754643112543885,-0.4855583996219163,-0.3595816098478369,-0.20457902511078285,0.04971098265895954,-1.444672131147541,0.5360374341168432,-0.016270376754206686,-0.24388642716690087,Capital Markets,Financial Services,SIEB
2013Q2,2013,Q2,2013-08-14,2013-06-30,-1730000.0,4278000.0,-976000.0,-0.0783,1354000.0,0.3165030388,30767000.0,28299000.0,21903000.0,2468000.0,2468000.0,0.0,13337000.0,32907886.7,13503886.7,1.2813192893361942,8.874797406807131,0.0,0.0,-0.04409882673270417,1.2813192893361942,-0.06113290222269338,7.692353132304815,-4.755474956647399,1.16286394218877,0.0,0.0,0.0,0.1390450807683557,8.389384116693678,-0.05622907660805408,42.960687597911225,0.31650303880317904,0.16167023554603857,-4.063159803029146,-0.4166212005079076,-0.32570769720881904,-0.04848910751932537,0.16141541444498303,-0.44592592592592595,-3.2214609479971936,-0.41917779571632063,-0.27062399150625277,Capital Markets,Financial Services,SIEB
2013Q1,2013,Q1,2013-05-15,2013-03-31,-2063000.0,4266000.0,-675000.0,-0.0934,1423000.0,0.333567745,31779000.0,29655000.0,21246000.0,2124000.0,2124000.0,0.0,14690000.0,32477183.34,13843183.34,1.342260797176631,10.002824858757062,0.0,0.0,-0.03430059268143179,1.342260797176631,-0.0695666835272298,7.613029381153305,-3.9356741808046536,1.0951672008093072,0.0,0.0,0.0,0.13423959218351741,9.436911487758945,-0.06491708360867239,-177.47094721311475,0.33356774496015,-5.226666666666667,-15.20401609576301,-0.4568845958450876,-0.29191181187661736,1.1766604593420236,-5.232628398791541,-3.547169811320755,-0.7352235848465907,-0.006650828974377132,-0.21999067306233838,Capital Markets,Financial Services,SIEB
2012Q4,2012,Q4,2013-04-01,2012-12-31,-331000.0,4732000.0,265000.0,-0.015,-8055000.0,-1.7022400676,33456000.0,31040000.0,22357000.0,2416000.0,2416000.0,0.0,16059000.0,36907701.4,18005701.4,1.4044981950569264,9.253725165562914,0.0,0.0,0.006156579183792647,1.4044981950569264,-0.010663659793814433,7.79959877430262,-27.87590740181269,1.1890367719072166,0.0,0.0,0.0,0.14143950263032043,8.725165562913908,-0.009893591582974653,-19.353802517042475,-1.702240067624683,0.6368038740920098,-1.288706127389208,-0.5362603123406211,-0.26127300389747493,-2.9776577461330715,0.6370614035087719,1.2523809523809524,0.6552209035767522,-0.17450600574368977,-0.2086880019992888,Capital Markets,Financial Services,SIEB
2012Q3,2012,Q3,2012-11-21,2012-09-30,-912000.0,4073000.0,-1050000.0,-0.0413,4073000.0,1.0,35079000.0,31372000.0,24061000.0,3707000.0,3707000.0,0.0,16390000.0,32931835.842,12142835.842,1.4195205339989014,6.49069328297815,0.0,0.0,-0.037918054870308054,1.4195205339989014,-0.029070508733902843,8.085400403142646,-9.02736728125,1.0497206375749075,0.0,0.0,0.0,0.11610935317426381,6.077421095225249,-0.02599846061746344,-51.779616103773584,1.0,-3.0650000000000004,-0.5401334706753624,-0.45066328778020914,-0.2318294171899998,-0.2759111111111111,-3.040268456375839,-3.0309477756286265,-1.03052463906481,-0.23697355910315854,-0.21948542724823378,Capital Markets,Financial Services,SIEB
2012Q2,2012,Q2,2012-08-14,2012-06-30,447000.0,5625000.0,517000.0,0.02,5625000.0,1.0,35559000.0,32289000.0,24605000.0,3270000.0,3270000.0,0.0,17302000.0,37130197.44,15728197.439999998,1.460954256643996,7.5244648318042815,0.0,0.0,0.014606541306478924,1.460954256643996,0.013843723868809811,6.600923989333333,20.766329664429527,1.1499333345721452,0.0,0.0,0.0,0.15818780055682105,7.055963302752294,0.012570657217582047,44.361048315412184,1.0,-0.3333333333333333,-0.37272563752901583,-0.3398219711699488,-0.2202761991910041,-0.1416145276972379,-0.2848,-0.3463969658659924,-0.20405524020415253,-0.2233886403499189,-0.20558626787317488,Capital Markets,Financial Services,SIEB
2012Q1,2012,Q1,2012-05-15,2012-03-31,625000.0,6553000.0,791000.0,0.03,6553000.0,1.0,34839000.0,31843000.0,23960000.0,2996000.0,2996000.0,0.0,16855000.0,36072903.839999996,15527903.839999996,1.4406319000682923,7.997329773030708,0.0,0.0,0.024372669066950382,1.4406319000682923,0.01962754765568571,5.50479228444987,14.429161535999999,1.1328362227177087,0.0,0.0,0.0,0.1880938029220127,7.485981308411215,0.017939665317603836,-63.28579621052631,1.0,1.6666666666666667,-0.3626158436622644,-0.26908697298086387,-0.22789300627947967,0.5095600092144668,1.6287726358148893,1.5590106007067137,2.890702501262019,-0.05979318881471013,-0.20551408968124776,Capital Markets,Financial Services,SIEB
2011Q4,2011,Q4,2012-03-30,2011-12-31,-994000.0,4341000.0,-1415000.0,-0.045,4341000.0,1.0,34823000.0,31224000.0,23982000.0,3599000.0,3599000.0,0.0,16230000.0,31618862.99,10451862.989999998,1.4121418601965992,6.663517643789942,0.0,0.0,-0.04577825010571398,1.4121418601965992,-0.031834486292595436,7.283774012900253,-7.9524303294768615,1.0126461372662054,0.0,0.0,0.0,0.12465898974815495,6.237843845512643,-0.028544352870229446,-50.752589069020864,1.0,-0.6853932584269662,-2.56574986224777,-0.47054055873698997,-0.2271056042818946,-0.25883558135564283,-0.6818950930626058,0.09526854219948849,0.21336322237880684,-0.40386626757008365,-0.2273493509177574,Capital Markets,Financial Services,SIEB
2011Q3,2011,Q3,2011-11-14,2011-09-30,-591000.0,5857000.0,-1564000.0,-0.0267,5857000.0,1.0,37444000.0,32220000.0,26776000.0,5224000.0,5224000.0,0.0,17224000.0,36766325.440400004,14947325.440400004,1.4571871232236235,5.1255742725880555,0.0,0.0,-0.04862355206262034,1.4571871232236235,-0.018342644320297953,6.277330619839509,-15.552591133840949,1.1411025897082558,0.0,0.0,0.0,0.1564202542463412,4.832312404287902,-0.015783570131396217,-36.547043181312134,1.0,0.6699629171817058,-1.659029356802638,-0.24230730230808067,-0.18523217533921246,0.302134281903068,0.6698324022346369,-0.0447561790247161,0.36248958429031247,-0.1790654873156342,-0.22678492285154006,Capital Markets,Financial Services,SIEB
2011Q2,2011,Q2,2011-08-15,2011-06-30,-1790000.0,4498000.0,-1497000.0,-0.0809,4498000.0,1.0,36386000.0,32823000.0,26519000.0,3563000.0,3563000.0,0.0,17815000.0,40255054.84,17481054.840000004,1.4839840670305244,7.44288520909346,0.0,0.0,-0.04563375621741472,1.4839840670305244,-0.054534929774853,8.949545317919076,-5.622214363128491,1.2264282618895288,0.0,0.0,0.0,0.12361897433078657,7.0129104687061465,-0.04919474523168252,-176.55725807017546,1.0,0.10706401766004416,-2.335081787076773,-0.49199795393194606,-0.1591281110562604,-0.18262765764128658,0.10678642714570859,-0.6468646864686468,-4.164763582487321,-0.38751704986968,-0.2190556700493989,Capital Markets,Financial Services,SIEB
2011Q1,2011,Q1,2011-05-16,2011-03-31,-2004000.0,5503000.0,-909000.0,-0.0906,5503000.0,1.0,38914000.0,34617000.0,27551000.0,4297000.0,4297000.0,0.0,19605000.0,39818138.4,16766138.399999999,1.5648797885538517,6.411682569234349,0.0,0.0,-0.02640370510757667,1.5648797885538517,-0.05789063177051738,7.235714773759767,-4.967332634730539,1.1502480977554381,0.0,0.0,0.0,0.1414144009867914,6.05515475913428,-0.051498175463843346,108.79272786885245,1.0,-2.5100000000000002,-4.630726908597275,-0.29713374156782457,-0.08116711380583819,0.03459296860312089,-2.506766917293233,-5.183673469387755,-14.720766988757566,-0.30028149762214146,-0.17447272807284012,Capital Markets,Financial Services,SIEB
2010Q4,2010,Q4,2011-03-31,2010-12-31,1330000.0,5319000.0,-147000.0,0.06,5319000.0,1.0,40103000.0,36626000.0,26857000.0,3477000.0,3477000.0,0.0,21609000.0,38143048.519999996,15497048.519999996,1.651591114091685,7.724187517975266,0.0,0.0,-0.004016562263987677,1.651591114091685,0.03631300169278655,7.171093912389546,7.169745962406015,1.0414199890787965,0.0,0.0,0.0,0.13263346881779417,7.283577796951395,0.03316460115203351,-52.829707091412736,1.0,1.375,1.425801773692266,-0.3250566745312284,-0.015594238888485589,0.4214323890967397,1.37380550871276,0.9372866894197952,0.15609419946148553,-0.4805149027301117,-0.13130899933045356,Capital Markets,Financial Services,SIEB
2010Q3,2010,Q3,2010-11-15,2010-09-30,-3558000.0,3742000.0,-2344000.0,-0.16,3742000.0,1.0,39420000.0,35398000.0,25640000.0,4022000.0,4022000.0,0.0,20279000.0,35481905.6,11990905.600000001,1.596216410654111,6.374937841869716,0.0,0.0,-0.13729905328300715,1.596216410654111,-0.10051415334199672,9.482069909139499,-2.4931074761101746,1.002370348607266,0.0,0.0,0.0,0.09492643328259767,6.374937841869716,-0.09025875190258752,-9.96123121841662,1.0,-5.0,-7.537368532163258,-0.540052931376136,-0.031930253482265636,-0.4940508382909681,-5.549872122762149,-3.7772511848341233,-4.9880171886774844,-0.49703059216517326,-0.13621081125973766,Capital Markets,Financial Services,SIEB
2010Q2,2010,Q2,2010-08-16,2010-06-30,782000.0,7396000.0,844000.0,0.04,7396000.0,1.0,45373000.0,38960000.0,31391000.0,6413000.0,6413000.0,0.0,23837000.0,47903451.84,20774451.840000004,1.7567335289548103,4.894900982379542,0.0,0.0,0.012595284077463872,1.7567335289548103,0.020071868583162216,6.476940486749595,15.31440276214834,1.2295547186858318,0.0,0.0,0.0,0.1630044299473255,4.65601122719476,0.017234919445485202,13.365918482142858,1.0,1.7434944237918215,0.3105822575766559,-0.07919410025346002,0.08096215662683481,0.7148156735450962,1.6549413735343383,1.2548309178743962,0.09360802032356881,-0.134951691425221,-0.06241626801390773,Capital Markets,Financial Services,SIEB
2010Q1,2010,Q1,2010-05-17,2010-03-31,-1194000.0,4313000.0,-3312000.0,-0.0538,4313000.0,1.0,43741000.0,38182000.0,27810000.0,5559000.0,5559000.0,0.0,23055000.0,52142208.9,28611208.9,1.7208265988900213,5.002698327037237,0.0,0.0,-0.052071633099958735,1.7208265988900213,-0.03127127966057305,12.089545304892185,-10.91754792713568,1.3656227777486774,0.0,0.0,0.0,0.09860314121762191,4.727109192300773,-0.0272970439633296,-85.19968774509803,1.0,-0.23963133640552994,-7.711101946140642,-0.39277508175153253,0.10099632982199568,-0.25069492703266155,-0.23858921161825727,-0.10991957104557641,-2.213011616739785,-0.5207695784744183,-0.07772259386988613,Capital Markets,Financial Services,SIEB
2009Q4,2009,Q4,2010-03-31,2009-12-31,-964000.0,5756000.0,-2984000.0,-0.0434,5756000.0,1.0,44083000.0,39388000.0,29277000.0,4695000.0,4695000.0,0.0,24249000.0,51262817.76,27078817.759999998,1.7748981420798122,6.235782747603833,0.0,0.0,-0.043915686308395784,1.7748981420798122,-0.02447445922616025,8.905979457956914,-13.294299211618258,1.3014831359805017,0.0,0.0,0.0,0.13057187577977905,5.909478168264111,-0.02186784021051199,-17.682931272852706,1.0,-1.137931034482759,-0.7973200169428967,-0.26102692074482137,0.11723992510441995,0.07388059701492537,-1.1374722838137472,-0.565582371458552,-2.512978471731615,-0.3005069348278854,-0.028561601599303585,Capital Markets,Financial Services,SIEB
2009Q3,2009,Q3,2009-11-16,2009-09-30,-451000.0,5360000.0,-1906000.0,-0.0203,5360000.0,1.0,44224000.0,40360000.0,30465000.0,3864000.0,3864000.0,0.0,25213000.0,52150485.6,25079485.6,1.8186983094937854,7.884316770186335,0.0,0.0,-0.016497648199511907,1.8186983094937854,-0.011174430128840436,9.729568208955223,-28.908251441241685,1.2921329435084243,0.0,0.0,0.0,0.12120115774240231,7.5478778467908905,-0.010198082489146165,-29.817315951972557,1.0,-1.6766666666666667,-2.0640296379629346,-0.2554103082398412,0.12737017499252828,-0.2631289524333242,-1.799645390070922,-3.1615720524017465,-1.5010874649325074,-0.3091203761720804,0.01690225072974377,Capital Markets,Financial Services,SIEB
2009Q2,2009,Q2,2009-08-14,2009-06-30,564000.0,7274000.0,-458000.0,0.03,7274000.0,1.0,46140000.0,40819000.0,33623000.0,4456000.0,5321000.0,0.0,25664000.0,36179294.18,7353294.18,1.8390344949510014,7.545556552962298,0.0,0.0,-0.006418082658182238,1.8390344949510014,0.013817094980278792,4.973782537805884,16.036921179078014,0.8863346524902618,0.0,0.0,0.0,0.1576506285218899,7.253815080789946,0.012223667100130039,14.210249088766693,1.0,3.0,1.4432537476617924,0.17827014949801517,0.15334811320202946,0.039142857142857146,2.6987951807228914,0.6671511627906976,-0.5808104057018812,-0.18135454284554137,0.04205459071841673,Capital Markets,Financial Services,SIEB
2009Q1,2009,Q1,2009-05-15,2009-03-31,-332000.0,7000000.0,-1376000.0,-0.015,7000000.0,1.0,44606000.0,40254000.0,31393000.0,3843000.0,4352000.0,0.0,25100000.0,29527488.445,3284488.4450000003,1.8132881670491836,8.16887848035389,0.0,0.0,-0.02133220964170749,1.8132881670491836,-0.008247627564962489,4.218212635,-22.234554551957835,0.7335293000695584,0.0,0.0,0.0,0.15692956104559924,7.830601092896175,-0.007442944895305564,-8.626201707566462,1.0,0.7373029772329247,-1.7985683969647897,-0.006190659445041966,0.14091726949305217,-0.04280049227403254,0.7383766745468873,0.29435897435897435,-1.5993771499953273,-0.109082572596153,0.06468804327214144,Capital Markets,Financial Services,SIEB
2008Q4,2008,Q4,2009-03-31,2008-12-31,-1269000.0,7313000.0,-1950000.0,-0.0571,7313000.0,1.0,45579000.0,40584000.0,33357000.0,4995000.0,4995000.0,0.0,25432000.0,42634475.519999996,13017475.519999996,1.8276589321110992,6.678078078078078,0.0,0.0,-0.031462093069665846,1.8276589321110992,-0.03126848018923714,5.829956997128401,-8.399226855791962,1.050524234180958,0.0,0.0,0.0,0.16044669694376795,6.417817817817818,-0.02784176923583229,-26.481040695652172,1.0,-0.3627684964200477,-23.715035612032853,0.1324780505023886,0.1578564475581691,0.0206559665038381,-0.36305048335123524,-0.13768961493582263,-3.3114928148516967,-0.07325522220899723,0.08934830586476947,Capital Markets,Financial Services,SIEB
2008Q3,2008,Q3,2008-11-14,2008-09-30,-931000.0,7165000.0,-1714000.0,-0.0419,7165000.0,1.0,46239000.0,41848000.0,34911000.0,4391000.0,4391000.0,0.0,26701000.0,67060477.12,35695477.12,1.8845818793363216,7.950580733318151,0.0,0.0,-0.023743254660821955,1.8845818793363216,-0.02224718027145861,9.359452494068387,-18.007646917293233,1.6024774689351942,0.0,0.0,0.0,0.15495577326499277,7.654520610339331,-0.020134518480070935,-314.83792075117367,1.0,-2.3966666666666665,-9.11505873621095,0.1954353597583131,0.1916796765272881,-0.02847457627118644,-2.6390845070422535,-1.4450784593437946,-2.7083386351840275,-0.12047634522980398,0.14295698881670282,Capital Markets,Financial Services,SIEB
2008Q2,2008,Q2,2008-08-14,2008-06-30,568000.0,7375000.0,-701000.0,0.03,7375000.0,1.0,46484000.0,42208000.0,36011000.0,4276000.0,4276000.0,0.0,27632000.0,69301112.4,62602112.400000006,1.9002430904702188,8.421655753040225,0.0,0.0,-0.010089275216599837,1.9002430904702188,0.013457164518574679,9.396761003389832,30.502250176056336,1.6418951952236542,0.0,0.0,0.0,0.15865674210481026,8.117633302151544,0.0122192582393942,-52.94202627960276,1.0,6.172413793103448,1.3228489967317136,0.12228360125370201,0.2078567236292011,-0.06610105103203748,5.4375,-9.308823529411764,-0.04954116286539741,-0.08322943364785153,0.16926718556572168,Capital Markets,Financial Services,SIEB
2008Q1,2008,Q1,2008-05-15,2008-03-31,-128000.0,7897000.0,-68000.0,-0.0058,7897000.0,1.0,47330000.0,42106000.0,41909000.0,0.0,5224000.0,0.0,27532000.0,66859161.45999999,58300161.45999999,1.8956124670487304,0.0,0.0,0.0,-0.0011358042992489388,1.8956124670487304,-0.003039946800930984,8.46640008357604,-130.5842997265625,1.5878772968223056,0.0,0.0,0.0,0.16684977815339108,0.0,-0.002704415803929854,-49.01698054252199,1.0,-1.1117533718689787,0.5642799875494613,0.419378731692723,0.20139638889138922,-0.22978640397932312,-1.1111111111111112,-1.0448844884488449,-1.7186651943833895,0.11060442136929415,0.21282549347603144,Capital Markets,Financial Services,SIEB
2007Q4,2007,Q4,2008-03-31,2007-12-31,1152000.0,10253000.0,1515000.0,0.0519,10253000.0,1.0,47924000.0,42220000.0,42913000.0,0.0,5704000.0,0.0,27660000.0,71771556.672,37182556.672000006,1.9012411925744779,0.0,0.0,0.0,0.020814579364886277,1.9012411925744779,0.02728564661297963,7.000054293572614,15.575424625000002,1.6999421286594032,0.0,0.0,0.0,0.21394290960687756,0.0,0.02403806026208163,112.4946029341693,1.0,2.9365671641791047,4.928584242804022,0.7801280039253632,0.19488731200601644,0.376241610738255,2.9361344537815124,3.2917847025495752,3.1463984052877163,0.31543159896701806,0.196768714349035,Capital Markets,Financial Services,SIEB
2007Q3,2007,Q3,2007-11-14,2007-09-30,-595000.0,7450000.0,353000.0,-0.0268,7450000.0,1.0,47776000.0,41036000.0,41699000.0,0.0,6740000.0,0.0,26508000.0,78608952.1854,44615952.185399994,1.8479235807315555,0.0,0.0,0.0,0.005763863458936078,1.8479235807315555,-0.014499463885368944,10.55153720609396,-33.02897150647058,1.9156095181158006,0.0,0.0,0.0,0.15593603482920296,0.0,-0.012453951774949765,79.5637167868421,1.0,-1.8933333333333335,0.17271405240539336,0.32003472408593314,0.15063564246626493,-0.12977455904684032,-1.8310055865921788,-0.7139384116693679,-2.4028254289100888,0.03423202890710036,0.14548626328355418,Capital Markets,Financial Services,SIEB
2007Q2,2007,Q2,2007-08-14,2007-06-30,716000.0,8561000.0,1234000.0,0.03,8561000.0,1.0,47988000.0,41608000.0,41521000.0,0.0,6380000.0,0.0,27103000.0,93267493.2,60249493.2,1.873681751317832,0.0,0.0,0.0,0.017208229186694866,1.873681751317832,0.017208229186694866,10.894462469337695,32.5654655027933,2.24157597577389,0.0,0.0,0.0,0.17839876635825624,0.0,0.014920396765858131,126.7221375,1.0,-0.25000000000000006,1.832301886941303,0.3558276114452585,0.1424640250908274,-0.04941150344214968,-0.2730964467005076,-0.2736904061212478,2.100230351583874,0.3860776076695519,0.17507709537611094,Capital Markets,Financial Services,SIEB
2007Q1,2007,Q1,2007-05-15,2007-03-31,985000.0,9006000.0,1699000.0,0.04,9006000.0,1.0,47437000.0,41428000.0,41935000.0,0.0,6009000.0,0.0,26947000.0,83484580.96,51116580.95999999,1.8658449046373462,0.0,0.0,0.0,0.02377619001641402,1.8658449046373462,0.02377619001641402,9.26988462802576,21.188979939086295,2.015172853142802,0.0,0.0,0.0,0.1898518034445686,0.0,0.020764382233277822,292.928354245614,1.0,0.3937282229965157,2.8950865377695423,0.45979812712041934,0.1123648630972438,0.09815876112669186,0.5511811023622047,0.5473588342440802,1.368830869981792,0.2783823471036172,0.1739858631298422,Capital Markets,Financial Services,SIEB
