Quarters,Year,Quarter,FillingDate,Date,NetIncome,Revenue,OperatingIncome,EPSDiluted,GrossProfit,GrossProfitRatio,TotalAssets,CommonStockEquity,CurrentAssets,CurrentLiability,TotalLiability,Inventory,RetainedEarnings,MarketCap,EnterpriseValue,bookValuePerShare,currentRatio,debtToAssets,debtToEquity,roic,shareholdersEquityPerShare,roe,priceToSalesRatio,peRatio,pbRatio,payoutRatio,inventoryTurnover,dividendYield,assetTurnover,quickRatio,returnOnAssets,priceToFreeCashFlowsRatio,grossProfitMargin,epsdilutedGrowth,fiveYNetIncomeGrowthPerShare,fiveYRevenueGrowthPerShare,fiveYShareholdersEquityGrowthPerShare,grossProfitGrowth,netIncomeGrowth,operatingIncomeGrowth,threeYNetIncomeGrowthPerShare,threeYRevenueGrowthPerShare,threeYShareholdersEquityGrowthPerShare,Industry,Sector,Symbol
2023Q1,2023,Q1,2023-05-12,2023-03-31,509417.0,1332969.0,53395.0,0.0209,123057.0,0.0923179759,858481215.0,313031009.0,34097336.0,0.0,0.0,0.0,-131662636.0,508365941.97,479496347.97,12.863209822179426,0.0,0.0,0.0,0.00015871544764897404,12.863209822179426,0.0016273691275103036,381.3786681985853,249.48418582909486,1.62401144728125,0.0,0.0,0.0,0.0015527060775581444,0.0,0.0005933932986524347,58.69593261777382,0.0923179758869111,-0.7778958554729012,1.0000002225507931,0.0,-0.06878794763868103,-0.989254459996818,-0.7220846312278589,1.1683206230044858,1.0000002225507931,0.0,-0.06878794763868103,,,TPTA
2022Q4,2022,Q4,2023-03-13,2022-12-31,1832993.267881,11451914.0,-317221.9722509998,0.0941,11451914.0,1.0,813336892.0,321882174.0,32816286.0,243815983.0,491454718.0,0.0,-122935993.0,389749200.0,618341107.0,16.517400112687852,0.1345944822657504,0.31617861494963395,0.7989250501334069,-0.001247376752392992,16.517400112687852,0.005694609443892348,34.033542340607866,53.15747837559747,1.2108443134847224,0.0,0.0,0.0,0.014080160524674689,0.1345944822657504,0.002253670386663095,-125.35852148520492,1.0,1.2476315789473684,0.0,0.0,0.0,0.0,1.245903243343014,0.949884044221108,0.0,0.0,0.0,,,TPTA
2022Q3,2022,Q3,2022-11-14,2022-09-30,-7454124.0,0.0,-6329760.0,-0.38,0.0,0.0,672570773.0,256076249.0,469470362.0,144169946.0,416494524.0,0.0,-117687298.0,414108525.0,549207030.0,13.140565727909127,3.2563677453274487,0.2335155307142673,0.61331623535301,-0.015234694761956285,13.140565727909127,-0.02910900182703004,0.0,-13.888571111776516,1.6171297674701568,0.0,0.0,0.0,0.0,3.2563677453274487,-0.011083032892956233,-110.92591769150265,0.0,-136.71428571428572,0.0,0.0,0.0,-1.0,-139.60659365179717,-3.5008049894729107,0.0,0.0,0.0,,,TPTA
2022Q2,2022,Q2,2022-08-12,2022-06-30,53779.0,2991321.0,2531089.0,0.0028,1743993.0,0.5830176701,753312256.0,266696150.0,552672306.0,119943984.0,486616106.0,0.0,-107067397.0,451561474.374,550128019.3740001,13.685526487289776,4.607753449310138,0.169312701318907,0.47824212310526415,0.00024449208257246695,13.685526487289776,0.0002016489551873921,150.95721066846386,2099.153360856468,1.6931683279792378,0.0,0.0,0.0,0.003970891189111358,4.605874864053207,7.139005050251034e-05,133.9177285823083,0.5830176701196562,1.0000000297681444,0.0,0.0,0.0,0.0,1.0000000293393985,-0.9999920210798746,0.0,0.0,0.0,,,TPTA
2022Q1,2022,Q1,2022-05-12,2022-03-31,-1832996000000.0,0.0,317222000000.0,-94060.28,0.0,0.0,772596045.0,269188190.0,13388313.0,120409137.0,503407855.0,0.0,-104575357.0,482119760.4,607923410.4,13.81340564650293,0.1111901748785061,0.17559215307657963,0.5039663998632332,1737.1009195479046,13.81340564650293,-6809.347765219566,0.0,-6.57557027402133e-05,1.7910137900180538,0.0,0.0,0.0,0.0,0.1111901748785061,-2372.515380919404,0.00015506845292027183,0.0,0.0,0.0,0.0,0.0,0.0,0.0,0.0,0.0,0.0,0.0,,,TPTA
2021Q2,2021,Q2,2021-08-12,2021-06-30,0.0,2265700.0,4155775.0,-0.01,0.0,0.0,730255692.0,296365631.0,91241253.0,81622637.0,433890061.0,0.0,0.0,0.0,1998122.0,0.0,1.1178425048923621,0.12364327315643847,0.30466152129495744,,0.0,0.0,0.0,0.0,0.0,0.0,0.0,,0.0031026118999425752,1.1178425048923621,0.0,0.0,0.0,0.0,0.0,0.0,0.0,0.0,0.0,0.0,0.0,0.0,0.0,,,TPTA
2020Q4,2020,Q4,2021-03-19,2020-12-31,5255730.0,10423563.0,505116.0,0.28,0.0,0.0,588477181.0,303325065.0,21117541.0,0.0,285152116.0,0.0,0.0,0.0,-18607952.0,0.0,0.0,0.0,0.0,0.001665262974558334,0.0,0.017327054722629007,0.0,0.0,0.0,,0.0,,0.017712773471160303,0.0,0.008931068475873494,0.0,0.0,0.0,0.0,0.0,0.0,0.0,0.0,0.0,0.0,0.0,0.0,,,TPTA
2021Q4,2021,Q4,2022-03-11,2021-12-31,,,,,,,693542158.0,273843578.0,39556993.0,118961445.0,419698580.0,0.0,-99919969.0,0.0,121363961.0,0.0,0.33251943938643314,0.22658740378980682,0.5738601509216331,,0.0,,0.0,0.0,0.0,0.0,0.0,,,0.33251943938643314,,0.0,0.0,0.0,0.0,0.0,0.0,0.0,0.0,0.0,0.0,0.0,0.0,,,TPTA
