Quarters,Year,Quarter,FillingDate,Date,NetIncome,Revenue,OperatingIncome,EPSDiluted,GrossProfit,GrossProfitRatio,TotalAssets,CommonStockEquity,CurrentAssets,CurrentLiability,TotalLiability,Inventory,RetainedEarnings,MarketCap,EnterpriseValue,bookValuePerShare,currentRatio,debtToAssets,debtToEquity,roic,shareholdersEquityPerShare,roe,priceToSalesRatio,peRatio,pbRatio,payoutRatio,inventoryTurnover,dividendYield,assetTurnover,quickRatio,returnOnAssets,priceToFreeCashFlowsRatio,grossProfitMargin,epsdilutedGrowth,fiveYNetIncomeGrowthPerShare,fiveYRevenueGrowthPerShare,fiveYShareholdersEquityGrowthPerShare,grossProfitGrowth,netIncomeGrowth,operatingIncomeGrowth,threeYNetIncomeGrowthPerShare,threeYRevenueGrowthPerShare,threeYShareholdersEquityGrowthPerShare,Industry,Sector,Symbol
2023Q1,2023,Q1,2023-05-11,2023-03-31,832111.0,2460976.0,-193003.0,0.37,1763624.0,0.7166360013,86535677.0,15853325.0,6346061.0,1547240.0,69255989.0,0.0,-32337125.0,14822949.8352,72840521.8352,7.141774356451611,4.1015362839637035,0.7056704716136906,3.8519157337656296,0.0016922512064061548,7.141774356451611,0.052488105807456796,6.023199671674978,4.453417222942612,0.935005737610249,0.21504943451054007,0.0,0.012072158510248752,0.02843885996292604,2.8494583904242394,0.009615814295877063,-75.25638859092433,0.716636001326303,28.611940298507463,2.040879833220758,1.0496307863784085,0.0,-0.12500378303207169,4.624871491052292,-1.288473623676441,1.6457332094148807,1.0014042293170091,0.9730020343405051,REIT—Diversified,Real Estate,MDRR
2022Q4,2022,Q4,2023-03-10,2022-12-31,-229556.0,2750387.0,-84337.0,-0.0134,2015579.0,0.7328346884,87915404.0,17251430.0,7087440.0,1198072.0,69222965.0,0.0,-30939020.0,95900353.2936,153318476.2936,1.0075229738538216,5.915704565334972,0.6977191278106394,3.555662284228032,-0.00024639692680043145,1.0075229738538216,-0.013306491114069964,34.86794887177695,-104.44113124204986,5.558979939263005,-0.8386624614473157,0.0,0.0020075004250568076,0.03128447205907169,68.32784256705774,-0.0026111010079644292,-113.28963208010339,0.7328346883547661,0.8781818181818182,0.9490805915411399,-0.5904480302015864,-0.7450504891504515,0.2836831824669316,0.8826017893361945,-2.0375086113571497,0.9574064967341727,-0.7675434560517286,-0.7508675698782399,REIT—Diversified,Real Estate,MDRR
2022Q3,2022,Q3,2022-11-09,2022-09-30,-1955362.0,2841073.0,81288.0,-0.11,1570153.0,0.5526619696,90109681.0,18186427.0,8199992.0,2184854.0,70474964.0,0.0,-29754023.0,113847974.01599999,170536862.01599997,1.0428028823711448,3.753107530297219,0.6830881023760366,3.3845488726290216,0.0011428821822317668,1.0428028823711448,-0.10751765588699748,40.07217484943188,-14.55586919659889,6.260051741664264,-0.197850832735831,0.0,0.003398128103233791,0.031529054020288896,38.179806064844605,-0.021699799381156393,-1921.8091494935852,0.5526619696150011,-0.6591251885369533,0.44430392234184213,-0.2983511422484384,0.0,-0.05025764543705364,-0.691736940781135,10.351487222454965,0.5815252125999889,-0.6159062268613992,-0.7623317028615737,REIT—Diversified,Real Estate,MDRR
2022Q2,2022,Q2,2022-08-09,2022-06-30,-1155831.0,2595901.0,7161.0,-0.0663,1653241.0,0.6368659668,99943293.0,20289684.0,16889761.0,9569753.0,78177572.0,0.0,-27650766.0,115717536.3344,175047803.3344,1.1634028474971856,1.7649108602907515,0.618462631604504,3.0464344343657594,0.00010001979761435482,1.1634028474971856,-0.056966436737013744,44.577022133894936,-25.029077852731064,5.703269520333585,-0.33592194706665596,0.0,0.0033553168542923527,0.025973738928133976,0.3861832170589983,-0.011564868089747653,153.41781701685352,0.6368659667683783,-0.4166666666666666,-0.4748479822020023,-0.015332494531667865,0.0,-0.13875665634158818,-0.5392547372962953,2.4683206889481237,0.9127224432010568,-0.70341741438044,-0.8125068091587727,REIT—Diversified,Real Estate,MDRR
2022Q1,2022,Q1,2022-05-09,2022-03-31,-750903.0,2903964.0,-4877.0,-0.0468,1919598.0,0.6610267896,92192745.0,21303057.0,19207605.0,8960888.0,69381129.0,0.0,-26287080.0,135994379.04000002,185718117.04000002,1.328363162030877,2.1434934796640692,0.589565729928098,2.5514499163195214,-4.937341866109923e-05,1.328363162030877,-0.03524860305260414,46.83060087521747,-45.27694623673098,6.3837964213305165,-0.45481373759327104,0.0,0.0025112876165238308,0.031498834317168885,8.327690068216453,-0.008144925069754675,416.13437730260347,0.6610267895883006,0.49623250807319697,0.8699853465286947,-0.665228392420118,0.0,0.050055467667929184,0.4965461014828666,-1.0114620520763071,0.9122470149755748,-0.7267515352597673,-0.7829845280580066,REIT—Diversified,Real Estate,MDRR
2021Q4,2021,Q4,2022-03-16,2021-12-31,-1491503.0,2784292.0,425491.0,-0.0929,1828092.0,0.6565733766,92547088.0,21473660.0,18568648.0,8922625.0,69548699.0,0.0,-24981346.0,154105123.2,204252540.2,1.33770462473502,2.0810745716647285,0.5890819817042757,2.5388230045553484,0.015631658710218616,1.33770462473502,-0.06945732585874974,55.34804654109554,-25.830508420029997,7.1764721617088085,-0.29460550867145424,0.0,0.0028513328491339865,0.030085138929492845,0.6398193356775612,-0.016116152676786545,-2424.752154826528,0.656573376642967,0.15545454545454548,0.6471069292259448,-0.5577637990938669,-0.6614993914899515,0.14123509383501867,0.18016221926865011,4.927296789022776,0.9063572350326895,-0.7926927189976697,-0.802156352228432,REIT—Diversified,Real Estate,MDRR
2021Q3,2021,Q3,2021-11-12,2021-09-30,-1819266.0,3038143.0,71785.0,-0.11,1601854.0,0.5272477299,89823785.0,23027974.0,22434380.0,9320661.0,66330232.0,0.0,-23452541.0,159241960.64,201732402.64,1.4345308307050495,2.4069516099770176,0.5679620937817306,2.2154143912095785,0.002014642270481361,1.4345308307050495,-0.07900243416984924,52.41424140996654,-21.8827209215145,6.915152876236529,-0.38471504441901294,0.0,0.004395192053571038,0.033823368721324756,1.0454479569635673,-0.020253722329781582,-283.42029594666263,0.5272477299455621,0.15384615384615388,0.4382983749507781,-0.18483606334876299,0.0,0.010938314520088708,0.045945257116606304,-0.8768888561133682,0.7147840062805303,-0.7547851958666503,-0.7756131413176235,REIT—Diversified,Real Estate,MDRR
2021Q2,2021,Q2,2021-08-10,2021-06-30,-1906878.0,2978261.0,583091.0,-0.13,1584522.0,0.5320292614,97569190.0,24247726.0,37088816.0,19872977.0,72473587.0,0.0,-22259474.0,156782421.12,192600136.12,1.6826839195070085,1.8662939125829008,0.47849299558600417,1.9253836009199379,0.024460573743018414,1.6826839195070085,-0.07864151879644302,52.64227047931662,-20.554857353223436,6.465860803606904,0.0,0.0,0.0,0.0305246051545575,0.6075275485902288,-0.01954385395635651,206.38145770614463,0.5320292613709813,0.8375,-1.9447777136043107,0.3672279384487413,0.0,0.06169896277237276,0.5954433011562533,3.547085796278678,0.6945364853668783,-0.7460944189247406,-0.752102601558851,REIT—Diversified,Real Estate,MDRR
2021Q1,2021,Q1,2021-05-14,2021-03-31,-4713500.0,2671853.0,128234.0,-0.8,1492440.0,0.5585786344,80130213.0,12751362.0,29554826.0,19985123.0,66573113.0,0.0,-21576511.0,95107367.6,133294238.6,2.1773509677077847,1.4788413361278787,0.5225015812699761,3.2834267429628303,0.004795253022473952,2.1773509677077847,-0.36964678753532365,35.596033015289386,-5.044413259785721,7.458604625921528,-0.002545878858597645,0.0,0.0001261731903932961,0.033343889900804335,0.23973177448044727,-0.05882300599899815,588.2881436029393,0.5585786343784632,0.553072625698324,-1.2348529086205595,-0.1565352841754791,0.0,-0.04436501665465005,0.4453923559335017,-0.5595225418634607,-1.2348529086205595,-0.1565352841754791,0.0,REIT—Diversified,Real Estate,MDRR
2020Q4,2020,Q4,2021-03-11,2020-12-31,-8498801.0,2731218.0,291125.0,-1.79,1561726.0,0.5718056926,79271772.0,10861787.0,18639658.0,11985056.0,67562029.0,0.0,-19298987.0,82804561.92,130797786.92,2.287670641419656,1.5552416275735383,0.6415426035890809,4.682122656244318,0.008698215386956183,2.287670641419656,-0.7824496098109823,30.31781495288915,-2.4357718788803266,7.623475024873899,0.0,0.0,0.0,0.03445385325813077,0.33337132509017897,-0.10721093758317904,-273.66533340383904,0.5718056925518212,-2.977777777777778,-5.798525340426313,0.4666751631045764,-0.4211144299927051,0.5463429800346157,-2.9663239590430943,1.5337091525734452,-5.798525340426313,0.4666751631045764,-0.4211144299927051,REIT—Diversified,Real Estate,MDRR
2020Q3,2020,Q3,2020-11-13,2020-09-30,-2142740.0,2280143.0,-545475.0,-0.45,1009948.0,0.4429318687,81577307.0,13624798.0,4311381.0,1942960.0,66044475.0,0.0,-15700188.0,47388519.0144,106026492.0144,2.8696061136048097,2.218975686581299,0.7306415496162432,4.374653481101151,-0.011382103821327637,2.8696061136048097,-0.15726765270208043,20.78313466058927,-5.52896280164649,3.478108006768247,-0.0037335374333796914,0.0,0.00016881726136174527,0.027950702025503243,1.1450632025363363,-0.026266373318746598,-69.60710783548765,0.4429318687468286,0.22413793103448268,-1.2367477794519623,1.0684112536701562,0.0,0.27094396987833547,0.22514158341261858,-0.003715112170994524,-1.2367477794519623,1.0684112536701562,0.0,REIT—Diversified,Real Estate,MDRR
2020Q2,2020,Q2,2020-08-13,2020-06-30,-2765331.0,1742492.0,-543456.0,-0.58,794644.0,0.4560388226,82890157.0,14847449.0,4123996.0,1921960.0,66010287.0,0.0,-14414274.0,69514049.8944,127286975.8944,3.1271164843570975,2.1457241565901475,0.7188657635188217,4.013275007713446,-0.01162230633983765,3.1271164843570975,-0.1862495705491226,39.893468603815684,-6.284423988882343,4.6818850763117625,-0.10813895334771859,0.0,0.004301864162054676,0.02102169983825703,1.1470264729755042,-0.03336139175125462,-71.70410847969534,0.45603882255987405,0.0,-11.96096744529144,1.4277817971014235,0.0,-0.3098783712780786,-0.046149137663935406,0.4054937481539825,-11.96096744529144,1.4277817971014235,0.0,REIT—Diversified,Real Estate,MDRR
2020Q1,2020,Q1,2020-05-14,2020-03-31,-2643343.0,2522307.0,-914130.0,-0.58,1151455.0,0.4565086645,83079786.0,16482315.0,2971428.0,2276419.0,64100429.0,0.0,-12842671.0,61926784.0,118497388.0,3.619750122983942,1.305308029848635,0.6893653168533679,3.4747742049584662,-0.017871748182512717,3.619750122983942,-0.1603744983638524,24.55164418922835,-5.856862314122685,3.757165422454309,-0.23103055486934537,0.0,0.009861532612447628,0.030360056536496136,0.3734611246875026,-0.03181692114613776,-422.81809616146165,0.45650866448850197,-0.8709677419354838,-0.611934802244308,0.024096360123040755,0.0,-0.22507073230480978,-0.8661732739078161,-52.78326630034555,-0.611934802244308,0.024096360123040755,0.0,REIT—Diversified,Real Estate,MDRR
2019Q4,2019,Q4,2020-03-24,2019-12-31,-1416451.0,3109627.0,17653.0,-0.31,1485884.0,0.4778335151,83239242.0,18199150.0,2221572.0,4407145.0,62386007.0,0.0,-10555841.0,124563985.92,183493212.92000002,4.044126143518963,0.5040841633302285,0.715322491764161,3.2717408230604175,0.00043764705518251426,4.044126143518963,-0.07783061296818808,40.057532919543085,-21.98522679570278,6.844494711016723,-0.585648921141642,0.0,0.006659573341951067,0.03735770443464634,0.1731408882621289,-0.01701662540367679,1381.6034552290953,0.4778335150807476,-0.14814814814814806,-0.1954735946717197,0.7618431507333744,0.023349351687957282,0.6455865268436494,-0.1754643514515184,1.1639592447082208,-0.1954735946717197,0.7618431507333744,0.023349351687957282,REIT—Diversified,Real Estate,MDRR
2019Q3,2019,Q3,2019-11-05,2019-09-30,-1205014.0,1907565.0,-107667.0,-0.27,902951.0,0.4733526774,79302913.0,19733783.0,4434314.0,3523328.0,56802013.0,0.0,-9104410.0,152917890.0,202470190.0,4.387639811143091,1.2585583857080578,0.6572947326663776,2.6414290154097673,-0.002555616656731964,4.387639811143091,-0.06106350718460824,80.16392101972934,-31.725334726401517,7.749040819998882,-0.6796418962767238,0.0,0.005355671596044126,0.024054160532539327,0.7563176065356391,-0.015195078647363181,-183.048386633405,0.473352677366171,0.6447368421052632,-0.3279081425925425,0.826764469567099,0.0,0.06725110601818089,0.5350977807253393,-11.387554269175109,-0.3279081425925425,0.826764469567099,0.0,REIT—Diversified,Real Estate,MDRR
2019Q2,2019,Q2,2019-08-13,2019-06-30,-2591973.0,1713094.0,10365.0,-0.76,846053.0,0.4938742416,58973075.0,21180124.0,10942834.0,1256317.0,34891690.0,0.0,-7713101.0,126977512.80000001,151114075.8,6.2050405258843595,8.710249085222918,0.5636923290840777,1.5695219725814635,0.00032421224396874375,6.2050405258843595,-0.12237761214240295,74.12174276484537,-12.247187065606008,5.995126034200744,-0.29768134158804893,0.0,0.006076524756122015,0.02904874809393948,7.289100601201767,-0.043951803428937695,-481.34190349470623,0.4938742415769362,-0.43396226415094336,-15.89836466893239,2.320044915689724,0.0,0.23110245157384987,-1.0924236039465844,1.0359417857502002,-15.89836466893239,2.320044915689724,0.0,REIT—Diversified,Real Estate,MDRR
2019Q1,2019,Q1,2019-05-15,2019-03-31,-1238742.0,1538482.0,-288383.0,-0.53,687232.0,0.446694859,52397239.0,14210526.0,3771130.0,1125045.0,34787959.0,0.0,-5916399.0,140223557.443164,172200492.443164,6.121052799341139,3.351981476296504,0.6345124406268812,2.339582644583318,-0.008956074249951198,6.121052799341139,-0.08717073527046078,91.14410012152497,-28.29958890615721,9.867583891205998,-0.012916329631190352,0.0,0.00011410350936564412,0.029361890614121863,1.214501642156536,-0.023641360186936567,-436.905649353831,0.44669485895837585,0.46464646464646464,-0.48159807253413595,0.22515457826318314,0.0,-0.22278517660683267,0.43858652055092523,0.5828932771565646,-0.48159807253413595,0.22515457826318314,0.0,REIT—Diversified,Real Estate,MDRR
2018Q4,2018,Q4,2019-03-11,2018-12-31,-2206470.0,1860580.0,-691389.0,-0.99,884224.0,0.4752410539,53107052.0,15035992.0,2348574.0,826336.0,34502459.0,0.0,-5229760.0,154775849.152418,186684822.152418,6.761423173310801,2.842153797002672,0.6258377324352329,2.210455884786318,-0.021367346348558157,6.761423173310801,-0.14674588813295458,83.18688212945318,-17.536591156056733,10.293690576080248,-0.1980770189488187,0.0,0.002823767418453037,0.03503451857956642,2.0513665143476745,-0.04154758957435634,-246.60600797996568,0.4752410538649238,-1.4749999999999999,-2.768503321076066,1.1332400809461294,0.7109500978312137,0.03679210549149553,-1.4970519335015786,-10.625619535557165,-2.768503321076066,1.1332400809461294,0.7109500978312137,REIT—Diversified,Real Estate,MDRR
2018Q3,2018,Q3,2018-09-30,2018-09-30,-883630.0,1716365.0,71828.0,-0.4,852846.0,0.4968908129,52828719.0,14216950.0,1166671.0,1183696.0,34883981.0,0.0,-3419735.0,167229083.20000002,199819160.20000002,6.3931142809733466,0.985617084116192,0.6291473393477514,2.3378465845346574,0.0030516158121178054,6.3931142809733466,-0.062153274788192964,97.43212148931026,-47.313095752747195,11.762655365602328,-0.46074714529837146,0.0,0.0024345645638270174,0.03248924131588351,0.8573806112380206,-0.01672631887969875,-1779.809099713705,0.49689081285157877,0.06976744186046505,-0.9693903477295724,2.324285169210031,0.0,0.03945650862368414,0.0827633670036466,2.5579897186734053,-0.9693903477295724,2.324285169210031,0.0,REIT—Diversified,Real Estate,MDRR
2018Q2,2018,Q2,2018-06-30,2018-06-30,-963361.0,1810156.0,-46103.0,-0.43,820473.0,0.4532609344,53619927.0,15094702.0,1444667.0,917200.0,34674784.0,0.0,-2696968.0,167229083.20000002,199365572.20000002,6.7878240356220525,1.5750839511556913,0.6204938697510722,2.2041399691096917,-0.0018027806705451553,6.7878240356220525,-0.06382113406412396,92.3837963136879,-43.3973046448839,11.078660791051059,-0.38371804546789834,0.0,0.0022104946874456103,0.03375901649399858,1.4683733100741387,-0.017966473546299308,-374.8236779228697,0.45326093441670223,-0.19444444444444448,-8.640358250775542,4.384788836301653,0.0,0.8350379656240564,-0.20289760971547086,0.7142370128863903,-8.640358250775542,4.384788836301653,0.0,REIT—Diversified,Real Estate,MDRR
2018Q1,2018,Q1,2018-03-31,2018-03-31,-800867.0,1202850.0,-161333.0,-0.36,447115.0,0.3717130149,,,,,,,,167229083.20000002,,,0.0,0.0,0.0,0.0,,0.0,139.0273793074781,-52.20251402542495,0.0,0.0,0.0,0.0,0.0,0.0,0.0,-620.5183811442715,0.3717130149228915,-0.3846153846153845,0.0,0.0,0.0,0.35738659477707546,-0.36782732112388833,-0.15453920909129942,0.0,0.0,0.0,REIT—Diversified,Real Estate,MDRR
2017Q4,2017,Q4,2017-12-31,2017-12-31,-585503.0,872185.0,-139738.0,-0.26,329394.0,0.3776652889,40092678.0,8788095.0,541724.0,3290655.0,28010647.0,0.0,-1036002.0,167229083.20000002,193562887.20000002,3.951852939417418,0.16462497587866246,0.6633831244697598,3.026458635233233,-0.0054670372905392525,3.951852939417418,-0.06662456425425534,191.7357936676279,-71.40402491532922,19.0290481839352,-0.44636662835203234,0.0,0.0015628202642684822,0.02175422155636498,0.13274044225237833,-0.014603738867231568,-388.7954394228601,0.3776652889008639,-0.3,0.0,0.0,0.0,0.35868995813310783,-0.30493980146295147,-0.5227312352889896,0.0,0.0,0.0,REIT—Diversified,Real Estate,MDRR
2017Q3,2017,Q3,2017-09-30,2017-09-30,-448682.0,516311.0,-91768.0,-0.2,242435.0,0.469552266,,,,,,,,167229083.20000002,,,0.0,0.0,0.0,0.0,,0.0,323.89215647158403,-93.17795409666535,0.0,-0.35957983605315125,0.0,0.0009647663965665992,0.0,0.0,0.0,-1194.194902702896,0.4695522659792257,-3.4543429844098,0.0,0.0,0.0,0.2533021086968884,-3.489962974081857,-1.3228288657706229,0.0,0.0,0.0,REIT—Diversified,Real Estate,MDRR
2017Q2,2017,Q2,2017-06-30,2017-06-30,-99930.0,336161.0,-39507.0,-0.0449,193437.0,0.5754296304,,,,,,,,167229083.20000002,,,0.0,0.0,0.0,0.0,,0.0,497.4672350451124,-418.36556389472634,0.0,,0.0,,0.0,0.0,0.0,0.0,0.5754296304449356,0.0,0.0,0.0,0.0,0.0,0.0,0.0,0.0,0.0,0.0,REIT—Diversified,Real Estate,MDRR
