Quarters,Year,Quarter,FillingDate,Date,NetIncome,Revenue,OperatingIncome,EPSDiluted,GrossProfit,GrossProfitRatio,TotalAssets,CommonStockEquity,CurrentAssets,CurrentLiability,TotalLiability,Inventory,RetainedEarnings,MarketCap,EnterpriseValue,bookValuePerShare,currentRatio,debtToAssets,debtToEquity,roic,shareholdersEquityPerShare,roe,priceToSalesRatio,peRatio,pbRatio,payoutRatio,inventoryTurnover,dividendYield,assetTurnover,quickRatio,returnOnAssets,priceToFreeCashFlowsRatio,grossProfitMargin,epsdilutedGrowth,fiveYNetIncomeGrowthPerShare,fiveYRevenueGrowthPerShare,fiveYShareholdersEquityGrowthPerShare,grossProfitGrowth,netIncomeGrowth,operatingIncomeGrowth,threeYNetIncomeGrowthPerShare,threeYRevenueGrowthPerShare,threeYShareholdersEquityGrowthPerShare,Industry,Sector,Symbol
2023Q1,2023,Q1,2023-05-05,2023-03-31,45589000.0,223670000.0,145516000.0,0.36,180584000.0,0.8073679975,27583446000.0,3339901000.0,4379977000.0,259055000.0,24243545000.0,0.0,1275720000.0,2214865581.39,3079472581.39,26.37400164633925,16.9075177085947,0.050387214128358004,0.4161359872642932,0.024945664248645884,26.37400164633925,0.01364980578765658,9.902381103366567,12.145833322676522,0.6631530639351286,0.5583583759240167,0.0,0.0114927967700979,0.008108849053885436,16.9075177085947,0.0016527666630195518,25.095636395866617,0.8073679974963115,-0.4461538461538462,-0.35714285958562686,-0.04392184517576685,0.14582913471780087,-0.24019977027260142,-0.4524501561374009,0.21619069110481492,-0.47067734429708,-0.18295631600418188,0.05261718804161494,Banks—Regional,Financial Services,SFNC
2022Q4,2022,Q4,2023-02-27,2022-12-31,83260000.0,237673000.0,119649000.0,0.65,237673000.0,1.0,27461061000.0,3269362000.0,8397574000.0,-517560000.0,24191699000.0,0.0,1255586000.0,2722349693.7,3264717693.7,25.916153285991054,-16.225314939330705,0.044618997059144946,0.3747780147931003,0.023312951533791385,25.916153285991054,0.025466742440879903,11.454181559116938,8.174242414424693,0.8326853048698798,0.2898510689406678,0.0,0.00886476856953684,0.008654909582699663,-8.962560862508695,0.003031929465507542,31.479893311671038,1.0,0.03174603174603177,1.999999994080873,0.008974219168773931,0.068226527793036,6.66765231906522,0.03296403359676439,-0.11104424384263903,0.3469387725293242,-0.027075262365059152,-0.06706483542742342,Banks—Regional,Financial Services,SFNC
2022Q3,2022,Q3,2022-11-04,2022-09-30,80603000.0,3149000.0,134595000.0,0.63,-41935000.0,-13.3169260083,27076074000.0,3157151000.0,86637000.0,270995000.0,23918923000.0,0.0,1196459000.0,2786592360.0,3436615360.0,24.68761533890088,0.31969962545434416,0.049147561053349165,0.42149488573717253,0.024777574071961503,24.68761533890088,0.025530296143580083,884.9134201333757,8.642954852797041,0.8826287877900043,0.2992320385097329,0.0,0.008655374336847748,0.00011630194244557022,17.361501134707282,0.002976908690676499,70.3791574480982,-13.316926008256589,2.0000000000000004,0.4006269667777785,-0.985905568752558,0.2590371005447493,-0.011798484775370361,1.9359291906461717,1.4781816173221387,-0.2584916136822165,-0.9896820334236792,-0.06693803781833248,Banks—Regional,Financial Services,SFNC
2022Q2,2022,Q2,2022-08-05,2022-06-30,27454000.0,3037000.0,54312000.0,0.21,-41446000.0,-13.6470200856,27218609000.0,3259895000.0,82332000.0,285813000.0,23958714000.0,-8354802000.0,1139975000.0,2727934380.0,3243489380.0,25.405804556046544,0.2880624744150896,0.05444572865571492,0.45459654375370984,0.009086913800177867,25.405804556046544,0.008421743645117405,898.233249917682,24.8409555984556,0.8368166397997482,0.8912726742915422,-0.00532424347100027,0.008969790541662515,0.00011157807513234787,18.85974745725352,0.00100864816420266,25.378966768383446,-13.6470200856108,-0.6379310344827587,-0.40566341226458674,-0.9861447843384226,0.31899151452468794,-16.316334072431633,-0.5782471772025501,-0.43094235242346135,-0.6332518597036203,-0.987775606028468,-0.01382766961010573,Banks—Regional,Financial Services,SFNC
2022Q1,2022,Q1,2022-05-06,2022-03-31,65095000.0,2706000.0,95442000.0,0.58,2706000.0,1.0,24482268000.0,2961607000.0,69357000.0,209926000.0,21520661000.0,0.0,1136990000.0,2948150580.0,2980761580.0,26.33967751402983,0.3303878509570039,0.07031558514104984,0.5812671971669435,0.016725006392489358,26.33967751402983,0.02197962119889641,1089.4865410199557,11.322492434134727,0.9954563789186073,0.3283662339657424,0.0,0.007250308089758428,0.00011052897550177949,40.00600211503101,0.0026588631412743295,55.240881035807305,1.0,0.38095238095238093,0.6308060079435959,-0.9849445005648849,0.40168845381984913,-0.9862049980118068,0.3494547866826983,0.23879860858730076,0.11333872159717112,-0.9867762771136123,0.0493348310572971,Banks—Regional,Financial Services,SFNC
2021Q4,2021,Q4,2022-02-25,2021-12-31,48238000.0,196158000.0,77044000.0,0.42,196158000.0,1.0,24724759000.0,3248841000.0,72990000.0,201863000.0,21475918000.0,0.0,1093270000.0,3396769990.14,3466338990.14,28.291793986333218,0.3615818649281939,0.06965099235143202,0.5300671839588333,0.012587917712813349,28.291793986333218,0.014847756476848205,17.31649991404888,17.604222760790247,1.045532850065608,0.42568099838301754,0.0,0.006045154679182054,0.007933666815518808,43.78552285460931,0.0019509998054986098,72.50464236461823,1.0,-0.43243243243243246,-0.02309379384134114,-0.0027021022502760673,0.5416006248780862,0.026682717470951533,-0.4013205252314642,0.0,-0.29988389017926453,-0.056163385382325105,0.16801796573676292,Banks—Regional,Financial Services,SFNC
2021Q3,2021,Q3,2021-11-05,2021-09-30,80574000.0,191060000.0,0.0,0.74,191060000.0,1.0,23225930000.0,3030531000.0,68405000.0,184190000.0,20195399000.0,0.0,1065566000.0,3175177556.52,3113847556.52,28.213381697678212,0.3713828112275368,0.0741353736965538,0.5681720464169481,0.0,28.213381697678212,0.02658741982840631,16.618745716110123,9.851743603767964,1.0477297729407817,0.23980440340556508,0.0,0.006085328979579001,0.008226150685892879,47.14017047613877,0.0034691398794364746,252.21840944634204,1.0,0.0724637681159421,0.9483662814865187,0.06128762078600697,0.4966882938745413,0.0020296528611811844,0.07540974854519246,0.0,0.25020170209511805,-0.0557859763858025,0.18869571998509088,Banks—Regional,Financial Services,SFNC
2021Q2,2021,Q2,2021-08-06,2021-06-30,74924000.0,190673000.0,0.0,0.69,190673000.0,1.0,23423159000.0,3039366000.0,67916000.0,169629000.0,20383793000.0,0.0,1004314000.0,3185346009.78,2567223009.78,27.995388308273295,0.4003796520642107,0.0735313285453939,0.566676076523854,0.0,27.995388308273295,0.02465119370289725,16.705805278041463,10.628590337475307,1.0480297567913834,0.26057071165447654,0.0,0.006129004491210166,0.0081403622799128,52.8503734620849,0.0031987145713351472,32.7565584132534,1.0,0.11290322580645154,0.8403193166416509,0.06304485792389217,0.5680202589654063,-0.016637527785083987,0.11130228418866805,0.0,0.189861622423845,-0.05537642558414973,0.20420895828773075,Banks—Regional,Financial Services,SFNC
2021Q1,2021,Q1,2021-05-06,2021-03-31,67420000.0,193899000.0,0.0,0.62,193899000.0,1.0,23348117000.0,2930775000.0,71359000.0,181426000.0,20417342000.0,0.0,948913000.0,3225751120.5600004,1042429120.5600004,26.956851598304386,0.3933228974898857,0.07381644524053053,0.5880611783572605,0.0,26.956851598304386,0.023004154191297525,16.636244233131684,11.961402849896173,1.1006478220129488,0.2894245031148027,0.0,0.006049133758531403,0.008304695406486099,46.807976805970476,0.0028875990299346197,44.044773485895305,1.0,0.2653061224489796,0.6090555528227659,0.122462728611234,0.5336869447757252,-0.0016013593532773801,0.2728439812717112,0.0,0.10735637103366687,-0.03460403091987089,0.17115128586823972,Banks—Regional,Financial Services,SFNC
2020Q4,2020,Q4,2021-02-25,2020-12-31,52968000.0,194210000.0,0.0,0.49,194210000.0,1.0,22359752000.0,2976656000.0,72597000.0,217398000.0,19383096000.0,0.0,901006000.0,2333262152.11,584472152.1100001,27.54341297735593,0.33393591477382495,0.07714490751060209,0.5794895345649614,0.0,27.54341297735593,0.017794464661015582,12.014119520673498,11.01260266627964,0.7838534758836762,0.3486067059356593,0.0,0.007913812849234217,0.008685695619522076,32.29066504751653,0.0023688992614944926,17.20948629672518,1.0,-0.18333333333333332,0.23680639815276874,0.08149687108517462,0.5399683833555957,-0.11831335037294968,-0.19621232814349449,0.0,1.2278194877892161,-0.037604937713402356,0.13529982955745704,Banks—Regional,Financial Services,SFNC
2020Q3,2020,Q3,2020-11-06,2020-09-30,65898000.0,220271000.0,0.0,0.6,220271000.0,1.0,21437395000.0,2942241000.0,77352000.0,209305000.0,18495154000.0,0.0,866503000.0,1741011119.7150002,940327119.7150002,26.79433263047532,0.36956594443515445,0.0804905633357038,0.5864604565023736,0.0,26.79433263047532,0.022397213552526798,7.903950677642541,6.604946734783302,0.5917296100880247,0.2814652948496161,0.0,0.0106535792850285,0.010275082396905034,24.895879219321085,0.003073974239873828,-129.06895394135964,1.0,0.111111111111111,0.6610735472921415,0.20519936029179378,0.5376392245152279,0.05228686355254483,0.12067616747729669,0.0,0.33359643129371264,0.14818833813341178,0.366477012988292,Banks—Regional,Financial Services,SFNC
2020Q2,2020,Q2,2020-08-06,2020-06-30,58802000.0,209326000.0,0.0,0.54,209326000.0,1.0,21903684000.0,2904703000.0,79772000.0,219545000.0,18998981000.0,0.0,819153000.0,1862740360.09,1089312360.09,26.680835072258123,0.36335147691817166,0.08109562756657739,0.611523105804621,0.0,26.680835072258123,0.02024372199154268,8.898752950374057,7.919545083883202,0.6412842759104803,0.3153294105642665,0.0,0.009954151634479068,0.009556657227158682,23.350060352091827,0.002684571234683627,-72.02615265988709,1.0,-0.2058823529411765,0.5156331689015027,0.1265801290104554,0.4676530291294685,-0.1473309028697122,-0.23867108602206225,0.0,0.5003316776617535,0.12553762364481216,0.3851871914981554,Banks—Regional,Financial Services,SFNC
2020Q1,2020,Q1,2020-05-07,2020-03-31,77236000.0,245495000.0,0.0,0.68,245495000.0,1.0,20841352000.0,2845400000.0,57039000.0,214730000.0,17995952000.0,0.0,778893000.0,2089563523.9999998,2133280523.9999998,25.0556441087646,0.2656312578587063,0.0856578306436166,0.6274073943909468,0.0,25.0556441087646,0.0271441625079075,8.5116337359213,6.763567261380703,0.7343654755043227,0.24716453467295044,0.0,0.009135879230633049,0.011779226222943693,19.86302333162576,0.00370590161329265,22.458282539068374,1.0,0.3877551020408164,2.466053347244376,0.3852159359133079,0.10026274383372112,0.17825346163998945,0.4649671863738098,0.0,0.9158154189789839,0.35235043448806874,0.33335751857887724,Banks—Regional,Financial Services,SFNC
2019Q4,2019,Q4,2020-02-27,2019-12-31,52722000.0,208355000.0,0.0,0.49,208355000.0,1.0,21259143000.0,2988924000.0,62707000.0,165422000.0,18270219000.0,0.0,848848000.0,2882494643.22,3567176643.22,27.779157941660948,0.37907291654072617,0.07930042147042334,0.5640354187660844,0.0,27.779157941660948,0.017639123644495477,13.83453549576444,13.66836730027313,0.9643920833115863,0.34543454345434543,0.0,0.006318138367693754,0.009800724328351336,27.307262637375924,0.002479968265889175,60.44359586529388,1.0,-0.41666666666666663,0.39813558670237287,0.04648595689039338,1.0266450656468862,-0.093079538084522,-0.3556815682057048,0.0,0.1395348909914856,0.13056355300995784,0.5136674352336417,Banks—Regional,Financial Services,SFNC
2019Q3,2019,Q3,2019-11-07,2019-09-30,81826000.0,229739000.0,0.0,0.84,229739000.0,1.0,17758511000.0,2547071000.0,53966000.0,174277000.0,15211440000.0,0.0,814338000.0,2397020461.7999997,3314627461.7999997,26.458709431447375,0.3096564664298789,0.08179841204028873,0.5703091904387432,0.0,26.458709431447375,0.03212552771398991,10.433668039819098,7.3235293849143295,0.9410889848771392,0.18890083836433408,0.0,0.0064484222168019545,0.012936839130262667,16.89902281999346,0.004607706130316894,44.46502303554203,1.0,0.4482758620689656,2.264105246377803,0.4491399213564899,0.8448203610556296,0.23781788793103448,0.4631642943995422,0.0,1.2077921993958431,0.42393197899195406,0.40360489576951625,Banks—Regional,Financial Services,SFNC
2019Q2,2019,Q2,2019-08-07,2019-06-30,55924000.0,185600000.0,0.0,0.58,185600000.0,1.0,17937435000.0,2469513000.0,54781000.0,143013000.0,15467922000.0,0.0,747969000.0,2254594765.92,3272523765.92,25.762033442980574,0.38304909343905796,0.09355997666333007,0.6795777143104733,0.0,25.762033442980574,0.022645760520394104,12.147601109482759,10.078833622058507,0.912971410120133,0.28224018310564336,0.0,0.007000814620253609,0.01034707582215629,21.37893058672988,0.003117725583395842,106.58510688412991,1.0,0.13725490196078421,0.9216666643460911,0.17686359621790088,1.0301830997556707,0.11186326957292708,0.17253380857532236,0.0,0.555735581470329,0.17194084679238955,0.4429301678519697,Banks—Regional,Financial Services,SFNC
2019Q1,2019,Q1,2019-05-08,2019-03-31,47695000.0,166927000.0,0.0,0.51,166927000.0,1.0,16091639000.0,2302321000.0,51796000.0,155544000.0,13789318000.0,0.0,707829000.0,2315959138.5,3344144138.5,25.101308690468503,0.33299902278454974,0.09470943264387177,0.6619537414635057,0.0,25.101308690468503,0.020716051323859706,13.874083512553392,12.139423097284832,1.005923647701602,0.3104518293322151,0.0,0.006393463405226655,0.01037352379083324,17.922594249858562,0.0029639615952110287,30.567261548715784,1.0,-0.14999999999999997,2.8880870706842985,0.20768788879061098,1.0085082449193326,-0.00550488230633121,-0.14288538259713188,0.0,0.34927024662005196,0.14542523926611667,0.4281174229478095,Banks—Regional,Financial Services,SFNC
2018Q4,2018,Q4,2019-02-27,2018-12-31,55646000.0,167851000.0,0.0,0.6,167851000.0,1.0,16543337000.0,2246434000.0,49938000.0,102797000.0,14296903000.0,0.0,674941000.0,2237896625.29,3098904625.29,24.222053783639627,0.485792386937362,0.10272413600714293,0.7564878380580066,0.0,24.222053783639627,0.024770814544295538,13.332638025927757,10.054166630530496,0.9961995880092627,0.2494339215756748,0.0,0.00620225252728166,0.010146139197913939,29.573645145286342,0.003363650272009813,23.338164827302116,1.0,0.0169491525423729,4.13802854461581,0.28912037800884516,0.9446260743012662,-0.03137551359586353,0.008207562553222329,0.0,0.5140851305518686,0.08919542032865117,0.3542692417025433,Banks—Regional,Financial Services,SFNC
2018Q3,2018,Q3,2018-11-07,2018-09-30,55193000.0,173288000.0,0.0,0.59,173288000.0,1.0,16281264000.0,2183319000.0,51509000.0,105951000.0,14097945000.0,0.0,633175000.0,2643744690.42,3919837690.42,23.734738186852457,0.4861586960009816,0.11017885343545808,0.8216165388566673,0.0,23.734738186852457,0.02527940259760484,15.25636333975809,11.974999956606814,1.2108833800374565,0.25082890946315656,0.0,0.005236511698790652,0.010643399677076669,24.228945455918304,0.0033899702136148645,76.0702276117857,1.0,0.017241379310344845,1.807882122119381,0.5212804052903895,0.9104203447036531,0.00926632381462693,0.030450692655240655,0.0,0.6607458606892388,0.1318076062481173,0.36205909372770095,Banks—Regional,Financial Services,SFNC
2018Q2,2018,Q2,2018-08-07,2018-06-30,53562000.0,171697000.0,0.0,0.58,171697000.0,1.0,16165533000.0,2146908000.0,44266000.0,98388000.0,14018625000.0,0.0,591826000.0,2761213452.4,3679541452.4,23.247948884286696,0.44991259096637803,0.11537807011992737,0.8687600959146828,0.0,23.247948884286696,0.024948437473799528,16.081896902100794,12.887931053732121,1.2861349682427006,0.25841081363653334,0.0,0.005012651226934172,0.010621177786095887,29.77731024108631,0.00331334574616253,105.96820249453123,1.0,0.05454545454545439,1.8955711453102226,0.5624788158336576,0.899278802563322,0.014320062857041583,0.043849391955098224,0.0,0.6275423991615449,0.0893693245344035,0.27881764227639255,Banks—Regional,Financial Services,SFNC
2018Q1,2018,Q1,2018-05-08,2018-03-31,51312000.0,169273000.0,0.0,0.55,169273000.0,1.0,15597309000.0,2109051000.0,42129000.0,98202000.0,13488258000.0,0.0,552105000.0,2606832844.95,3353550844.95,23.017394869117844,0.42900348261746196,0.10318773578185826,0.763116207242025,0.0,23.017394869117844,0.024329425888705396,15.400169223384708,12.70089279773737,1.2360217201717738,0.27441923916432803,0.0,0.005401573801434161,0.010852705425019149,27.850502026435308,0.003289798259430521,35.114534941000564,1.0,1.5000000000000002,2.115784174923705,0.5359766009082138,0.8706440348836669,0.055048273197000765,1.7144897635295986,0.0,1.853916441511098,0.183775537279578,0.010757573210457883,Banks—Regional,Financial Services,SFNC
2017Q4,2017,Q4,2018-02-28,2017-12-31,18903000.0,160441000.0,0.0,0.22,160441000.0,1.0,15055806000.0,2084564000.0,43528000.0,152968000.0,12971242000.0,0.0,514874000.0,2453093855.85,3372326855.85,24.260915275652273,0.28455624705820826,0.10099685131437001,0.7294518182219399,0.0,24.260915275652273,0.009068083301831942,15.289694378930571,32.443181715203934,1.1767898974797608,0.588795429296937,0.0,0.004537127665726203,0.010656420519764934,14.606983159876576,0.0012555289301682021,2845.8165381090485,1.0,-0.5,-0.08940118222108427,0.36875589799971087,0.9865385568975868,0.43232988733551164,-0.3448287813669763,0.0,-0.3722656551006333,0.009096224366389741,0.7699695698025185,Banks—Regional,Financial Services,SFNC
2017Q3,2017,Q3,2017-11-06,2017-09-30,28852000.0,112014000.0,0.0,0.44,112014000.0,1.0,9535370000.0,1257199000.0,30749000.0,63971000.0,8278171000.0,0.0,504085000.0,1856145346.2,2009755346.2,19.608330309106265,0.4806709290147098,0.061870593380225415,0.4692646112508839,0.0,19.608330309106265,0.022949429644789725,16.570654973485457,16.08333344482185,1.4764133173825305,0.28036184666574243,0.0,0.0043579561355797025,0.011747210648354494,27.895734004470775,0.0030257871482700723,61.372349761936256,1.0,0.22222222222222227,1.230906804062141,0.472836701777892,0.6255800002272696,0.02343557273250555,0.25089963147626276,0.0,0.7280557003562438,0.060857086779009154,0.3671810824434698,Banks—Regional,Financial Services,SFNC
2017Q2,2017,Q2,2017-08-07,2017-06-30,23065000.0,109449000.0,0.0,0.36,109449000.0,1.0,9068308000.0,1234076000.0,27337000.0,67004000.0,7834232000.0,0.0,483322000.0,1694636793.8,1905739793.8,19.261537527936095,0.40799056772729986,0.05979880701008391,0.43941702131797394,0.0,19.261537527936095,0.018690096882201745,15.483346524865462,18.36805542813787,1.3732029419581937,0.34910036852373727,0.0,0.004751460625344059,0.012069395966700733,23.119634648677692,0.002543473380039584,50.77107057942357,1.0,0.0285714285714286,0.8775696580673854,0.518689620844951,0.6116163572205466,0.09885244420348785,0.04272151898734177,0.0,0.18580563600137073,0.038341416136688344,0.5179099915026444,Banks—Regional,Financial Services,SFNC
2017Q1,2017,Q1,2017-05-09,2017-03-31,22120000.0,99603000.0,0.0,0.35,99603000.0,1.0,8626638000.0,1170889000.0,26089000.0,55877000.0,7455749000.0,0.0,468309000.0,1718194361.925,1909927361.925,18.79139222574713,0.46690051362814755,0.058142812993891714,0.4283728004960334,0.0,18.79139222574713,0.018891628497662887,17.250427817686212,19.419014036222876,1.4674271958528948,0.35465641952983723,0.0,0.0045658396825436895,0.011545981180617525,28.522397408593875,0.002564150715493104,108.19182431364523,1.0,-0.186046511627907,0.9233153737829906,0.45823811142441945,0.5806735425974657,-0.07289126347338831,-0.17985984946794706,0.0,1.6543671458462421,0.06075059438847488,0.5036134842347024,Banks—Regional,Financial Services,SFNC
2016Q4,2016,Q4,2017-02-28,2016-12-31,26971000.0,107434000.0,0.0,0.43,107434000.0,1.0,8400056000.0,1151111000.0,27788000.0,65141000.0,7248945000.0,0.0,454034000.0,1949125180.2,1992459180.2,18.352220107961234,0.42658233677714497,0.03970878289382833,0.2897687538386828,0.0,18.352220107961234,0.023430407667027767,18.142535698196102,18.066860518705276,1.6932556288663732,0.27866968225130695,0.0,0.0038560889143245186,0.01278967664025097,22.648777267772985,0.0032108119279204805,371.75761590692355,1.0,0.13157894736842102,1.3610086654790539,0.4917300406445576,0.5575335488972528,0.05335712604910189,0.1511801613385121,0.0,2.682253766151316,0.22001562036769326,0.4733765378459528,Banks—Regional,Financial Services,SFNC
2016Q3,2016,Q3,2016-11-08,2016-09-30,23429000.0,101992000.0,0.0,0.38,101992000.0,1.0,8226992000.0,1147141000.0,27390000.0,62615000.0,7079851000.0,0.0,434579000.0,1518320897.75,1351970897.75,18.850539429717205,0.4374351193803402,0.033495352858006915,0.24021981604702472,0.0,18.850539429717205,0.020423818867950846,14.88666657924151,16.201298580285115,1.3235695505173295,0.2865252464893935,0.0,0.004421331491878954,0.012397240692588494,23.852303761079614,0.0028478209289616425,81.7488234399397,1.0,0.027027027027027053,0.8407488355764458,0.42536187939315345,0.6044185423349994,0.010532156268267793,0.022698502771836396,0.0,0.8017243686222106,0.3534637212302957,0.5172888679732212,Banks—Regional,Financial Services,SFNC
2016Q2,2016,Q2,2016-08-08,2016-06-30,22909000.0,100929000.0,0.0,0.37,100929000.0,1.0,7534219000.0,1090711000.0,24150000.0,60256000.0,6443508000.0,0.0,417863000.0,1410736227.6975,1405359227.6975,17.853971049293012,0.4007899628252788,0.03344885515008258,0.23105203853266357,0.0,17.853971049293012,0.021003730594080373,13.97751119794608,15.395000084000829,1.2934097370407927,0.31913221877864595,0.0,0.005182400406582368,0.013396079938743486,18.303737387148168,0.003040660219725495,24.304600435833162,1.0,-0.05128205128205133,0.9280497597140583,0.38972694826048715,0.5333358680833087,0.04152520509777617,-0.025356307168687513,0.0,0.872136508945513,0.3884214884820075,0.4586090551162996,Banks—Regional,Financial Services,SFNC
2016Q1,2016,Q1,2016-05-09,2016-03-31,23505000.0,96905000.0,0.0,0.39,96905000.0,1.0,7536953000.0,1071984000.0,23545000.0,50859000.0,6464969000.0,0.0,402265000.0,1374400861.35,1381057861.35,17.576501964842866,0.46294657779350756,0.031432596169831496,0.22099770145823072,0.0,17.576501964842866,0.02192663323333184,14.18297158402559,14.61817550893427,1.2821094916995028,0.3074664964901085,0.0,0.005258291233098695,0.012857317804688446,21.853890166932107,0.003118634280988617,-172.0151265769712,1.0,0.0,1.6316738233648025,0.4142081318374642,0.5217994394214756,-0.031366512399668145,-0.014837168364139319,0.0,1.1442910723714976,0.3210466426380254,0.4284578572689916,Banks—Regional,Financial Services,SFNC
2015Q4,2015,Q4,2016-02-29,2015-12-31,23859000.0,100043000.0,0.0,0.39,100043000.0,1.0,7559658000.0,1076855000.0,25793000.0,74450000.0,6482803000.0,0.0,385987000.0,1546131039.6,1502621039.6,17.885700300767702,0.3464472800537273,0.02948003732443981,0.2069535824228889,0.0,17.885700300767702,0.022156186301776935,15.454664890097257,16.200710838677228,1.435783870251798,0.29523450270338236,0.0,0.004555888097183765,0.01323379973009361,14.95727333781061,0.0031560951566856595,162.2042634913974,1.0,0.08333333333333341,-0.1775874260457758,-0.039438049842031614,0.5468880931340283,0.0018726966832238424,0.10076124567474048,0.0,0.6402322908707283,0.2180191667025501,0.4645215508521056,Banks—Regional,Financial Services,SFNC
2015Q3,2015,Q3,2015-11-09,2015-09-30,21675000.0,99856000.0,0.0,0.36,99856000.0,1.0,7559694000.0,1045441000.0,26873000.0,78684000.0,6514253000.0,0.0,369172000.0,1437766850.46,1265271850.46,17.425630280030596,0.3415306796807483,0.03112983144555851,0.22510309046612864,0.0,17.425630280030596,0.020732877321627905,14.398402203773434,16.58323933633218,1.3752730670214772,0.321199538638985,0.0,0.004842231546632594,0.01320900025847607,14.463512276955925,0.0028671795445688675,24.074728327723918,1.0,0.058823529411764594,0.6329416657788286,0.41510667197335094,0.5630393124582821,0.037583516038196575,0.078626524010948,0.0,0.791088273783028,0.403165302499678,0.4446286668996636,Banks—Regional,Financial Services,SFNC
2015Q2,2015,Q2,2015-08-10,2015-06-30,20095000.0,96239000.0,0.0,0.34,96239000.0,1.0,7614358000.0,1025105000.0,24129000.0,74324000.0,6589253000.0,0.0,354459000.0,1316113004.8799999,1282139004.8799999,18.179252549959806,0.32464614391044616,0.03061518778076891,0.22740597304666352,0.0,18.179252549959806,0.01960286994990757,13.675464259603693,16.373637781537695,1.283881168153506,0.34207514307041553,0.0,0.0052229557602667676,0.012639148303770324,13.978243905064312,0.0026390931448193006,-410.25966486284284,1.0,0.7000000000000001,0.5494153196669027,0.420992539148937,0.66380072870362,0.38531185674598034,1.3005151688609045,0.0,0.8586141375203129,0.5172842684534897,0.5210613757632816,Banks—Regional,Financial Services,SFNC
2015Q1,2015,Q1,2015-05-11,2015-03-31,8735000.0,69471000.0,0.0,0.2,69471000.0,1.0,7817824000.0,1013737000.0,24719000.0,69841000.0,6804087000.0,0.0,341238000.0,1012071260.0,827715260.0,22.772418905562045,0.3539325038301284,0.04452057247643334,0.34333757177650615,0.0,22.772418905562045,0.008616633308244644,14.568255243195003,28.965977676016028,0.9983568321961218,0.733028048082427,0.0,0.006326629609065275,0.008886232281514651,7.977105138815309,0.0011173185786735541,74.64202817316911,1.0,-0.4285714285714285,0.3532522846298572,0.4813707631361993,1.0852973182419101,0.04102917596990994,-0.30888519661365615,0.0,0.06308728675000053,0.42364009281459264,0.9155451406973705,Banks—Regional,Financial Services,SFNC
2014Q4,2014,Q4,2015-03-16,2014-12-31,12639000.0,66733000.0,0.0,0.35,66733000.0,1.0,4643354000.0,494319000.0,16774000.0,42429000.0,4149035000.0,0.0,338906000.0,732987344.85,532380344.85,13.706967447106532,0.3953428079851045,0.029138850925430195,0.27371393776083863,0.0,13.706967447106532,0.025568509403846505,10.98388121094511,14.498523317707095,1.482822519162727,0.30999287918347973,0.0,0.005345249174529456,0.014371723542939006,15.507459520610903,0.0027219548627996056,-90.29161675905395,1.0,0.34615384615384603,0.4806972484944788,0.41181198336108354,0.06151475649711279,0.20075212321865554,0.43821119708693673,0.0,0.9243139062015411,0.6115797864064789,0.16329585886176706,Banks—Regional,Financial Services,SFNC
2014Q3,2014,Q3,2014-11-10,2014-09-30,8788000.0,55576000.0,0.0,0.26,55576000.0,1.0,4691222000.0,484005000.0,18006000.0,41309000.0,4207217000.0,0.0,330185000.0,649967374.08,509687374.08000004,14.342160347963292,0.43588564235396643,0.03069903747893406,0.2975506451379635,0.0,14.342160347963292,0.01815683722275596,11.695108933352527,18.49019612198453,1.3428939248148264,0.4522075557578516,0.0,0.006114153045950992,0.011846806652936057,15.003389091965431,0.001873285894378906,82.10805635169278,1.0,-0.13333333333333328,-0.04519233741621662,0.1633686958783092,0.3525278958740495,0.03506974838433315,-0.11303996770286637,0.0,0.24505511111888753,0.4005675585861497,0.2206986481850137,Banks—Regional,Financial Services,SFNC
2014Q2,2014,Q2,2014-08-11,2014-06-30,9908000.0,53693000.0,0.0,0.3,53693000.0,1.0,4325841000.0,414135000.0,14254000.0,35533000.0,3911706000.0,0.0,325371000.0,642766138.17,356328138.16999996,12.689512313485908,0.40114822840739595,0.03149029287021876,0.32893138710806863,0.0,12.689512313485908,0.02392456566095597,11.971134750712382,16.21836238822164,1.5520691034807492,0.3928138877674606,0.0,0.006055079396498382,0.012412152920091145,19.904032870852447,0.0022904216775420086,-476.1230653111111,1.0,1.3076923076923075,0.5179553527475145,0.24672588058756276,0.1961487831732435,0.09494871219691253,1.2766544117647058,0.0,0.5609031835150073,0.38391380427493704,0.08980149710297791,Banks—Regional,Financial Services,SFNC
2014Q1,2014,Q1,2014-05-09,2014-03-31,4352000.0,49037000.0,0.0,0.13,49037000.0,1.0,4396647000.0,406672000.0,15102000.0,40694000.0,3989975000.0,0.0,319354000.0,606388453.23,221842453.23000002,12.497488498722415,0.37111122032732097,0.031294302226219206,0.33833162843765985,0.0,12.497488498722415,0.01070149899673447,12.36593701144034,34.83389552102482,1.4910995918824017,0.8214613970588235,0.0,0.00589556080917659,0.011153272027524612,19.713274684228633,0.000989845216138571,322.7187084779138,1.0,0.08333333333333341,-0.28521156839348644,0.22443689239071116,0.1970076262047715,0.07733374343651822,0.14949815108293713,0.0,-0.0867387679026388,0.3412982798098329,0.08205096950314233,Banks—Regional,Financial Services,SFNC
2013Q4,2013,Q4,2014-03-11,2013-12-31,3786000.0,45517000.0,0.0,0.12,45517000.0,1.0,4383100000.0,403832000.0,15654000.0,36104000.0,3979268000.0,0.0,318577000.0,602219332.0,200549332.0,12.45589273112209,0.4335807666740527,0.03141840250051334,0.3410081419996434,0.0,12.45589273112209,0.009375185720794786,13.2306463958521,39.766199947173796,1.4912620396600564,0.898837823560486,0.0,0.0056507651268823764,0.01038465925942826,21.252797473964105,0.0008637722160114987,140.70545140186917,1.0,-0.42857142857142855,-0.42110003181871597,0.14876970980852777,0.20292407085720898,0.13308107838988326,-0.45383727639930754,0.0,-0.7576497213687456,-0.18840808437919318,0.07727803950178144,Banks—Regional,Financial Services,SFNC
2013Q3,2013,Q3,2013-11-12,2013-09-30,6932000.0,40171000.0,0.0,0.21,40171000.0,1.0,3441709000.0,403034000.0,15635000.0,40959000.0,3038675000.0,0.0,318194000.0,504285986.91,242772986.91000003,12.42383031182293,0.3817231866012354,0.028069485247009553,0.2396993802011741,0.0,12.42383031182293,0.017199541477890202,12.553483530656445,18.1868864292412,1.25122442997365,0.4906231967686093,0.0,0.006744188988552991,0.011671817692896174,13.518201127957225,0.0020141156617250323,124.9160235100322,1.0,0.049999999999999906,-0.09070560237358534,-0.042685722219169636,0.2188126293467631,0.028311788045565084,0.054136253041362534,0.0,-0.034182706308822884,0.052816094535951916,0.11438925746885424,Banks—Regional,Financial Services,SFNC
2013Q2,2013,Q2,2013-08-09,2013-06-30,6576000.0,39065000.0,0.0,0.2,39065000.0,1.0,3421769000.0,401850000.0,12637000.0,29458000.0,3019919000.0,0.0,314663000.0,434666366.64,73711366.63999999,12.24040875563429,0.4289836377215018,0.028721693369716073,0.2445663804902327,0.0,12.24040875563429,0.016364315042926465,11.126746874184052,16.524725009124086,1.0816632241881299,0.5222019464720195,0.0,0.007900312201620404,0.011416609361999598,22.045013239187995,0.0019218129569821924,42.38166601404056,1.0,0.11111111111111122,-0.06834461952427084,-0.047216476647124146,0.22685596142721484,-0.016737981374276366,0.1076301162203133,0.0,-0.1291047602982826,-0.009275731066357106,0.12026613587584105,Banks—Regional,Financial Services,SFNC
2013Q1,2013,Q1,2013-05-10,2013-03-31,5937000.0,39730000.0,0.0,0.18,39730000.0,1.0,3543561000.0,406454000.0,13027000.0,33950000.0,3137107000.0,0.0,311521000.0,415883908.84,-124848091.16000003,12.304529584405548,0.3837113402061856,0.028859669693847515,0.2516053477146245,0.0,12.304529584405548,0.014606818975825062,10.467755067707023,17.51237615125484,1.023200433111742,0.5843018359440795,0.0,0.008341270066629589,0.011211885445177887,24.983505154639175,0.0016754332717850771,32.63370282799749,1.0,-0.25,-0.42942844802419067,-0.0330217341349423,0.22643901807653646,-0.12409885579488084,-0.2609236897796589,0.0,0.23951747868164677,0.14169087602305494,0.126740319111298,Banks—Regional,Financial Services,SFNC
2012Q4,2012,Q4,2013-03-12,2012-12-31,8033000.0,45359000.0,0.0,0.24,45359000.0,1.0,3527489000.0,406062000.0,14530000.0,33125000.0,3121427000.0,0.0,309053000.0,421600794.32,16207794.319999993,12.21265763577274,0.43864150943396224,0.03120094775632185,0.2710448158163039,0.0,12.21265763577274,0.019782693283291714,9.294755050155427,13.12090110544006,1.0382670486772956,0.41366861695506035,0.0,0.007881863707964941,0.012858721884037059,21.77587924528302,0.002277257278477693,35.66842591539763,1.0,0.1999999999999999,0.09490420225754112,0.08260053268487985,0.258070513598184,0.141020803461374,0.18831360946745562,0.0,0.020739868238710966,0.040838723695636375,-0.05420974067049976,Banks—Regional,Financial Services,SFNC
2012Q3,2012,Q3,2012-11-09,2012-09-30,6760000.0,39753000.0,0.0,0.2,39753000.0,1.0,3414980000.0,404248000.0,15253000.0,41136000.0,3010732000.0,0.0,304343000.0,413217484.74,41809484.74000001,12.062359469460043,0.37079443796188255,0.03205641028644384,0.2708040608735232,0.0,12.062359469460043,0.016722408026755852,10.394623921213494,15.281711713757398,1.0221880744988225,0.49319526627218935,0.0,0.008068390431488593,0.011640770956198865,12.060798327499027,0.0019795137892462036,-73.70986170888334,1.0,0.05263157894736847,-0.23882378002667096,-0.03925197602241266,0.27573340405319147,0.036746296682662216,0.03427172582619339,0.0,-0.26040800042951096,-0.1620470048922815,0.13753278980889586,Banks—Regional,Financial Services,SFNC
2012Q2,2012,Q2,2012-08-09,2012-06-30,6536000.0,38344000.0,0.0,0.19,38344000.0,1.0,3257144000.0,407413000.0,12975000.0,28431000.0,2849731000.0,0.0,300917000.0,396276720.0,-27509280.0,11.951689024275764,0.45636804896064154,0.03739349565140503,0.29894971441755663,0.0,11.951689024275764,0.016042688868543712,10.334777800959733,15.157463280293758,0.972665869768515,0.5194308445532436,0.0,0.00856724563582741,0.011772276571131028,19.646055362104743,0.0020066659625733465,22.054581478183437,1.0,0.05555555555555561,-0.2330510861198205,-0.07310056192859812,0.2765777410939086,0.01595040008478618,0.028481510621557828,0.0,-0.04131385764977569,-0.14760257881836597,0.12659950438436054,Banks—Regional,Financial Services,SFNC
2012Q1,2012,Q1,2012-05-10,2012-03-31,6355000.0,37742000.0,0.0,0.18,37742000.0,1.0,3320053000.0,409312000.0,13319000.0,28698000.0,2910741000.0,0.0,297776000.0,444664147.40999997,-111336852.59000003,11.888218357136472,0.464108997142658,0.03651809172925854,0.2962092486904855,0.0,11.888218357136472,0.01552605347509968,11.781679492607704,17.492688725806453,1.0863696823205768,0.5417781274586939,0.0,0.007742922428206027,0.011367890813791226,24.063070597254164,0.0019141260696741889,46.165297696220925,1.0,0.0,-0.21456547793575326,-0.08091726661556878,0.2806714613685766,-0.05051572327044025,0.007930214115781126,0.0,-0.013520634759212063,-0.10932093241897009,0.13865182087862218,Banks—Regional,Financial Services,SFNC
2011Q4,2011,Q4,2012-03-07,2011-12-31,6305000.0,39750000.0,0.0,0.18,39750000.0,1.0,3320129000.0,407911000.0,15126000.0,26227000.0,2912218000.0,0.0,294864000.0,470644978.72,21538978.72000003,11.782873069382527,0.5767339001792047,0.036474486382908615,0.29687848574811665,0.0,11.782873069382527,0.015456803077141828,11.84012525081761,18.661577268834257,1.1537932998129494,0.5187946074544013,0.0,0.006950036966071639,0.01197242637258974,22.31791665077973,0.0018990225982183223,102.51469804399913,1.0,-0.14285714285714285,-0.23162661019376357,-0.011412425163887251,0.29547734528143493,-0.025687533702632482,-0.1311836847182031,0.0,-0.0971415652860841,-0.06047545334269175,0.13792740070735576,Banks—Regional,Financial Services,SFNC
2011Q3,2011,Q3,2011-11-09,2011-09-30,7257000.0,40798000.0,0.0,0.21,40798000.0,1.0,3293348000.0,407659000.0,16195000.0,30088000.0,2885689000.0,0.0,291830000.0,376461582.0,-24247418.0,11.749140845930993,0.5382544536027652,0.037342546247769746,0.30167860883728803,0.0,11.749140845930993,0.017801643039893636,9.227451884896318,12.968912153782554,0.9234717791095008,0.45431996692848287,0.0,0.008757865762780544,0.012388001510924446,17.9435655410795,0.0022035326968179495,-31.96583017746455,1.0,0.1052631578947368,-0.21073957392675652,-0.010768451405410004,0.29687118369562754,-0.010549802342783693,0.07574859175807887,0.0,-0.1099829358620136,-0.09097460544982827,0.15262369877727777,Banks—Regional,Financial Services,SFNC
2011Q2,2011,Q2,2011-08-09,2011-06-30,6746000.0,41233000.0,0.0,0.19,41233000.0,1.0,3263209000.0,403860000.0,15203000.0,34936000.0,2859349000.0,0.0,287870000.0,444999953.9,27373953.899999976,11.643874914118278,0.4351671628119991,0.03809164537116685,0.3077823998415292,0.0,11.643874914118278,0.016703808250383798,10.792325416535299,16.491252368069965,1.1018668694597138,0.4885858286391936,0.0,0.0074067423403389255,0.01263572146313644,15.94716052209755,0.002067290204213092,52.43930637520622,1.0,0.2666666666666667,-0.23726644762259305,0.009074632712374152,0.3478160067487423,0.06090155920341687,0.3316225819186735,0.0,-0.09536253265433943,-0.04811148740365596,0.1670653846362136,Banks—Regional,Financial Services,SFNC
2011Q1,2011,Q1,2011-05-10,2011-03-31,5066000.0,38866000.0,0.0,0.15,38866000.0,1.0,3269390000.0,399547000.0,15382000.0,33984000.0,2869843000.0,0.0,284420000.0,468567169.56,87459169.56,11.549814981877452,0.4526247645951036,0.039169998073035034,0.320517986619847,0.0,11.549814981877452,0.012679359374491612,12.055965871455772,23.12313312080537,1.172746058811604,0.6498223450454007,0.0,0.007025673614929736,0.011887844521455073,15.435263653483993,0.0015495245290405855,33.98615866831073,1.0,-0.6874999999999999,-0.3026463984214817,-0.016211470251222545,0.3430666961936393,-0.34625153487746213,-0.6940821256038647,0.0,-0.5350975967505832,-0.09672178877572071,0.15121375816691107,Banks—Regional,Financial Services,SFNC
2010Q4,2010,Q4,2011-03-04,2010-12-31,16560000.0,59451000.0,0.0,0.48,59451000.0,1.0,3316432000.0,397371000.0,17363000.0,36829000.0,2919061000.0,0.0,282646000.0,489738200.25,203035200.25,11.562375054895465,0.4714491297618724,0.04985990968607226,0.41612749798047666,0.0,11.562375054895465,0.041673901719048445,8.237678092042186,7.393390704257246,1.2324457503189714,0.1982487922705314,0.0,0.006703581624476311,0.017926192968829153,12.746015368323874,0.004993318120196645,24.971354285641443,1.0,1.1818181818181819,1.0250363117204213,0.48151545809195606,0.35872077714603706,0.4675997926386729,1.1732283464566928,0.0,1.1836937868277706,0.37276747062042204,0.19108252745241003,Banks—Regional,Financial Services,SFNC
2010Q3,2010,Q3,2010-11-09,2010-09-30,7620000.0,40509000.0,0.0,0.22,40509000.0,1.0,3018157000.0,383969000.0,26484000.0,1728000.0,2634188000.0,0.0,269369000.0,486825570.44,300208570.44,11.148555344154653,15.32638888888889,0.04590781725403947,0.3608546523287036,0.0,11.148555344154653,0.019845352098737137,12.017713852230369,15.971967534120736,1.2678772776968974,0.4293963254593176,0.0,0.006721093136177541,0.013421766992240628,203.50578703703704,0.0025247195556758646,610.0571058145364,1.0,-0.04347826086956525,-0.13236469104461804,0.006422458051059693,0.32951802731372204,-0.02802504978765266,-0.045232427014158624,0.0,-0.16510563086986896,-0.047359242670671105,0.17908809594699235,Banks—Regional,Financial Services,SFNC
2010Q2,2010,Q2,2010-08-09,2010-06-30,7981000.0,41677000.0,0.0,0.23,41677000.0,1.0,3025125000.0,379144000.0,28878000.0,3202000.0,2645981000.0,0.0,265021000.0,455611000.0,355380000.0,10.926340057636887,9.018738288569644,0.04697161274327507,0.3747784482940519,0.0,10.926340057636887,0.021050049585381807,10.93195287568683,14.271739130434783,1.2016832654611442,0.40972309234431775,0.0,0.007177175265742047,0.013776951365646047,84.69831355402873,0.0026382380893351515,140.2311480455525,1.0,0.5333333333333334,-0.04166665562436985,0.043230861172732234,0.32425852657888476,0.15746938095370344,0.6103712671509282,0.0,-0.07999999999999996,-0.010290415270988763,0.1670586877612648,Banks—Regional,Financial Services,SFNC
2010Q1,2010,Q1,2010-05-06,2010-03-31,4956000.0,36007000.0,0.0,0.15,36007000.0,1.0,3097499000.0,373254000.0,16421000.0,3263000.0,2724245000.0,0.0,260310000.0,471161788.35,186236788.35000002,10.92046621186911,5.032485442844009,0.045987424047594525,0.38163288270185985,0.0,10.92046621186911,0.013277821537076628,13.08528309356514,23.767241139527844,1.262308745117266,0.658999192897498,0.0,0.006931801518619479,0.01162453966893936,136.0073551946062,0.001600000516545768,41.16028552022364,1.0,-0.375,-0.29268291607222374,-0.06373809852415478,0.34396536628139457,-0.04447628904280445,-0.27171197648787654,0.0,-0.3829787213627727,-0.11673494548413664,0.17641929196102749,Banks—Regional,Financial Services,SFNC
2009Q4,2009,Q4,2010-03-02,2009-12-31,6805000.0,37683000.0,0.0,0.24,37683000.0,1.0,3093322000.0,371247000.0,17881000.0,3640000.0,2722075000.0,0.0,258620000.0,399633979.40000004,209511979.40000004,12.912648988826199,4.912362637362637,0.05284383585026066,0.44030793514829747,0.0,12.912648988826199,0.018330114452103318,10.605152970835656,14.681630396767083,1.0764638620648788,0.47714915503306393,0.0,0.008124934733715488,0.01218204894285173,102.0510989010989,0.0021999003013588626,382.79116800766286,1.0,-0.1111111111111112,0.17949525249571552,0.18298019146444494,0.5774732417328574,-0.05219075406207556,-0.11161879895561358,0.0,-0.0014220660822200917,0.1284702010430588,0.4196914567519983,Banks—Regional,Financial Services,SFNC
2009Q3,2009,Q3,2009-11-02,2009-09-30,7660000.0,39758000.0,0.0,0.27,39758000.0,1.0,2915437000.0,297823000.0,19618000.0,3493000.0,2617614000.0,0.0,255062000.0,404578830.0,372741830.0,10.60396638894823,5.616375608359577,0.05661346823820923,0.5541982989896683,0.0,10.60396638894823,0.02571997461579529,10.176035766386638,13.204269908616187,1.3584539474788717,0.3483028720626632,0.0,0.006594512125115395,0.0136370636717583,61.983395362152876,0.002627393423353,34.161853415519715,1.0,0.35000000000000003,0.16056911912398458,0.278768903793787,0.3236825939552594,0.09378524856254643,0.39045198765656197,0.0,0.029183956093496655,0.1909256453264973,0.1704667279962498,Banks—Regional,Financial Services,SFNC
2009Q2,2009,Q2,2009-08-10,2009-06-30,5509000.0,36349000.0,0.0,0.2,36349000.0,1.0,2897831000.0,292215000.0,18131000.0,2647000.0,2605616000.0,0.0,250070000.0,368001200.0,427097200.0,10.60864040660737,6.8496411031356255,0.057067855233793825,0.5659291959687217,0.0,10.60864040660737,0.01885255719247814,10.124107953451265,16.7,1.2593508204575399,0.4841168996188056,0.0,0.007247258976329426,0.012543519618638907,46.999622213826974,0.0019010770469361396,62.62784206943499,1.0,0.05263157894736847,-0.06976743002544518,0.20830134968681951,0.3631462982976465,0.055399088295926366,0.05213903743315508,0.0,-0.2156862664473683,0.12011175471562409,0.22798427974607272,Banks—Regional,Financial Services,SFNC
2009Q1,2009,Q1,2009-05-08,2009-03-31,5236000.0,34441000.0,0.0,0.19,34441000.0,1.0,2943579000.0,292170000.0,19071000.0,1456000.0,2651409000.0,0.0,247228000.0,352458480.0,417411480.0,10.440608919382504,13.098214285714286,0.054993937652089514,0.5540575692233973,0.0,10.440608919382504,0.017921073347708524,10.233688917278824,16.828613445378153,1.206347263579423,0.508594346829641,0.0,0.00755549987050957,0.011700382425611815,79.66826923076923,0.0017787869800674622,52.37902808738297,1.0,-0.050000000000000044,-0.01522675885018755,0.17768129066326613,0.2949395643264665,0.0104444770426874,-0.06932100959829364,0.0,-0.10901466612470229,0.0776822152689739,0.21408300908778014,Banks—Regional,Financial Services,SFNC
2008Q4,2008,Q4,2009-02-26,2008-12-31,5626000.0,34085000.0,0.0,0.2,34085000.0,1.0,2923109000.0,288792000.0,20930000.0,1112000.0,2634317000.0,0.0,244655000.0,410959150.0,437856150.0,10.35467909645034,18.821942446043167,0.054662005419572106,0.5532805617884152,0.0,10.35467909645034,0.019481149062300893,12.056891594543053,18.261604603626022,1.423028165600155,0.4715606114468539,0.0,0.006455629470715034,0.0116605299357636,138.32374100719426,0.0019246630898813557,396.67871621621623,1.0,-0.13043478260869565,0.0679246504999831,0.1898693559501097,0.38824277083207714,-0.043496562368457975,-0.13098548038307076,0.0,-0.15224021185268657,0.04667276512286916,0.21680170053556774,Banks—Regional,Financial Services,SFNC
2008Q3,2008,Q3,2008-11-07,2008-09-30,6474000.0,35635000.0,0.0,0.23,35635000.0,1.0,2860192000.0,280817000.0,23322000.0,23962000.0,2579375000.0,0.0,241682000.0,490371060.8,506393060.8,10.193388231037307,0.9732910441532426,0.05541551056712277,0.564420957420669,0.0,10.193388231037307,0.02305415982650623,13.760938986951032,18.936170095767686,1.7462299675589443,0.4094840902069818,0.0,0.005406110213100895,0.012458953804499838,6.9192471413070695,0.0022634844094382477,42.700371020550335,1.0,0.09523809523809533,9.960136653845906e-09,0.22061897512351578,0.38398793075966886,0.023464874490206216,0.08008008008008008,0.0,-0.07843137690761418,0.1068233142775414,0.215609825148986,Banks—Regional,Financial Services,SFNC
2008Q2,2008,Q2,2008-08-08,2008-06-30,5994000.0,34818000.0,0.0,0.21,34818000.0,1.0,2935442000.0,278151000.0,20863000.0,27851000.0,2657291000.0,0.0,237859000.0,389888793.95,389518793.95,9.97705447132921,0.7490933898244229,0.052956931187875624,0.5588762938116347,0.0,9.97705447132921,0.02154944616413387,11.197908953702107,16.261628042625958,1.4017163121829508,0.44210877544210875,0.0,0.00679680986250618,0.011861246108763178,6.343937381063516,0.002041941213623025,407.8334664748954,1.0,-0.32258064516129037,-0.06521738335286799,0.19472592059705437,0.38116150681407207,0.00020108586366378444,-0.32009981851179675,0.0,-0.10416666381727022,0.0847733057213874,0.20920632014973034,Banks—Regional,Financial Services,SFNC
2008Q1,2008,Q1,2008-05-12,2008-03-31,8816000.0,34811000.0,0.0,0.31,34811000.0,1.0,2861758000.0,280789000.0,19696000.0,30488000.0,2580969000.0,0.0,234515000.0,416031244.23,362137244.23,10.032728413764213,0.6460246654421412,0.049035942242495696,0.49976672875361927,0.0,10.032728413764213,0.03139724134492448,11.951143151015485,11.797619221585753,1.481650791982592,0.30024954627949185,0.0,0.006362502905038123,0.012164201165856791,7.0164982944109155,0.0030806238682655907,31.855378578101075,1.0,0.40909090909090906,0.6578947186135881,0.23848108004788848,0.4007395119753359,-0.01555385877096236,0.42377260981912146,0.0,0.5365853510617771,0.10542471140932286,0.2347128094908103,Banks—Regional,Financial Services,SFNC
2007Q4,2007,Q4,2008-02-27,2007-12-31,6192000.0,35361000.0,0.0,0.22,35361000.0,1.0,2692447000.0,272406000.0,21345000.0,26093000.0,2420041000.0,0.0,229520000.0,371815378.5,352107378.5,9.707450817556756,0.8180354884451768,0.031221413086311448,0.30859085335858977,0.0,9.707450817556756,0.02273077685513535,10.514843429201663,15.011925811531007,1.364930943151032,0.42700258397932817,0.0,0.007111056058699304,0.013133406154327272,4.794964166634729,0.002299766717784974,73.14880552823136,1.0,-0.15384615384615388,0.10290483091347233,0.254588584353047,0.3905044808818028,0.011962338665827204,-0.1744,0.0,0.09960106659401538,0.13734619138551,0.18591033670818902,Banks—Regional,Financial Services,SFNC
2007Q3,2007,Q3,2007-11-09,2007-09-30,7500000.0,34943000.0,0.0,0.26,34943000.0,1.0,2721687000.0,267601000.0,25699000.0,94128000.0,2454086000.0,0.0,225972000.0,398632078.39500004,453955078.39500004,9.455235263994942,0.27302184259731427,0.05410247394355045,0.5502595281781458,0.0,9.455235263994942,0.028026801095661077,11.408066805798015,13.2877359465,1.4896509295368852,0.33453333333333335,0.0,0.006294024329657334,0.012838728332831806,1.2496387897331294,0.0027556438341366954,88.46695037616512,1.0,0.040000000000000036,0.29268289830330335,0.21647405931150346,0.3740467510354189,0.023820685613829475,0.06670459394111791,0.0,0.12765955232120174,0.11532702253011888,0.18028762838651902,Banks—Regional,Financial Services,SFNC
2007Q2,2007,Q2,2007-08-09,2007-06-30,7031000.0,34130000.0,0.0,0.25,34130000.0,1.0,2660418000.0,263305000.0,21868000.0,36467000.0,2397113000.0,0.0,220981000.0,386564380.0,363236380.0,9.362288436922201,0.5996654509556585,0.0352091287910396,0.35575093522720797,0.0,9.362288436922201,0.026702873093940486,11.326234397890419,13.745,1.468123962704848,0.36026169819371356,0.0,0.006552595456415307,0.012828811111637344,3.808018208243069,0.0026428177827694747,34.29117182648807,1.0,0.08695652173913039,0.24999999999999994,0.2548624395759627,0.4135879573329123,0.013210627875909159,0.059364170558987496,0.0,0.16279071246819346,0.11118090288883353,0.20299758849745794,Banks—Regional,Financial Services,SFNC
2007Q1,2007,Q1,2007-05-10,2007-03-31,6637000.0,33685000.0,0.0,0.23,33685000.0,1.0,2691696000.0,262170000.0,21312000.0,30362000.0,2429526000.0,0.0,216483000.0,424626784.355,398090784.355,9.28280102723008,0.701930044134115,0.03291270633830864,0.33791433039630775,0.0,9.28280102723008,0.025315634893389786,12.60581221181535,15.994680742617147,1.6196619916657131,0.38390839234593943,0.0,0.006000563539274527,0.012514414703592085,4.493742177722153,0.002465731642800673,157.38576143624908,1.0,0.0,0.34285716555086565,0.2739810054768195,0.4183840455231697,0.01841214173418793,-0.01674074074074074,0.0,0.23684209764861508,0.14128580134780516,0.1513376672518391,Banks—Regional,Financial Services,SFNC
