Quarters,Year,Quarter,FillingDate,Date,NetIncome,Revenue,OperatingIncome,EPSDiluted,GrossProfit,GrossProfitRatio,TotalAssets,CommonStockEquity,CurrentAssets,CurrentLiability,TotalLiability,Inventory,RetainedEarnings,MarketCap,EnterpriseValue,bookValuePerShare,currentRatio,debtToAssets,debtToEquity,roic,shareholdersEquityPerShare,roe,priceToSalesRatio,peRatio,pbRatio,payoutRatio,inventoryTurnover,dividendYield,assetTurnover,quickRatio,returnOnAssets,priceToFreeCashFlowsRatio,grossProfitMargin,epsdilutedGrowth,fiveYNetIncomeGrowthPerShare,fiveYRevenueGrowthPerShare,fiveYShareholdersEquityGrowthPerShare,grossProfitGrowth,netIncomeGrowth,operatingIncomeGrowth,threeYNetIncomeGrowthPerShare,threeYRevenueGrowthPerShare,threeYShareholdersEquityGrowthPerShare,Industry,Sector,Symbol
2023Q1,2023,Q1,2023-05-05,2023-03-31,2659000.0,125859000.0,3749000.0,0.1,53776000.0,0.4272717883,791373000.0,683137000.0,188716000.0,78380000.0,108236000.0,14273000.0,251420000.0,881136248.8499999,839815248.8499999,25.700896518053856,2.407706047461087,0.02619498011683492,0.03034530408980922,0.0027301901016081646,25.700896518053856,0.0038923378473132036,7.0009792613162345,82.84470184749907,1.2898382738015945,0.0,5.0503047712464095,0.0,0.1590387844922685,2.0839755039550907,0.0033599832190383044,46.043593502116316,0.42727178827100165,1.0235849056603772,-0.8510375137619923,0.18126406452469887,0.4165642136513148,0.10634270784043451,1.0231086777039065,-0.9660748543091903,-0.8084482345945312,0.10148352452003341,0.1709053664715752,Metal Fabrication,Industrials,PRLB
2022Q4,2022,Q4,2023-02-21,2022-12-31,-115065000.0,115607000.0,110508000.0,-4.24,48607000.0,0.4204503188,802168000.0,697648000.0,186568000.0,71581000.0,104520000.0,13578000.0,258236000.0,692803040.13,657598040.13,25.708538225608667,2.606389963817214,0.02661911220592195,0.030607125656491527,0.1471687202622815,25.708538225608667,-0.1649327454532945,5.99274300111585,-1.5052427761048104,0.9930552945468202,0.0,4.934452791280012,0.0,0.14411818970589702,2.2407203028736675,-0.14344252076871677,132.13866872592027,0.4204503187523247,-31.28571428571428,-8.934266791328477,0.20804486291519675,0.4886113469339169,-0.09369406324582338,-30.123006833712985,12.084063461993843,-8.47672639297643,0.01954965236765162,0.1751844651557933,Metal Fabrication,Industrials,PRLB
2022Q3,2022,Q3,2022-11-04,2022-09-30,3951000.0,121721000.0,8446000.0,0.14,53632000.0,0.4406141915,906938000.0,810846000.0,192357000.0,60720000.0,96092000.0,14617000.0,380735000.0,1002010683.71,948383683.71,29.4798451356125,3.1679347826086954,0.006322372642892899,0.007071626424746499,0.006725353498491293,29.4798451356125,0.004872688525318001,8.232028028935025,63.40234647620856,1.2357595446114307,0.0,4.658206198262297,0.0,0.1342109383441867,2.7336627140974965,0.004356416866423063,98.81762166765286,0.44061419147065833,0.5555555555555558,-0.7107807519480314,0.33695433649346906,0.8255098454085139,-0.06600257740935529,0.5451701212358232,-0.4582077105651421,-0.7703473324348075,0.011488367854688536,0.40297999618152075,Metal Fabrication,Industrials,PRLB
2022Q2,2022,Q2,2022-08-05,2022-06-30,2557000.0,126902000.0,15589000.0,0.09,57422000.0,0.4524908985,918649000.0,820698000.0,190676000.0,58916000.0,97951000.0,15051000.0,381079000.0,1317070553.76,1268054553.76,29.8102422895368,3.2364043723267026,0.0061503359825134515,0.006884383780635508,0.00920993054171966,29.8102422895368,0.0031156405888646006,10.378642998219098,128.7710748689871,1.6048175501341542,0.0,4.616304564480766,0.0,0.1381398118323756,2.786017380677575,0.0027834352402277694,127.92060545454545,0.4524908984885975,-0.5263157894736842,-0.7960312878528641,0.49127669406910635,0.9260347879367177,0.028994337323489355,-0.49813542688910695,0.9757921419518377,-0.8455950462117691,0.06855828201814071,0.43547063497602057,Metal Fabrication,Industrials,PRLB
2022Q1,2022,Q1,2022-05-06,2022-03-31,5095000.0,124168000.0,7890000.0,0.19,55804000.0,0.4494233619,934751000.0,832035000.0,188212000.0,60251000.0,102716000.0,14227000.0,381829000.0,1454905578.8999999,1404195578.8999999,30.252582805598863,3.1237987751240643,0.006984747809844547,0.00784702566598761,0.006267219583181362,30.252582805598863,0.006123540476061704,11.71723454432704,71.3888900343474,1.7486110306657772,0.0,4.805229493217122,0.0,0.13283537541013596,2.718627076729017,0.005450649424285184,98.87899815821666,0.449423361896785,-0.5581395348837209,-0.5981115510966448,0.49051111953421384,1.0401591262641583,0.007074279939363315,-0.572208228379513,-0.3898855552118775,-0.6779677546116535,0.07298215529190433,0.5027984094044141,Metal Fabrication,Industrials,PRLB
2021Q4,2021,Q4,2022-02-18,2021-12-31,11910000.0,123582000.0,12932000.0,0.43,55412000.0,0.4483824505,928582000.0,828493000.0,183492000.0,54896000.0,100089000.0,13161000.0,376734000.0,1414967581.95,1356482581.95,30.06649487429976,3.3425386184785775,0.008016524119571562,0.00898498840666125,0.014121731459447154,30.06649487429976,0.014375498646337387,11.449625203913191,29.701250670654915,1.7078811552421083,0.0,5.179697591368437,0.0,0.13308679255036174,2.8942181579714368,0.012826007826987815,84.40512896385111,0.448382450518684,1.5294117647058822,0.2201662107942237,0.6399786297847839,1.0942844222876917,0.0015906297447762273,1.4632885211995863,0.8668976468889852,-0.3939986816424734,0.0753985833463734,0.5014011992042514,Metal Fabrication,Industrials,PRLB
2021Q3,2021,Q3,2021-11-02,2021-09-30,4835000.0,125342000.0,6927000.0,0.17,55324000.0,0.4413843723572306,930311000.0,824621000.0,172123000.0,56063000.0,105690000.0,9813000.0,373151000.0,1845701051.3999999,1805106051.3999999,29.755500522873028,3.0701710575602448,0.0077468717450401,0.008739772574309895,0.005651612567281881,29.755500522873028,0.005863299624918599,14.725319935855499,95.43438735263702,2.2382416302762116,0.0,7.135228778151432,0.0,0.13473128878407328,2.706580097390436,0.00519718674722754,247.11488169768373,0.4413843723572306,-0.6382978723404255,-0.6153659191140377,0.5283416225588168,1.119704656981032,-0.022975717439293598,-0.6256291134339915,-0.5698584202682563,-0.7746908365799486,0.059436067909110754,0.5145661572068967,Metal Fabrication,Industrials,PRLB
2021Q2,2021,Q2,2021-08-03,2021-06-30,12915000.0,123048000.0,16104000.0,0.47,56625000.0,0.4601862687731617,949290000.0,831977000.0,167513000.0,62417000.0,117313000.0,9111000.0,378467000.0,2546140197.6,2516368197.6,29.996576257659253,2.683772049281446,0.012785344836667404,0.01458814366262529,0.014955960667284274,29.996576257659253,0.015523265667199934,20.692251784669395,49.28649240418118,3.0603492615781445,0.0,7.290418175831412,0.0,0.12962108523212085,2.375875162215422,0.013604904718263124,-826.9373814874959,0.4601862687731617,2.615384615384615,0.14845413352135897,0.5605466721001217,1.2168868356163265,0.023405024399060184,2.4792564655172415,2.779394508331378,-0.3141949799657085,0.091308306556443,0.5982075196237465,Metal Fabrication,Industrials,PRLB
2021Q1,2021,Q1,2021-05-10,2021-03-31,3712000.0,116126000.0,4261000.0,0.13,55330000.0,0.4764652188140468,934448000.0,813431000.0,158516000.0,59849000.0,121017000.0,9918000.0,366613000.0,3343758558.0,3316582558.0,29.61793518645553,2.64859897408478,0.01776235809804291,0.020404926785431092,0.0047320600063199235,29.61793518645553,0.004563386445807942,28.794228320961714,225.19925633081897,4.1106849357843505,0.0,6.129864892115346,0.0,0.12427229765594233,2.335795084295477,0.003972398678150095,-27634.368247933886,0.4764652188140468,-0.6388888888888888,-0.667591888802241,0.5278708184804612,1.2596227005453629,0.05134149122140306,-0.6124856456832655,-0.6123191702301883,-0.7987387634642241,0.054838024404321825,0.6324608380063618,Metal Fabrication,Industrials,PRLB
2020Q4,2020,Q4,2021-02-19,2020-12-31,9579000.0,105208000.0,10991000.0,0.36,52628000.0,0.5002281195346362,744204000.0,644356000.0,242002000.0,50254000.0,99848000.0,10862000.0,362901000.0,4107327798.6000004,3993053798.6000004,24.065332801947648,4.815576869502925,0.01791041166131867,0.020685769978086646,0.013583328878120346,24.065332801947648,0.014866005748375122,39.04007108394799,107.19615300657689,6.374314507197885,0.0,4.840729147486651,0.0,0.1413698394526232,4.379910056910893,0.012871470725768741,227.26319917003266,0.5002281195346362,-0.3454545454545455,-0.21950860597996671,0.3938290887234946,0.9217554049148038,-0.036875720586351406,-0.34823433353745664,-0.377950082064633,-0.33056456631286346,0.11422439134258375,0.393464193193042,Metal Fabrication,Industrials,PRLB
2020Q3,2020,Q3,2020-11-03,2020-09-30,14697000.0,107504000.0,17669000.0,0.55,54643000.0,0.5082880636999554,726126000.0,625821000.0,231113000.0,51693000.0,100305000.0,10402000.0,353322000.0,3462403815.5,3357565815.5,23.40680747207893,4.470876134099394,0.018476132241511803,0.021437439779106168,0.021627748859481922,23.40680747207893,0.02348435095658343,32.207209178263135,58.89643831224059,5.5325785096696976,0.0,5.081811190155739,0.0,0.1480514401081906,4.07236956647902,0.02024028887548442,159.01551462753744,0.5082880636999554,0.17021276595744697,0.15796179285540585,0.5459032730996592,0.9431971910170374,0.041692084794875704,0.16578091536448006,0.23120340045989826,0.10676161589882219,0.21473324632124638,0.44944307859485216,Metal Fabrication,Industrials,PRLB
2020Q2,2020,Q2,2020-07-31,2020-06-30,12607000.0,106575000.0,14351000.0,0.47,52456000.0,0.4921979826413324,698445000.0,601249000.0,212967000.0,51103000.0,97196000.0,10774000.0,338625000.0,2998506210.06,2912250210.06,22.552054353973432,4.1674070015458975,0.016818790312766216,0.01953766243270259,0.019155706645331658,22.552054353973432,0.020968018242026182,28.135174384799438,59.46113686959626,4.98712881029324,0.0,5.023111193614256,0.0,0.15258896548761894,3.76735221024206,0.018050097001195513,269.5771113962061,0.4921979826413324,-0.09615384615384624,0.04889309207776116,0.6198363256859453,0.9884358974627402,-0.09714285714285714,-0.09846967963386728,-0.14704309063893017,0.0384705629606303,0.29328641900092656,0.4570844746350256,Metal Fabrication,Industrials,PRLB
2020Q1,2020,Q1,2020-05-05,2020-03-31,13984000.0,115108000.0,16825000.0,0.52,58100000.0,0.5047433714424714,678090000.0,587740000.0,212474000.0,47297000.0,90350000.0,10507000.0,329137000.0,2038518240.78,1957738240.78,21.949593241255137,4.492335666109901,0.0,0.0,0.02197426369593782,21.949593241255137,0.023792833565862457,17.709613934565798,36.4437614555921,3.4684014033075847,0.0,5.425716189207195,0.0,0.16975327758852068,4.063471256105038,0.020622631214145613,226.77920133274,0.5047433714424714,-0.07142857142857148,0.2915072353658913,0.8984048937810393,1.043605570632576,0.026900915550213865,-0.07915185038851574,-0.13991411921071464,0.132956188191561,0.41922550597459995,0.48022611017017597,Metal Fabrication,Industrials,PRLB
2019Q4,2019,Q4,2020-02-26,2019-12-31,15186000.0,111889000.0,19562000.0,0.56,56578000.0,0.5056618613089758,673667000.0,585790000.0,236419000.0,47581000.0,87877000.0,10075000.0,324722000.0,2719258780.7999997,2605938780.7999997,21.876172624695567,4.968769046468128,0.0,0.0,0.025708561478814822,21.876172624695567,0.02592396592635586,24.303182446889327,44.7658827340972,4.642036874647911,0.0,5.489925558312655,0.0,0.16608947744211902,4.584014627687522,0.022542294635183258,167.91767202667654,0.5056618613089758,-0.09677419354838701,0.4363466230075458,0.9238998831818138,1.126823863246001,-0.05095947396672034,-0.0956407813244402,-0.08043059277017817,0.6009805596879096,0.5279382113092929,0.5237867845492711,Metal Fabrication,Industrials,PRLB
2019Q3,2019,Q3,2019-10-29,2019-09-30,16792000.0,117455000.0,21273000.0,0.62,59616000.0,0.5075645992082074,654899000.0,564097000.0,229617000.0,54808000.0,90802000.0,9448000.0,309536000.0,2740979663.0,2631781663.0,21.012306102615543,4.1894796380090495,0.0,0.0,0.02882027068291573,21.012306102615543,0.02976792998367302,23.336423847430932,40.8078201375655,4.859057330565488,0.0,6.121824724809484,0.0,0.17934826591581296,3.8704386220989635,0.025640594961971235,162.41879965631665,0.5075645992082074,0.03333333333333337,0.5515399105700954,1.0649565985183005,1.128106496787893,-0.01029284813068597,0.038723246319435856,0.08685434016246871,0.37898889600838054,0.4784355233137004,0.49686217058884147,Metal Fabrication,Industrials,PRLB
2019Q2,2019,Q2,2019-07-30,2019-06-30,16166000.0,115932000.0,19573000.0,0.6,60236000.0,0.5195804437083807,645527000.0,558113000.0,219316000.0,51433000.0,87414000.0,9688000.0,303628000.0,3052479877.74,2964458877.74,20.7668771225228,4.264110590476931,0.0,0.0,0.02679040449829243,20.7668771225228,0.028965460399596497,26.329916483283302,47.205243686440674,5.4692864666116,0.0,5.74896779521057,0.0,0.17959279782255427,3.9235899130908174,0.025043104316318295,197.12495174297706,0.5195804437083807,0.052631578947368474,0.40662656697622734,1.0905239208293702,1.225376631086488,0.023377505946313284,0.042228096189800786,0.0064273961332784865,0.48357841502907845,0.5173795187419823,0.5347690387841336,Metal Fabrication,Industrials,PRLB
2019Q1,2019,Q1,2019-04-30,2019-03-31,15511000.0,113452000.0,19448000.0,0.57,58860000.0,0.5188097168846737,618596000.0,542795000.0,202751000.0,41443000.0,75801000.0,9356000.0,291173000.0,2921750339.7599998,2848528339.7599998,20.130832330058496,4.892285790121371,0.0,0.0,0.027648808149275332,20.130832330058496,0.028576165955839682,25.7531849571625,47.09158564502611,5.382787866063615,0.0,5.834972210346302,0.0,0.1834024144999321,4.458702314021668,0.0250745235986007,554.7276133966204,0.5188097168846737,-0.1971830985915493,0.4563120980437027,1.3354913439635845,1.2934429806077212,-0.004986898825120446,-0.19573784092087523,-0.03507814438104689,0.41480073596065836,0.5204115487443269,0.5358290653115708,Metal Fabrication,Industrials,PRLB
2018Q4,2018,Q4,2019-02-22,2018-12-31,19286000.0,112769000.0,20155000.0,0.71,59155000.0,0.5245679220353111,618985000.0,541497000.0,215362000.0,52734000.0,77488000.0,10087000.0,291460000.0,3049864947.53,2964818947.53,20.02562332455517,4.083930670914401,0.0,0.0,0.03333219143948148,20.02562332455517,0.03561607912878557,27.045242464950476,39.53470065760137,5.632284107815925,0.0,5.31515812431843,0.0,0.18218373627793888,3.7301930443357225,0.03115745938916129,238.99889879554897,0.5245679220353111,-0.07792207792207799,0.9135192423370098,1.4152209213261382,1.413383344867536,-0.05204877970610387,-0.07885561446243493,-0.1947984499220966,0.5560161522677713,0.47936207644054085,0.5991613404007136,Metal Fabrication,Industrials,PRLB
2018Q3,2018,Q3,2018-10-30,2018-09-30,20937000.0,115430000.0,25031000.0,0.77,62403000.0,0.54061335874556,595864000.0,531206000.0,200532000.0,49368000.0,64658000.0,9608000.0,283460000.0,4271826044.15,4209233044.15,19.64622039208043,4.06198347107438,0.0,0.0,0.03880941093223461,19.64622039208043,0.03941408794328377,37.00793592783505,51.008096242895355,8.04175036454784,0.0,5.519046627810158,0.0,0.19371870091161741,3.6923715767298657,0.035137212518292764,615.4482126710849,0.54061335874556,0.14925373134328354,1.2155680875037949,1.57975742749723,1.5239154738165974,0.05387330484859744,0.1432237632412362,0.13860080058224164,0.6311878504701836,0.6413468944463211,0.6309990298989543,Metal Fabrication,Industrials,PRLB
2018Q2,2018,Q2,2018-08-01,2018-06-30,18314000.0,109652000.0,21984000.0,0.67,59213000.0,0.5400083901798417,566187000.0,506253000.0,193420000.0,44382000.0,59934000.0,9590000.0,262522000.0,3208437160.5,3145832160.5,18.76888694950022,4.3580730926952365,0.0,0.0,0.034893126039252584,18.76888694950022,0.036175588095280424,29.26017911665998,43.79760238751775,6.33761609412685,0.0,5.259541188738269,0.0,0.19366746322328135,3.9689964399981976,0.032346203639433614,207.11620686204893,0.5400083901798417,0.015151515151515164,0.9916614298568286,1.5833083193405582,1.5902442230782154,0.022535746356289285,0.014569829926319871,0.011782032400589101,0.5060585234926517,0.647295515823037,0.6548704601375116,Metal Fabrication,Industrials,PRLB
2018Q1,2018,Q1,2018-05-01,2018-03-31,18051000.0,107745000.0,21728000.0,0.66,57908000.0,0.5374541742076199,543909000.0,487676000.0,174638000.0,41865000.0,56233000.0,9506000.0,244208000.0,3159672059.4,3114577059.4,18.143121413329798,4.171455870058521,0.0,0.0,0.03671356452791152,18.143121413329798,0.03701432918577088,29.32546344981206,43.76034650988865,6.479039484001673,0.0,5.242688828108563,0.0,0.19809379877883984,3.750770333213902,0.03318753688576582,4999.4811066455695,0.5374541742076199,0.24528301886792453,1.0271386012583725,1.6873019895223451,1.6598555629122447,0.09491756163969142,0.2647841928251121,0.15728362183754993,0.6607569947040215,0.7701898975563877,0.6892059721296121,Metal Fabrication,Industrials,PRLB
2017Q4,2017,Q4,2018-02-23,2017-12-31,14272000.0,94178000.0,18775000.0,0.53,52888000.0,0.5615748901017222,518738000.0,461215000.0,165004000.0,43755000.0,57523000.0,11271000.0,224697000.0,2750708627.0,2719001627.0,17.270147966129894,3.7710890183978973,0.009638777186171054,0.010840931019155925,0.029927072022227965,17.270147966129894,0.030944353501078672,29.207549820552572,48.18365728349215,5.964048495820821,0.0,3.6633839055984385,0.0,0.1815521515678435,3.3702662552851104,0.027512925600206656,192.66713083981227,0.5615748901017222,0.08163265306122457,0.7747211762535753,1.5762434523305613,1.7065787707271014,0.07251784555483452,0.07957639939485628,-0.030567460112562606,0.35351772106278845,0.6237074609586577,0.6790214379040903,Metal Fabrication,Industrials,PRLB
2017Q3,2017,Q3,2017-10-31,2017-09-30,13220000.0,88105000.0,19367000.0,0.49,49312000.0,0.5596958174904944,477570000.0,429839000.0,234829000.0,35763000.0,47731000.0,9789000.0,210426000.0,2137373124.6999998,2018090124.6999998,16.1488283450016,6.566255627324329,0.0,0.0,0.03030042079479914,16.1488283450016,0.03075570155337231,24.259385105272116,40.41931022503782,4.972496969097731,0.0,3.962917560527122,0.0,0.18448604393073267,6.116936498615888,0.027681805808572567,245.39301087256024,0.5596958174904944,0.08888888888888884,0.7824641871303973,1.4531613004822341,1.7599654965414766,0.06346912808126119,0.09382756908820122,0.18077063772710644,0.2319902001552048,0.5622669544602268,0.6355380674866795,Metal Fabrication,Industrials,PRLB
2017Q2,2017,Q2,2017-08-01,2017-06-30,12086000.0,82040000.0,16402000.0,0.45,46369000.0,0.5651999024865919,454653000.0,410804000.0,204921000.0,31050000.0,43849000.0,9327000.0,197206000.0,1784948020.5,1685752020.5,15.477520175775897,6.599710144927537,0.0,0.0,0.02745676711565426,15.477520175775897,0.029420356179589293,21.757045593612872,36.921810783137516,4.345011296141226,0.0,3.824488045459419,0.0,0.18044530664044886,6.108824476650564,0.026582910483379633,117.84946655882742,0.5651999024865919,-0.021739130434782625,1.1174840752111082,1.4695718686680306,1.851036443733823,0.024208689505886512,-0.009344262295081967,-0.07239000113109377,0.06482071580953512,0.4979424396850007,0.6585696300473449,Metal Fabrication,Industrials,PRLB
2017Q1,2017,Q1,2017-05-02,2017-03-31,12200000.0,80167000.0,17682000.0,0.46,45273000.0,0.5647336185712325,432032000.0,392463000.0,171808000.0,28072000.0,39569000.0,8943000.0,186641000.0,1352449954.1000001,1280561954.1000001,14.828540782010442,6.120262182958108,0.0,0.0,0.03054164191461392,14.828540782010442,0.031085732922593978,16.87040745069667,27.714138403688526,3.4460572183874656,0.0,3.901822654590182,0.0,0.1855580142211688,5.573275862068965,0.02823864898896378,123.1739484608379,0.5647336185712325,0.31428571428571445,1.0180031602883592,1.1158285449813252,1.4945135695297431,0.12306509228021432,0.30174989329918905,0.19223248600903514,0.16693937384601493,0.6812625568970878,0.6893694315051879,Metal Fabrication,Industrials,PRLB
2016Q4,2016,Q4,2017-02-22,2016-12-31,9372000.0,72353000.0,14831000.0,0.35,40312000.0,0.557157270603845,414241000.0,379833000.0,157784000.0,23427000.0,34408000.0,9310000.0,176703000.0,1358582457.7,1289787457.7,14.356452521122524,6.735134673667136,0.0,0.0,0.024489066170630246,14.356452521122524,0.02467400146906667,18.777140653462883,36.2404624866624,3.5767888985422545,0.0,3.4415682062298605,0.0,0.17466402408259926,6.094549024629701,0.022624510852378207,84.09671666357166,0.557157270603845,-0.2222222222222223,0.4142834715861138,0.3756122926107166,2.968610200923653,-0.09866964784795976,-0.21782674011016526,-0.1246015818675481,-0.04964161988723968,0.5837554893038464,0.7301645419133677,Metal Fabrication,Industrials,PRLB
2016Q3,2016,Q3,2016-11-02,2016-09-30,11982000.0,78173000.0,16942000.0,0.45,44725000.0,0.5721284842592711,404045000.0,370817000.0,159829000.0,25186000.0,33228000.0,9930000.0,167331000.0,1582585016.31,1514367016.31,14.037569066462305,6.3459461605653935,0.0,0.0,0.031162820299601386,14.037569066462305,0.03231243443531445,20.244649895871976,33.02005125,4.267832964265392,0.0,3.3683786505538773,0.0,0.19347597421079335,5.737592313189867,0.029655112673093342,143.2203634669683,0.5721284842592711,0.12499999999999997,0.0658589726382,0.4179043267751232,8.956895943054567,0.05868011172655399,0.12075577588625946,0.1407985994209144,0.2978251722931548,0.7882703871999063,0.8033818757268665,Metal Fabrication,Industrials,PRLB
2016Q2,2016,Q2,2016-08-04,2016-06-30,10691000.0,74961000.0,14851000.0,0.4,42246000.0,0.5635730579901549,388023000.0,356784000.0,148407000.0,23679000.0,31239000.0,9901000.0,155349000.0,1517742137.56,1460411137.56,13.530946088783901,6.2674521728113515,0.0,0.0,0.02791249198408259,13.530946088783901,0.029964908740302255,20.247090321100305,35.49111723786362,4.253952356495807,0.0,3.3042116957883043,0.0,0.1931870018014396,5.618396047130369,0.027552490445154024,277.11194770129634,0.5635730579901549,0.0,0.07449883630544613,0.41927273058714776,6.970718416349116,0.06536541080344985,0.0027199399737385106,-0.019282836954368356,0.1893303937323372,0.8065373357265676,0.8673699209525341,Metal Fabrication,Industrials,PRLB
2016Q1,2016,Q1,2016-05-05,2016-03-31,10662000.0,72568000.0,15143000.0,0.4,39654000.0,0.546439201852056,374835000.0,343706000.0,144148000.0,23936000.0,31129000.0,9920000.0,144658000.0,2021465389.3200002,1970839389.3200002,13.107469304192776,6.022225935828877,0.0,0.0,0.02979112307418659,13.107469304192776,0.031020697922061295,27.856154080586485,47.39883205120991,5.881379403676398,0.0,3.3179435483870967,0.0,0.19359985060093107,5.331341911764706,0.02844451558685822,233.18322636059526,0.546439201852056,-0.11111111111111108,0.5792163547145299,1.2728987903909108,8.552241630098175,-0.03924989097252508,-0.1109814058200617,-0.0854019447967627,0.22736000649497248,0.8553062780692179,0.9216084349655509,Metal Fabrication,Industrials,PRLB
2015Q4,2015,Q4,2016-02-26,2015-12-31,11993000.0,73759000.0,16557000.0,0.45,41274000.0,0.5595791699995932,361036000.0,327645000.0,138002000.0,26262000.0,33391000.0,9771000.0,133996000.0,1666406814.6,1618753814.6,12.522578440732692,5.254816845632472,0.0,0.0,0.03529888090678045,12.522578440732692,0.0366036411359856,22.592589576865194,34.73707192945885,5.086013260083321,0.0,3.3246341213795927,0.0,0.20429818633044905,4.683839768486787,0.03321829402054089,9802.393027058823,0.5595791699995932,-0.042553191489361625,1.4182573897880018,1.826275622258302,7.364788985221849,0.023533787972721636,-0.03141657244387013,-0.04866697310962997,0.5221964641785182,1.0594442430902544,0.9625393499189125,Metal Fabrication,Industrials,PRLB
2015Q3,2015,Q3,2015-11-03,2015-09-30,12382000.0,67842000.0,17404000.0,0.47,40325000.0,0.594395802010554,341926000.0,314188000.0,142540000.0,24534000.0,27738000.0,7228000.0,122002000.0,1747588135.0,1683496135.0,12.045513229580264,5.809896470204614,0.00011405976731807467,0.00012412950208155627,0.03810625404947407,12.045513229580264,0.03940952550702127,25.759678886235665,35.284851700048456,5.562237052338091,0.0,3.807000553403431,0.0,0.1984113521639185,5.2628597048993235,0.036212513818779504,915.4469015191199,0.594395802010554,0.06818181818181812,1.6056089300692913,1.699075049172813,0.0,0.07390146471371505,0.05955844600376519,0.0032858707557502738,0.7036511534336584,0.9276345694704589,1.0586757250451237,Metal Fabrication,Industrials,PRLB
2015Q2,2015,Q2,2015-08-06,2015-06-30,11686000.0,63969000.0,17347000.0,0.44,37550000.0,0.5870030796166893,319391000.0,293987000.0,131165000.0,21448000.0,25404000.0,6828000.0,109621000.0,1749156570.2800002,1692903570.2800002,11.341604918091667,6.1154886236478925,0.00022229806099733555,0.00024150727753268001,0.03982310372638308,11.341604918091667,0.03975005697530843,27.343816071534654,37.41991635889098,5.94977522910877,0.0,3.8692149970708845,0.0,0.20028429104138815,5.592036553524804,0.036588382264998075,597.185582205531,0.5870030796166893,0.09999999999999995,2.323923797192657,1.8777216450980494,0.0,0.0651273614341635,0.11795656749258586,0.09506975569724134,1.0964432850718282,0.9717200484083549,1.0891802165128892,Metal Fabrication,Industrials,PRLB
2015Q1,2015,Q1,2015-05-05,2015-03-31,10453000.0,58536000.0,15841000.0,0.4,35254000.0,0.6022618559518929,303872000.0,277648000.0,121212000.0,22532000.0,26224000.0,6386000.0,97935000.0,1809519180.0,1757061180.0,10.740621163241828,5.379549085744719,0.0003126316343723673,0.00034215985708523024,0.03875351956935523,10.740621163241828,0.03764838932749381,30.912928454284543,43.27750837080264,6.5173139370714,0.0,3.64578766050736,0.0,0.19263374052232518,4.881501864015622,0.034399352358887955,196.96518776532056,0.6022618559518929,0.025641025641025664,3.511938289220658,2.1434948518448245,0.0,0.04885160061882661,0.025507701363680958,0.080338266384778,0.7702643126045661,0.5817689088052721,0.8068281721549508,Metal Fabrication,Industrials,PRLB
2014Q4,2014,Q4,2015-02-27,2014-12-31,10193000.0,56069000.0,14663000.0,0.39,33612000.0,0.5994756460789384,287514000.0,265539000.0,108344000.0,18759000.0,21975000.0,6194000.0,87482000.0,1733800746.6799998,1690620746.6799998,10.285841250298798,5.775574390959006,0.0005182356337430525,0.000561122848244514,0.03828560203438566,10.285841250298798,0.038386075115143165,30.922626525887743,42.52429968311586,6.529363847419775,0.0,3.625605424604456,0.0,0.19501311240496114,5.2380723919185455,0.035452186676127075,180.09771960943178,0.5994756460789384,-0.025000000000000022,1.0830418721750137,1.177426924711275,6.227933640303222,0.016020796807931805,-0.018393682588597842,-0.05050832092210063,0.5763885315901225,0.09249478322675447,1.8433552405065436,Metal Fabrication,Industrials,PRLB
2014Q3,2014,Q3,2014-11-04,2014-09-30,10384000.0,54574000.0,15443000.0,0.4,33082000.0,0.6061860959431231,279426000.0,254323000.0,97598000.0,20095000.0,25103000.0,5705000.0,77290000.0,1777273917.0,1743211917.0,9.873709861010694,4.856830057228167,0.0007372255981905764,0.0008099935908274123,0.040945400729406674,9.873709861010694,0.040829968190057526,32.566312108329974,42.788759557973805,6.988254766576361,0.0,3.767221735319895,0.0,0.19530752327986659,4.337546653396367,0.037161896172868664,183.52683983890955,0.6061860959431231,-0.04761904761904753,1.2127997922034501,1.1986753767243403,0.0,0.012208181623473978,-0.05220883534136546,-0.03324151746588206,-0.05267813095512685,0.015169096952795405,6.59670136360535,Metal Fabrication,Industrials,PRLB
2014Q2,2014,Q2,2014-08-05,2014-06-30,10956000.0,52866000.0,15974000.0,0.42,32683000.0,0.6182234328301744,264957000.0,239082000.0,86696000.0,21308000.0,25875000.0,5755000.0,66905000.0,2098790809.6000001,2076207809.6000001,9.331848295892215,4.068706589074526,0.0010228074744203777,0.001133502313013945,0.04596330468168977,9.331848295892215,0.045825281702512106,39.70020068853328,47.89135655348667,8.778539620715904,0.0,3.507037358818419,0.0,0.19952671565574792,3.536089731556223,0.0413501058662349,-191.11189306137317,0.6182234328301744,0.07692307692307684,2.152910203822957,1.4061908725524404,0.0,0.1260680815876516,0.08453771530390022,0.10562015503875968,0.13328108393644758,0.030160598232983008,5.117808031549656,Metal Fabrication,Industrials,PRLB
2014Q1,2014,Q1,2014-05-06,2014-03-31,10102000.0,46074000.0,14448000.0,0.39,29024000.0,0.6299431349568086,246201000.0,224476000.0,110674000.0,16841000.0,21725000.0,5346000.0,55949000.0,1730582497.17,1686695497.17,8.777559547054528,6.571700017813669,0.0012753806848875512,0.0013988132361588766,0.04462161339358514,8.777559547054528,0.04500258379514959,37.56093452207319,42.82771968842803,7.709432176134643,0.0,3.1893004115226335,0.0,0.18713977603665297,5.965560239890743,0.041031514900426884,322.02874900818756,0.6299431349568086,0.08333333333333341,3.407563572662247,1.5010055161958702,0.0,0.05102299474923049,0.06258546334280005,0.04137235116044399,0.5342016755148705,0.479663617238067,6.057440844109104,Metal Fabrication,Industrials,PRLB
2013Q4,2013,Q4,2014-02-28,2013-12-31,9507000.0,44042000.0,13874000.0,0.36,27615000.0,0.6270151219290677,230175000.0,211643000.0,109795000.0,13663000.0,18532000.0,5166000.0,45847000.0,1815524696.2600002,1772848696.2600002,8.297738263232409,8.035936470760449,0.0015770609318996416,0.0017151524028670923,0.0443508512529341,8.297738263232409,0.04491998317922161,41.22257609236638,47.741787531818666,8.578241171501066,0.0,3.1798296554394114,0.0,0.1913413706962094,7.363316987484447,0.04130335614206582,233.83883259402373,0.6270151219290677,0.058823529411764594,0.9664539951296274,0.7311397629172542,5.2174503717451195,0.06395684839144673,0.07157348963029757,0.03521862408595732,0.9664539951296274,0.7311397629172542,5.2174503717451195,Metal Fabrication,Industrials,PRLB
2013Q3,2013,Q3,2013-11-05,2013-09-30,8872000.0,42008000.0,13402000.0,0.34,25955000.0,0.6178585031422587,216379000.0,197597000.0,104313000.0,14532000.0,18782000.0,4966000.0,36340000.0,1939155566.6,1900174566.6,7.784024701259881,7.178158546655657,0.0018532297496522306,0.0020293830371918603,0.04470512654571088,7.784024701259881,0.044899467097172525,46.1615779518187,54.642571195897204,9.813689310060376,0.0,3.2325815545710834,0.0,0.19414083621793243,6.538329204514175,0.04100213052098402,226.93453090696312,0.6178585031422587,0.030303030303030328,0.918351168613482,0.7172616318950804,0.0,0.044340723453908985,0.030310068517013122,0.061208330034048616,0.918351168613482,0.7172616318950804,0.0,Metal Fabrication,Industrials,PRLB
2013Q2,2013,Q2,2013-08-06,2013-06-30,8611000.0,39749000.0,12629000.0,0.33,24853000.0,0.625248433922866,198200000.0,183026000.0,96641000.0,10887000.0,15174000.0,4875000.0,27468000.0,1662795493.56,1627770493.56,7.245991239851313,8.87673371911454,0.002124117053481332,0.002300219640925333,0.04651275872285265,7.245991239851313,0.047047960399068986,41.832385558378824,48.275330785042385,9.08502340410652,0.0,3.0555897435897434,0.0,0.2005499495459132,8.085331128869294,0.0434460141271443,347.7196766122961,0.625248433922866,0.03125000000000003,1.5134913450434802,0.8350337535269535,0.0,0.06761458825550926,0.03909738144081091,0.10839038090222924,1.5134913450434802,0.8350337535269535,0.0,Metal Fabrication,Industrials,PRLB
2013Q1,2013,Q1,2013-05-08,2013-03-31,8287000.0,37313000.0,11394000.0,0.32,23279000.0,0.6238844370594699,189000000.0,170629000.0,94232000.0,14010000.0,18371000.0,4717000.0,18857000.0,1189208678.78,1161775678.78,6.821092718833614,6.726052819414703,0.002624338624338624,0.0029068915600513395,0.048413841557243445,6.821092718833614,0.04856735959303518,31.871162296786643,35.87572941896947,6.969557805414085,0.0,2.9751960992156032,0.0,0.19742328042328042,6.016773733047823,0.04384656084656085,138.32833299755728,0.6238844370594699,0.10344827586206906,2.6964581843809707,1.0706950136055604,0.0,0.10825993810997382,0.12062204192021636,0.10966108297623685,2.6964581843809707,1.0706950136055604,0.0,Metal Fabrication,Industrials,PRLB
2012Q4,2012,Q4,2013-03-22,2012-12-31,7395000.0,33616000.0,10268000.0,0.29,21005000.0,0.6248512613041409,172722000.0,156699000.0,90156000.0,11539000.0,16023000.0,4619000.0,10570000.0,968071550.76,931941550.76,6.380803748597497,7.8131553860819825,0.0036416901147508715,0.0040140651822921656,0.04630246765057303,6.380803748597497,0.047192387953975456,28.79793999167063,32.72723295334686,6.1779050967778995,0.0,2.730244641697337,0.0,0.1946248885492294,6.895224889505156,0.0428144648626116,314.0030978786896,0.6248512613041409,0.11538461538461527,0.588663123779531,0.3723486963732485,4.243139550544465,0.06656849801970144,0.10340196956132498,0.07260002089209235,0.588663123779531,0.3723486963732485,4.243139550544465,Metal Fabrication,Industrials,PRLB
2012Q3,2012,Q3,2012-10-30,2012-09-30,6702000.0,32454000.0,9573000.0,0.26,19694000.0,0.6068281259629014,156921000.0,140733000.0,82813000.0,10735000.0,16188000.0,4343000.0,3175000.0,814895616.9200001,779341616.9200001,5.8510979087375405,7.71429902189101,0.004690258155377547,0.0052297613210831855,0.045869780784490964,5.8510979087375405,0.04762209289931999,25.109250536759724,30.397478995822148,5.790366274576681,0.0,2.9380612479852637,0.0,0.20681744317204198,6.8507685142058685,0.042709388800734126,135.54484646041251,0.6068281259629014,0.3,0.5294263293384704,0.40020058361698546,0.0,0.11190153568202349,0.30237077341624563,0.28221269756228234,0.5294263293384704,0.40020058361698546,0.0,Metal Fabrication,Industrials,PRLB
2012Q2,2012,Q2,2012-07-25,2012-06-30,5146000.0,29951000.0,7466000.0,0.2,17712000.0,0.5913658976328002,144975000.0,129909000.0,80819000.0,9567000.0,15066000.0,3986000.0,-3527000.0,688223521.36,644647521.36,5.4287345957268665,8.44768474966029,0.005587170201758924,0.006235133824446343,0.038475346580755285,5.4287345957268665,0.03961234402543319,22.97831529364629,33.43487764088613,5.297735502236181,0.0,3.0704967385850477,0.0,0.2065942403862735,7.56475384132957,0.03549577513364373,-2066.7373013813813,0.5913658976328002,-0.09090909090909087,0.5855061860539542,0.4594980902187674,0.0,-0.0008461668641056016,0.07611877875365956,-0.02251898402723226,0.5855061860539542,0.4594980902187674,0.0,Metal Fabrication,Industrials,PRLB
2012Q1,2012,Q1,2012-03-31,2012-03-31,4782000.0,29970000.0,7638000.0,0.22,17727000.0,0.5914914914914915,143775000.0,124447000.0,102676000.0,13694000.0,19328000.0,3905000.0,-8673000.0,713672377.32,634908377.32,5.944461863483014,7.497882284212063,0.0036584941749260996,0.0042266989160044035,0.04139108577972598,5.944461863483014,0.03842599660899821,23.81289213613614,37.310350131744045,5.734749550571729,0.0,3.1352112676056336,0.0,0.2084507042253521,6.897984518767343,0.033260302556077204,-836.6616381242674,0.5914914914914915,-0.12164026006191943,1.5487370767714932,0.9873287648694155,0.0,0.2171793463334249,0.4804953560371517,0.5610055180870631,1.5487370767714932,0.9873287648694155,0.0,Metal Fabrication,Industrials,PRLB
2011Q4,2011,Q4,2011-12-31,2011-12-31,3230000.0,25637000.0,4893000.0,0.25046685315461836,14564000.0,0.5680851893747318,62326000.0,46651000.0,28077000.0,9939000.0,15675000.0,3797000.0,-27744000.0,373981622.0,366849622.0,3.617501289943066,2.8249320857229097,0.009835381702660207,0.013140125613598851,0.07023427164431384,3.617501289943066,0.06923752974212771,14.587573507040606,28.9459459752322,8.016583181496644,0.0,2.9162496707927312,0.0,0.4113371626608478,2.0040245497534963,0.05182427879215737,-79.23339449152543,0.5680851893747318,0.1384856961573562,0.3214013109279752,0.9930776404076759,2.838649482071704,-0.12317880794701987,-0.41144314868804666,-0.408200290275762,0.3214013109279752,0.9930776404076759,2.838649482071704,Metal Fabrication,Industrials,PRLB
2011Q3,2011,Q3,2011-09-30,2011-09-30,5488000.0,26915000.0,8268000.0,0.22,16610000.0,0.6171279955415196,57758000.0,-22751000.0,31137000.0,10436000.0,80509000.0,2860000.0,-29921000.0,373981622.0,362732622.0,-1.7642016644336602,2.983614411651974,0.012413864746009211,-0.031515098237440115,-0.24843860725097272,-1.7642016644336602,-0.241220166146543,13.8949144343303,17.03633482142857,-16.438030064612544,0.0,3.6031468531468533,0.0,0.4659960524948925,2.414718282866999,0.0950171404827037,72.4068968054211,0.6171279955415196,0.29411764705882343,1.3358478934245244,1.1658218156207105,0.0,0.14275885792913656,0.21121165305672038,0.24611906556141672,1.3358478934245244,1.1658218156207105,0.0,Metal Fabrication,Industrials,PRLB
2011Q2,2011,Q2,2011-06-30,2011-06-30,4531000.0,24052000.0,6635000.0,0.17,14535000.0,0.6043156494262432,48340000.0,-27212000.0,24317000.0,7703000.0,75552000.0,1995000.0,-34356000.0,348222546.0,342046546.0,-2.2662174206261763,3.15682201739582,0.023231278444352504,-0.04126855798912245,-0.17165675937340316,-2.2662174206261763,-0.16650742319564898,14.477903958090803,19.213338446259105,-12.79665390268999,0.0,4.770426065162908,0.0,0.49755895738518824,2.608983512917045,0.09373189904840712,986.4661359773371,0.6043156494262432,0.39262074841077405,1.7821078534826817,1.3357434527002283,0.0,0.04523227383863081,-0.04065212788481897,-0.06192563268768556,1.7821078534826817,1.3357434527002283,0.0,Metal Fabrication,Industrials,PRLB
2011Q1,2011,Q1,2011-03-31,2011-03-31,4723000.0,22335000.0,7073000.0,0.122072,13906000.0,0.6226102529661965,45574000.0,-31837000.0,24687000.0,10110000.0,77411000.0,1771000.0,-37845000.0,531970026.0,526700026.0,-1.735573349766139,2.4418397626112758,0.03159696318076096,-0.045230392310833305,-0.17424195433522444,-1.735573349766139,-0.14834940478060119,23.81777595701813,28.158481156044886,-16.709175676100134,0.0,4.759457933370977,0.0,0.4900820643349278,2.0701285855588525,0.10363365076578751,142.46653079807177,0.6226102529661965,-0.3559782510301984,1.8728710462287108,0.690252762221886,0.0,0.2520032411992437,0.35835490365257405,0.5951736580965269,1.8728710462287108,0.690252762221886,0.0,Metal Fabrication,Industrials,PRLB
2010Q4,2010,Q4,2010-12-31,2010-12-31,3477000.0,18297000.0,4434000.0,0.18954639372858198,11107000.0,0.6070394053670001,38354000.0,-36091000.0,18887000.0,8463000.0,74445000.0,1606000.0,-41537000.0,531970026.0,530901026.0,-1.9674773931717724,2.2317145220371026,0.03363404077801533,-0.03574298301515613,-0.1386144766913111,-1.9674773931717724,-0.09633980770829292,29.074166584686015,38.24921095772218,-14.739686514643541,0.0,4.476961394769614,0.0,0.4770558481514314,1.7988892827602505,0.09065547270167389,2686.717303030303,0.6070394053670001,0.04039497307001787,0.0,0.0,0.0,0.018990825688073393,0.04039497307001795,-0.15106260769672603,0.0,0.0,0.0,Metal Fabrication,Industrials,PRLB
2010Q3,2010,Q3,2010-09-30,2010-09-30,3342000.0,17677000.0,5223000.0,0.18218695652600547,10900000.0,0.6166204672738587,,,,,,,,531970026.0,,,0.0,0.0,0.0,0.0,,0.0,30.093908808055666,39.7942868043088,0.0,0.0,0.0,0.0,0.0,0.0,0.0,181.12700919305414,0.6166204672738587,0.34324758842443726,0.0,0.0,0.0,0.13588995414756147,0.3432475884244373,0.24120722433460076,0.0,0.0,0.0,Metal Fabrication,Industrials,PRLB
2010Q2,2010,Q2,2010-06-30,2010-06-30,2488000.0,15731000.0,4208000.0,0.13563170192600288,9596000.0,0.6100057211874642,,,,,,,,531970026.0,,,0.0,0.0,0.0,0.0,,0.0,33.81666937893332,53.4535797829582,0.0,0.0,0.0,0.0,0.0,0.0,0.0,200.59201583710407,0.6100057211874642,5.792112871250582,0.0,0.0,0.0,0.21884923155087005,0.51338199513382,0.4848270995059986,0.0,0.0,0.0,Metal Fabrication,Industrials,PRLB
2010Q1,2010,Q1,2010-03-31,2010-03-31,1644000.0,13214000.0,2834000.0,0.019969,7873000.0,0.5958074769184198,,,,,,,,531970026.0,,,0.0,0.0,0.0,0.0,,0.0,40.25806160133192,80.8956852189781,0.0,0.0,0.0,0.0,0.0,0.0,0.0,460.18168339100345,0.5958074769184198,0.0,0.0,0.0,0.0,0.0,0.0,0.0,0.0,0.0,0.0,Metal Fabrication,Industrials,PRLB
