Quarters,Year,Quarter,FillingDate,Date,NetIncome,Revenue,OperatingIncome,EPSDiluted,GrossProfit,GrossProfitRatio,TotalAssets,CommonStockEquity,CurrentAssets,CurrentLiability,TotalLiability,Inventory,RetainedEarnings,MarketCap,EnterpriseValue,bookValuePerShare,currentRatio,debtToAssets,debtToEquity,roic,shareholdersEquityPerShare,roe,priceToSalesRatio,peRatio,pbRatio,payoutRatio,inventoryTurnover,dividendYield,assetTurnover,quickRatio,returnOnAssets,priceToFreeCashFlowsRatio,grossProfitMargin,epsdilutedGrowth,fiveYNetIncomeGrowthPerShare,fiveYRevenueGrowthPerShare,fiveYShareholdersEquityGrowthPerShare,grossProfitGrowth,netIncomeGrowth,operatingIncomeGrowth,threeYNetIncomeGrowthPerShare,threeYRevenueGrowthPerShare,threeYShareholdersEquityGrowthPerShare,Industry,Sector,Symbol
2023Q1,2023,Q1,2023-05-01,2023-03-31,4453000000.0,30139000000.0,7250000000.0,0.6,17808000000.0,0.5908623378,400873000000.0,108346000000.0,29903000000.0,58150000000.0,292527000000.0,2791000000.0,-15187000000.0,186177340000.0,339253340000.0,14.496387476585497,0.5142390369733448,0.3888937394137295,1.438880992376276,0.019805350906482735,14.496387476585497,0.04109980986838462,6.17728989017552,10.452354592409613,1.7183591456998875,0.45227936222771165,4.41812970261555,0.010817643006393795,0.07518341220286724,0.2241616509028375,0.01110825623077633,79.46109261630389,0.5908623378346992,1.6666666666666665,-0.4627908605789081,-0.34279743459019674,-0.44355244151981854,-0.7452105361051894,1.6478033168460866,4.31524926686217,-0.4627908605789081,-0.34279743459019674,-0.44355244151981854,,Industrials,TBC
2022Q4,2022,Q4,2023-02-13,2022-12-31,-6874000000.0,120741000000.0,1364000000.0,-0.9,69893000000.0,0.5788671619,402853000000.0,106457000000.0,33108000000.0,56173000000.0,296396000000.0,3123000000.0,-19415000000.0,173586900000.0,324434900000.0,13.921407087746829,0.589393480853791,0.38363621469866177,1.4517504720215675,0.01083591203535128,13.921407087746829,-0.06457067172661263,1.437679827067856,-6.313169188245563,1.6305823008350788,-1.4342449810881583,16.281780339417228,0.056795760509577624,0.2997147843009733,0.27000516262261226,-0.017063296040987656,10.724508834795502,0.5788671619416769,-2.0843373493975905,-1.4828328458581441,0.33181839209558317,-0.45777272222482374,2.9173298957515974,-2.0832020170185945,-0.8367249221929615,-1.4828328458581441,0.33181839209558317,-0.45777272222482374,,Industrials,TBC
2022Q3,2022,Q3,2022-11-03,2022-09-30,6346000000.0,30043000000.0,8354000000.0,0.83,17842000000.0,0.5938821023,426463000000.0,139978000000.0,32295000000.0,52257000000.0,286485000000.0,3935000000.0,6127000000.0,187810320000.0,337608320000.0,18.304956191970707,0.6180033296974567,0.35693835104100474,1.0874637443026762,0.02350392503186217,18.304956191970707,0.045335695609310035,6.251383683387145,7.398767727702489,1.341713126348426,1.7836432398361173,3.100635324015248,0.06026825362951302,0.07044690864154686,0.26421340681631167,0.014880540633067816,11.020438915620232,0.593882102320008,0.25757575757575746,-0.05133383244077903,-0.2943007761433999,-0.27599189835456706,0.031210264709282162,0.3357187960429383,0.16545758928571427,-0.05133383244077903,-0.2943007761433999,-0.27599189835456706,,Industrials,TBC
2022Q2,2022,Q2,2022-08-04,2022-06-30,4751000000.0,29643000000.0,7168000000.0,0.66,17302000000.0,0.5836791148,426433000000.0,136507000000.0,34485000000.0,47989000000.0,289926000000.0,3241000000.0,2128000000.0,179955930000.0,330643930000.0,19.06256109481916,0.7186021796661735,0.362790872188597,1.1333191704454717,0.017550934255508965,19.06256109481916,0.0348040759814515,6.070773201093007,9.469371185013681,1.3182908568791343,1.5935592506840666,3.8077753779697625,0.042071411595049964,0.06951385094493157,0.32080268394840483,0.011141257829483178,14.748068349450909,0.5836791147994468,-0.40540540540540543,1.5387590972505074,-0.3260439310578648,-0.23991845461701575,-0.518666889222723,-0.401787962729791,0.7725024727992087,1.5387590972505074,-0.3260439310578648,-0.23991845461701575,,Industrials,TBC
2022Q1,2022,Q1,2022-05-03,2022-03-31,7942000000.0,43939000000.0,4044000000.0,1.11,35946000000.0,0.8180887139,577195000000.0,186556000000.0,76856000000.0,82494000000.0,390639000000.0,3153000000.0,45041000000.0,182390670000.0,372300670000.0,26.051668761346182,0.9316556355613742,0.39583676227271547,1.2246992860052746,0.007689354168150154,26.051668761346182,0.042571667488582515,4.1509972916998565,5.7413331024930745,0.977672495122108,0.4710400402921179,2.535045987947986,0.020510917581474972,0.07612505305832518,0.6762067544306253,0.013759647952598342,30.945142517814727,0.8180887138988142,-0.4032258064516129,0.0,0.0,0.0,-0.48256056658365604,-0.4042904290429043,-0.3555378486055777,0.0,0.0,0.0,,Industrials,TBC
2021Q4,2021,Q4,2022-02-16,2021-12-31,13332000000.0,84897000000.0,6275000000.0,1.86,69469000000.0,0.8182739084,551622000000.0,183855000000.0,59997000000.0,85588000000.0,367767000000.0,3464000000.0,42350000000.0,194564370000.0,372010370000.0,25.674486803519063,0.7009978034303874,0.360056342930485,1.080280655951701,0.01324843520464236,25.674486803519063,0.07251366566043893,2.291769673840065,3.648446782178218,1.0582490005711023,0.2866786678667867,4.453810623556582,0.01964388443783412,0.15390430403428434,0.45263354675889145,0.02416872423507402,-35.88424382146809,0.8182739083830995,1.1379310344827587,0.0,0.0,0.0,1.152542372881356,1.125298900047824,-0.3380103386433168,0.0,0.0,0.0,,Industrials,TBC
2021Q3,2021,Q3,2021-11-04,2021-09-30,6273000000.0,39922000000.0,9479000000.0,0.87,32273000000.0,0.8084013827,547107000000.0,181303000000.0,57230000000.0,81601000000.0,365804000000.0,3088000000.0,41091000000.0,193473580000.0,372874580000.0,25.28280574536327,0.7013394443695543,0.36678565618791203,1.1068266934358504,0.019926993245541192,25.28280574536327,0.0345995377903289,4.846289765041831,7.7105683086242625,1.0671283983166302,1.8043998087039694,2.4770077720207255,0.05850411203431497,0.07296927292101911,0.5662062964914646,0.011465764466548591,10.74435386238685,0.8084013826962577,2.346153846153846,0.0,0.0,0.0,-0.10078016160490387,2.3473852721451443,1.1998143420747274,0.0,0.0,0.0,,Industrials,TBC
2021Q2,2021,Q2,2021-08-05,2021-06-30,1874000000.0,44045000000.0,4309000000.0,0.26,35890000000.0,0.8148484504,544710000000.0,179846000000.0,62869000000.0,82126000000.0,364864000000.0,2810000000.0,38947000000.0,198421570000.0,387972570000.0,25.079626272486404,0.7655188369091396,0.36977474252354464,1.1199581864484058,0.008068423670213497,25.079626272486404,0.010420026022263492,4.5049737768191624,26.47032684098186,1.103285978003403,4.040021344717182,2.902135231316726,0.0381561339324147,0.08085953993868297,0.3591189148381755,0.0034403627618365736,15.447377968080966,0.814848450448405,0.0,0.0,0.0,0.0,0.0,0.0,0.0,0.0,0.0,0.0,,Industrials,TBC
