Quarters,Year,Quarter,FillingDate,Date,NetIncome,Revenue,OperatingIncome,EPSDiluted,GrossProfit,GrossProfitRatio,TotalAssets,CommonStockEquity,CurrentAssets,CurrentLiability,TotalLiability,Inventory,RetainedEarnings,MarketCap,EnterpriseValue,bookValuePerShare,currentRatio,debtToAssets,debtToEquity,roic,shareholdersEquityPerShare,roe,priceToSalesRatio,peRatio,pbRatio,payoutRatio,inventoryTurnover,dividendYield,assetTurnover,quickRatio,returnOnAssets,priceToFreeCashFlowsRatio,grossProfitMargin,epsdilutedGrowth,fiveYNetIncomeGrowthPerShare,fiveYRevenueGrowthPerShare,fiveYShareholdersEquityGrowthPerShare,grossProfitGrowth,netIncomeGrowth,operatingIncomeGrowth,threeYNetIncomeGrowthPerShare,threeYRevenueGrowthPerShare,threeYShareholdersEquityGrowthPerShare,Industry,Sector,Symbol
2023Q1,2023,Q1,2023-05-08,2023-03-31,12089000.0,52488000.0,36820000.0,0.76,52488000.0,1.0,5416797000.0,-127372000.0,139974000.0,116000000.0,5544169000.0,0.0,428453000.0,295909440.0,271935440.0,-8.298931456867344,1.2066724137931035,0.0443618248939364,-1.886592029645448,0.2651799437805173,-8.298931456867344,-0.09491096944383381,5.637658893461363,6.1193944908594595,-2.3231906541469085,0.3979650922326082,0.0,0.016258352555430473,0.009689859154773568,9.357034482758621,0.002231761684995764,51.78674133706685,1.0,0.0,0.3475356933049322,0.4283872285158645,-1.3467507950250646,-0.02610631784024492,8.272667107875579e-05,0.1896991825260913,9.65122693874776,0.2156521633516318,-1.2878418987163163,Banks—Regional,Financial Services,FISI
2022Q4,2022,Q4,2023-03-09,2022-12-31,12088000.0,53895000.0,30949000.0,0.76,53895000.0,1.0,5271472000.0,-137487000.0,1140405000.0,205000000.0,5408959000.0,0.0,421340000.0,373438800.0,522194800.0,-8.968493150684932,5.562951219512195,0.05296850670932142,-2.030897466669576,0.1825642527461984,-8.968493150684932,-0.08792103980739997,6.929006401335931,7.723337193911316,-2.7161753474873986,0.3978325612177366,0.0,0.012877612074588929,0.010223899510421377,5.562951219512195,0.002293097639520802,27.83325631661325,1.0,-0.13636363636363635,0.12302311113659496,0.4296648338899105,-1.3705491113843096,-0.03162339412451711,-0.1274722101920023,0.11479720481233341,-0.03773820883469492,0.308350650509635,-1.326807218058685,Banks—Regional,Financial Services,FISI
2022Q3,2022,Q3,2022-11-07,2022-09-30,13854000.0,55655000.0,27762000.0,0.88,55655000.0,1.0,5088486000.0,-141948000.0,1281650000.0,69000000.0,5230434000.0,0.0,414062000.0,368969030.0,393532030.0,-9.260095244308173,18.57463768115942,0.028130960761216597,-1.0084256206498154,17.30901757135443,-9.260095244308173,-0.09759912080480176,6.629575599676579,6.658167857658438,-2.599325316313016,0.3472643279919157,0.0,0.013039034739582345,0.010937437972709367,15.711768115942029,0.002722617297168549,10.851391976942534,1.0,-0.1111111111111111,0.6667314402199291,0.49715138824593036,-1.38629060548876,0.05577160201081286,-0.11464723926380369,0.10005151166937433,0.12618253535584353,0.2980353109247936,-1.3422847069156598,Banks—Regional,Financial Services,FISI
2022Q2,2022,Q2,2022-08-08,2022-06-30,15648000.0,52715000.0,25237000.0,0.99,52715000.0,1.0,5041908000.0,-100489000.0,1166723000.0,109000000.0,5142397000.0,0.0,405019000.0,398262120.0,471624120.0,-6.565333856004181,10.703880733944954,0.036309071883104574,-1.821761585845217,0.2451555451335569,-6.565333856004181,-0.15571853635721322,7.555005596130134,6.362827837423313,-3.9632409517459624,0.30732361963190186,0.0,0.012074962087782791,0.01045536729349286,10.703880733944954,0.0031035869754069295,11.442012238917458,1.0,0.04210526315789478,1.4002009345565636,0.379134471633938,-1.2769352742180735,0.05251073175601478,0.044383634786090906,0.10287112703753878,0.4320530247076816,0.3236556995063874,-1.248247635112694,Banks—Regional,Financial Services,FISI
2022Q1,2022,Q1,2022-05-09,2022-03-31,14983000.0,50085000.0,22883000.0,0.95,50085000.0,1.0,5115758000.0,-67894000.0,1345529000.0,0.0,5183652000.0,0.0,394181000.0,469335010.0,372920010.0,-4.358605636515375,0.0,0.014462959350305468,-1.089772292102395,3.052860525310786,-4.358605636515375,-0.22068223996229416,9.370769891184986,7.8311254421677905,-6.912761216013196,0.308616431956217,0.0,0.009852237530713934,0.009790338010515744,0.0,0.00292879373887506,10.920354832705105,1.0,-0.22764227642276424,0.7533514028998631,0.33543448077122745,-1.1937690397285319,-0.04139871382636656,-0.23602896186008565,-0.19553524345227632,0.3299660619570704,0.25909555215569136,-1.1700724496566832,Banks—Regional,Financial Services,FISI
2021Q4,2021,Q4,2022-03-10,2021-12-31,19612000.0,52248000.0,28445000.0,1.23,52248000.0,1.0,5520779000.0,505142000.0,79112000.0,30000000.0,5015637000.0,0.0,384007000.0,502917000.0,527716000.0,31.940689219095795,2.6370666666666667,0.01882180032926513,0.2057065142078861,0.03842564263885615,31.940689219095795,0.03882472651254499,9.625574184657786,6.410832653477463,0.9955952979558224,0.23664083214358556,0.0,0.00922816289765508,0.009463881818127478,43.82123333333333,0.0035523972251017472,15.498690252396068,1.0,0.17142857142857137,1.0626296976948504,0.3356872781643448,0.4429765771366898,0.05207200676573638,0.14189228529839884,0.0,1.635788208786575,0.2769522927470978,0.2832920433781148,Banks—Regional,Financial Services,FISI
2021Q3,2021,Q3,2021-11-08,2021-09-30,17175000.0,49662000.0,0.0,1.05,49662000.0,1.0,5623193000.0,494013000.0,0.0,0.0,5129180000.0,0.0,369019000.0,485404050.0,270812050.0,31.193597272210646,0.0,0.013130262468316488,0.1494576053666604,0.0,31.193597272210646,0.03476629157532292,9.774154282952761,7.065561135371179,0.9825734343023361,0.27004366812227076,0.0,0.009554926457659346,0.008831637114358337,0.0,0.003054314514902832,75.31482544608224,1.0,-0.15999999999999998,0.8511424313371714,0.31670242107679725,0.38208618653535575,0.04148141934401477,-0.14975247524752475,0.0,0.6324190979139741,0.2360528082734592,0.26642406343137065,Banks—Regional,Financial Services,FISI
2021Q2,2021,Q2,2021-08-09,2021-06-30,20200000.0,47684000.0,0.0,1.25,47684000.0,1.0,5295102000.0,487126000.0,4055565000.0,0.0,4807976000.0,0.0,356485000.0,474750000.0,342119000.0,30.782053712480252,0.0,0.013929099005080544,0.15141051801792554,0.0,30.782053712480252,0.04146771061285992,9.95616978441406,5.875618811881188,0.9745938422502597,0.22955445544554456,0.0,0.009767245918904686,0.00900530339170048,0.0,0.0038148462484764224,102.09677419354838,1.0,-0.015748031496063006,1.5764847347325786,0.27622961739257745,0.3790852306998036,-0.04557554892816397,-0.024625784645098986,0.0,0.6683149847928439,0.24452934909592527,0.2653722604731802,Banks—Regional,Financial Services,FISI
2021Q1,2021,Q1,2021-05-10,2021-03-31,20710000.0,49961000.0,0.0,1.27,49961000.0,1.0,5329056000.0,466284000.0,4205092000.0,0.0,4862772000.0,0.0,340923000.0,481277810.0,210166810.0,29.346340235382968,0.0,0.013825900872499745,0.15801314220517967,0.0,29.346340235382968,0.044414991721783294,9.633069994595784,5.809727305649445,1.0321559607449537,0.21897633993239982,0.0,0.009422832106055335,0.009375206415545267,0.0,0.0038862417658962487,24.04585610791906,1.0,0.511904761904762,1.4629422836470145,0.3359888235109227,0.3455535309053833,0.06476706022761178,0.5007246376811594,0.0,1.2298991620864146,0.3133252122966237,0.22616590588594154,Banks—Regional,Financial Services,FISI
2020Q4,2020,Q4,2021-03-15,2020-12-31,13800000.0,46922000.0,0.0,0.84,46922000.0,1.0,4912306000.0,468363000.0,3897882000.0,5300000.0,4443943000.0,0.0,324850000.0,360720000.0,345765000.0,29.21425898203593,735.4494339622642,0.016066385115259513,0.16850818702587522,0.0,29.21425898203593,0.029464325747337,7.6876518477473255,6.534782608695652,0.7701718538825654,0.32855072463768115,0.0,0.012569305832778887,0.009551929378992269,136.2145283018868,0.0028092712465387945,16.628405476420966,1.0,0.13513513513513511,0.8285866097496041,0.24326704100614055,0.40133873875864895,-0.022560149984376627,0.12441945734539232,0.0,0.22593594687997853,0.1901911711847942,0.20703863220520613,Banks—Regional,Financial Services,FISI
2020Q3,2020,Q3,2020-11-06,2020-09-30,12273000.0,48005000.0,0.0,0.74,48005000.0,1.0,4959201000.0,456361000.0,4037654000.0,5300000.0,4502840000.0,0.0,315585000.0,246877400.0,9365400.0,28.46740689913293,761.8215094339623,0.008984915110317166,0.0976376158348325,0.0,28.46740689913293,0.026893183247472943,5.142743464222477,5.028872321355822,0.5409695394654671,0.3689399494826041,0.0,0.01834108751955424,0.009679986755931047,150.57377358490567,0.0024747938226339283,25.448654777857953,1.0,0.10447761194029843,0.29686316185910716,0.3524742329050705,0.35739407443992754,0.084687168131595,0.10249730506647503,0.0,0.41186895492049613,0.23481306068719432,0.18753550127037985,Banks—Regional,Financial Services,FISI
2020Q2,2020,Q2,2020-08-05,2020-06-30,11132000.0,44257000.0,0.0,0.67,44257000.0,1.0,4680930000.0,448045000.0,3785900000.0,105300000.0,4232885000.0,0.0,307845000.0,298094980.0,323092980.0,27.971344737170682,35.95346628679962,0.030893006304302778,0.3227532948699349,0.0,27.971344737170682,0.024845718622013412,6.735544207695957,6.694551293568092,0.665323750962515,0.4069349622709307,0.0,0.015196498780355174,0.0094547451040712,5.593760683760684,0.0023781598955763066,63.81823592378505,1.0,12.399999999999999,0.48576488504343013,0.30508887724769584,0.3844308584031111,0.032281389219322186,8.877551020408163,0.0,0.6316063256885954,0.10638885977469789,0.17987176203575206,Banks—Regional,Financial Services,FISI
2020Q1,2020,Q1,2020-05-08,2020-03-31,1127000.0,42873000.0,0.0,0.05,42873000.0,1.0,4471768000.0,439393000.0,3564629000.0,109500000.0,4032375000.0,0.0,301243000.0,276453600.0,273076600.0,28.831561679790028,32.553689497716896,0.033273416688880106,0.33862851706786407,0.0,28.831561679790028,0.0025649020353077996,6.4481981666783295,61.32511091393079,0.6291716071944705,3.873114463176575,0.0,0.015789268072472197,0.009587483071572585,5.452173515981735,0.000252025597034551,88.43685220729367,1.0,-0.9367088607594937,-0.8470870907898754,0.2774257854311642,0.41427906861751645,-0.0024895300139599814,-0.9140154116121156,0.0,-0.8651990494610055,0.16841637328178713,0.28175487448625613,Banks—Regional,Financial Services,FISI
2019Q4,2019,Q4,2020-03-04,2019-12-31,13107000.0,42980000.0,0.0,0.79,42980000.0,1.0,4384178000.0,438947000.0,3490914000.0,275500000.0,3945231000.0,0.0,313364000.0,513439500.0,715265500.0,27.44276336355111,12.671194192377495,0.07179749544840561,0.7171093548879478,0.0,27.44276336355111,0.029860097004877583,11.94600977198697,9.79323071641108,1.1697072767327263,0.3328755626764324,0.0,0.00849759319257673,0.009803434075897465,1.9269110707803994,0.0029896140165841805,33.61086017282011,1.0,0.012820512820512832,0.4535811617266759,0.20199074771760242,0.37924596287555445,-0.03908066535503488,0.02135120392737474,0.0,0.36297419384372065,0.0863918070893533,0.2397748988407753,Banks—Regional,Financial Services,FISI
2019Q3,2019,Q3,2019-11-06,2019-09-30,12833000.0,44728000.0,0.0,0.78,44728000.0,1.0,4332737000.0,432617000.0,3434379000.0,211400000.0,3900120000.0,0.0,304622000.0,482608380.0,596448380.0,27.05378025139141,16.245879848628192,0.05785142278425854,0.5793923955831601,0.0,27.05378025139141,0.029663651682666194,10.789849311393311,9.401706148211641,1.1155557456133254,0.3397490843918024,0.0,0.009034240143115626,0.010323266794176523,2.517767265846736,0.0029618691372220378,42.53555261766261,1.0,0.1304347826086958,0.5586687977605446,0.2866795630038931,0.3590297879724952,0.07640844223040455,0.12560301727918605,0.0,0.36983600683579104,0.17446533060230365,0.19866444555021495,Banks—Regional,Financial Services,FISI
2019Q2,2019,Q2,2019-08-07,2019-06-30,11401000.0,41553000.0,0.0,0.69,41553000.0,1.0,4313945000.0,422354000.0,3391335000.0,308500000.0,3891591000.0,0.0,296151000.0,461053900.0,699802900.0,26.446712586098936,10.992982171799028,0.08060765726034987,0.8233306657448491,0.0,26.446712586098936,0.0269939434692225,11.095562293937862,10.109944303131305,1.091629059982858,0.38154547846680115,0.0,0.009434905550088612,0.009632250758876157,1.6709789303079416,0.002642824607175103,36.40090794252329,1.0,-0.0142857142857143,0.4000866866415485,0.2123169788415612,0.3517054011455134,0.021460176991150444,-0.01041576252061453,0.0,0.44097999789319686,0.1020399192909959,0.1848550154814512,Banks—Regional,Financial Services,FISI
2019Q1,2019,Q1,2019-05-08,2019-03-31,11521000.0,40680000.0,0.0,0.7,40680000.0,1.0,4302541000.0,408253000.0,3318070000.0,287300000.0,3894288000.0,0.0,289111000.0,441420300.0,688154300.0,25.627934714375392,11.54914723285764,0.0758900380031242,0.7997981643735624,0.0,25.627934714375392,0.028220245778965494,10.851039823008849,9.578602117871712,1.0812420239410365,0.36342331394844196,0.0,0.009485291002701958,0.00945487794305737,1.7658579881656804,0.002677719979890953,29.859994588378544,1.0,0.5555555555555555,0.379831027611015,0.21256735894502252,0.34279400004219757,-0.01245357220887044,0.5379789080229609,0.0,0.36661159671225024,0.08500923832202717,0.175061618183084,Banks—Regional,Financial Services,FISI
2018Q4,2018,Q4,2019-03-08,2018-12-31,7491000.0,41193000.0,0.0,0.45,41193000.0,1.0,4311698000.0,396293000.0,3300428000.0,469500000.0,3915405000.0,0.0,279867000.0,409195400.0,815142400.0,24.889649541514885,7.0296656017039405,0.1179818252577059,1.2836512378467446,0.0,24.889649541514885,0.018902680592389975,9.933614934576262,13.656234147643838,1.0325577287512018,0.5589373915365105,0.0,0.010232275338383568,0.009553776725549887,1.168119275825346,0.001737366578085942,30.339986653814783,1.0,-0.296875,0.016333749851319884,0.2221880352964908,0.34332751185648874,0.019855908494466588,-0.2917651507989033,0.0,-0.0005378991990626858,0.0990094124698295,0.1938974771907962,Banks—Regional,Financial Services,FISI
2018Q3,2018,Q3,2018-11-07,2018-09-30,10577000.0,40391000.0,0.0,0.64,40391000.0,1.0,4258385000.0,392154000.0,3218290000.0,308200000.0,3866231000.0,0.0,276563000.0,488933910.0,718986910.0,24.631241756171093,10.44221284879948,0.08157646619551778,0.8858356666003662,0.0,24.631241756171093,0.026971546892292315,12.105021168081999,11.556535643377138,1.2467905720711763,0.39538621537297913,0.0,0.008553303247058481,0.009485051257695111,1.86775146009085,0.0024838054802466193,24.889732742822236,1.0,-0.13513513513513511,0.4814066031986861,0.2035954321889429,0.3660005968995608,0.04881722105372491,-0.13089564502875925,0.0,0.12537223458333938,0.14582265042657416,0.17447654169520835,Banks—Regional,Financial Services,FISI
2018Q2,2018,Q2,2018-08-08,2018-06-30,12170000.0,38511000.0,0.0,0.74,38511000.0,1.0,4191315000.0,386937000.0,3101415000.0,472800000.0,3804378000.0,0.0,270171000.0,523307400.0,946180400.0,24.32648057336854,6.5596763959390865,0.12214949246238949,1.3231275375577936,0.0,24.32648057336854,0.03145214854097696,13.588517566409598,10.749946589975348,1.3524356678218936,0.34354971240755955,0.0,0.007989567890689107,0.009188285776659592,1.2295304568527918,0.0029036233258535804,42.05974923645716,1.0,0.3214285714285713,0.5345963190679548,0.15101530531665905,0.36479336103651616,0.012275260225002629,0.3102928509905254,0.0,0.6357419123607839,0.14364233601438106,0.20402972036452025,Banks—Regional,Financial Services,FISI
2018Q1,2018,Q1,2018-05-09,2018-03-31,9288000.0,38044000.0,0.0,0.56,38044000.0,1.0,4152432000.0,380302000.0,3021647000.0,327600000.0,3772130000.0,0.0,262185000.0,470344000.0,714179000.0,23.933417243549403,9.223586691086691,0.0883214944880494,0.9643625329343521,0.0,23.933417243549403,0.024422695647143586,12.363158448112712,12.659991386735573,1.2367644661348087,0.4154823428079242,0.0,0.008204633204633204,0.009161859845025759,1.9325732600732601,0.0022367614930238473,28.123893805309734,1.0,-0.1764705882352941,0.3039260299172193,0.1155360477604181,0.2877836438621078,-0.017661640156992356,-0.16006511123168746,0.0,0.20865822401085088,0.08717397396087449,0.17400962958479493,Banks—Regional,Financial Services,FISI
2017Q4,2017,Q4,2018-03-14,2017-12-31,11058000.0,38728000.0,0.0,0.68,38728000.0,1.0,4105210000.0,381177000.0,2943879000.0,446200000.0,3724033000.0,0.0,257078000.0,489793900.0,875929900.0,24.203251000063496,6.597666965486329,0.11822318468482733,1.2732431390141588,0.0,24.203251000063496,0.02901014489331728,12.647022825862425,11.07329309097486,1.2849513480613994,0.3288117200217037,0.0,0.007423530591132311,0.009433865746210303,1.3988525324966383,0.0026936502639329047,48.53288743559255,1.0,0.30769230769230776,0.5199353270411898,0.15118050690702198,0.3066478196192564,0.04596769837411549,0.3356685590047107,0.0,0.24550029150479974,0.09999584476314097,0.2164312969530931,Banks—Regional,Financial Services,FISI
2017Q3,2017,Q3,2017-11-03,2017-09-30,8279000.0,37026000.0,0.0,0.52,37026000.0,1.0,4021591000.0,366002000.0,2811103000.0,310800000.0,3655589000.0,0.0,249878000.0,439718400.0,691794400.0,23.971836520827875,9.044732947232948,0.08700884799075789,0.9560439560439561,0.0,23.971836520827875,0.02262009497215862,11.875935828877004,13.278125377461045,1.2014098283615937,0.4240850344244474,0.0,0.007984655634151312,0.009206803973850151,2.0892181467181468,0.002058637986806714,35.88952007835456,1.0,0.3,0.7421773112880276,0.12830239874502983,0.30433397068362045,0.011086837793555434,0.3254883125200128,0.0,0.05316641666661822,0.11555552747481197,0.2042102656813173,Banks—Regional,Financial Services,FISI
2017Q2,2017,Q2,2017-08-04,2017-06-30,6246000.0,36620000.0,0.0,0.4,36620000.0,1.0,3891538000.0,347641000.0,2697687000.0,347500000.0,3543897000.0,0.0,245236000.0,436987200.0,739046200.0,23.707105837424987,7.763128057553957,0.0993427277338677,1.112055252401184,0.0,23.707105837424987,0.017966810589084718,11.933020207536865,17.49068203650336,1.2570070848950499,0.5456292026897214,0.0,0.007798855435582553,0.009410161226743772,1.79888345323741,0.0016050209454462477,30.79977445728785,1.0,-0.23076923076923075,-0.12348032219800449,0.2182184540322887,0.31492807599722233,0.0504575313387453,-0.2136472365604935,0.0,-0.16465394809605458,0.16354881388094833,0.21168265816218543,Banks—Regional,Financial Services,FISI
2017Q1,2017,Q1,2017-05-05,2017-03-31,7943000.0,34861000.0,0.0,0.52,34861000.0,1.0,3859865000.0,325688000.0,2652210000.0,303300000.0,3534177000.0,0.0,242501000.0,477083050.00000006,669762050.0,22.493818633883556,8.744510385756676,0.08870206600489913,1.051245363660927,0.0,22.493818633883556,0.024388371693154186,13.68529445512177,15.015833123504974,1.4648468779936628,0.42842754626715346,0.0,0.007132930000342708,0.009031663024484018,2.2753214638971317,0.0020578439919530862,237.7095416043847,1.0,-0.08771929824561392,0.21077074916852706,0.2432584715924903,0.2818820055607039,-0.02522159774068171,-0.08627631427585414,0.0,0.046640413851373665,0.14325202046239227,0.17857974262255608,Banks—Regional,Financial Services,FISI
2016Q4,2016,Q4,2017-03-07,2016-12-31,8693000.0,35763000.0,0.0,0.57,35763000.0,1.0,3710340000.0,320054000.0,2509038000.0,331500000.0,3390286000.0,0.0,237687000.0,494497800.00000006,793781800.0,22.13527906494225,7.568742081447964,0.09987251842149238,1.1578077449430408,0.0,22.13527906494225,0.027161041574234348,13.827078265246206,14.221149200506156,1.5450448986733492,0.3745542390429081,0.0,0.006584458009722186,0.009638739306909878,1.8437496229260935,0.00234291197033156,83.91274393348041,1.0,0.017857142857142672,0.4268736007995317,0.2555717906411583,0.27617031296358785,0.038776577204600905,0.026449403707639627,0.0,0.2987500941365126,0.1684440208076139,0.19467047139258792,Banks—Regional,Financial Services,FISI
2016Q3,2016,Q3,2016-11-04,2016-09-30,8469000.0,34428000.0,0.0,0.56,34428000.0,1.0,3687365000.0,326271000.0,2483041000.0,230200000.0,3361094000.0,0.0,232396000.0,391902160.0,550424160.0,22.569936358605425,10.786450912250217,0.07301772403871057,0.8252127832384736,0.0,22.569936358605425,0.025956949897477863,11.383239223887534,11.568725941669618,1.2011553585822827,0.3844609753217617,0.0,0.008308196106905866,0.009336748599609748,2.911450912250217,0.002296762050949662,28.388421586381746,1.0,0.19148936170212785,0.45289557172573497,0.13327038676707997,0.27770269352757876,0.010240910824848147,0.1843098867291288,0.0,0.3063697260132293,0.12987375899681702,0.2516846224415725,Banks—Regional,Financial Services,FISI
2016Q2,2016,Q2,2016-08-05,2016-06-30,7151000.0,34079000.0,0.0,0.47,34079000.0,1.0,3585589000.0,322176000.0,2370507000.0,338300000.0,3263413000.0,0.0,227184000.0,376294380.0,685995380.0,22.320631841485383,7.0071149866981965,0.10523375657388508,1.1711766239570918,0.0,22.320631841485383,0.02219594259038538,11.041825757798058,13.155306250874004,1.167977689213349,0.45434205006292827,0.0,0.008634197513127887,0.009504435672911758,2.0317558380135976,0.00199437247269556,77.1569366413779,1.0,-0.06000000000000005,0.180830870303096,0.2757402332339881,0.3017097826634976,0.005873671782762692,-0.06130217904961932,0.0,-0.006324392224765341,0.12242523539911751,0.25225883207902267,Banks—Regional,Financial Services,FISI
2016Q1,2016,Q1,2016-05-06,2016-03-31,7618000.0,33880000.0,0.0,0.5,33880000.0,1.0,3516572000.0,313953000.0,2312938000.0,179200000.0,3202619000.0,0.0,223290000.0,418462650.0,525726650.0,21.809864536297326,12.907020089285714,0.06205133863319164,0.6950339700528423,0.0,21.809864536297326,0.02426477848595172,12.351317886658796,13.732693948542924,1.3328831067070548,0.4180887372013652,0.0,0.007611193018062664,0.00963438257484846,4.023197544642857,0.002166314240117933,28.859493103448276,1.0,0.13636363636363635,0.03191565811916857,0.06898813471007467,0.11078712943548089,0.0210662728670022,0.14815373021853806,0.0,0.18054880166724566,0.0966121804068443,0.17352179753026478,Banks—Regional,Financial Services,FISI
2015Q4,2015,Q4,2016-03-08,2015-12-31,6635000.0,33181000.0,0.0,0.44,33181000.0,1.0,3381024000.0,293844000.0,2244521000.0,293100000.0,3087180000.0,0.0,218920000.0,394660000.0,666629000.0,20.847392692444128,7.657867621972024,0.0982217221764767,1.1301574985366385,0.0,20.847392692444128,0.022580008439852438,11.894156294264791,14.870384325546345,1.3430936142987435,0.4797287113790505,0.0,0.008065170019763849,0.00981389070293497,2.062490617536677,0.001962423218527878,73.08518518518518,1.0,-0.21428571428571436,0.04788567594133355,0.051374920714960796,0.11521571790534627,0.06383456235973069,-0.20214045214045215,0.0,0.019007436901075356,0.10203587046912348,0.1254769124303622,Banks—Regional,Financial Services,FISI
2015Q3,2015,Q3,2015-11-04,2015-09-30,8316000.0,31190000.0,0.0,0.56,31190000.0,1.0,3357608000.0,295434000.0,2183504000.0,241400000.0,3062174000.0,0.0,215470000.0,349075860.0,578113860.0,20.97210193795698,9.04516984258492,0.08350349415417166,0.9490173778238118,0.0,20.97210193795698,0.0281484189362091,11.191915998717537,10.494103535353535,1.1815696906923374,0.38263588263588266,0.0,0.009115497130050757,0.00928935122861275,2.604983429991715,0.002476763219530094,32.35779199110122,1.0,0.2727272727272728,0.12085565428961105,-0.04483280092187279,0.043058460054593586,0.04650382498993424,0.26287015945330294,0.0,0.8966735520872595,0.030143498839466945,0.14111511525410572,Banks—Regional,Financial Services,FISI
2015Q2,2015,Q2,2015-08-05,2015-06-30,6585000.0,29804000.0,0.0,0.44,29804000.0,1.0,3359459000.0,284435000.0,2160732000.0,350600000.0,3075024000.0,0.0,210337000.0,349697520.0,686698520.0,20.204219349339393,6.162954934398175,0.11595765865873046,1.3695747710373196,0.0,20.204219349339393,0.02315115931583666,11.733241175681117,13.276291571753985,1.2294461652047042,0.48291571753986334,0.0,0.009093573211500042,0.00887166653916598,2.353659440958357,0.0019601370339688623,140.1593266533066,1.0,-0.04347826086956525,-0.03165263602265201,-0.07549285481117017,0.02701290236723457,-0.03764933806909913,-0.031760035288928096,0.0,-0.03744188243454052,0.0327444741968118,0.12063848949933056,Banks—Regional,Financial Services,FISI
2015Q1,2015,Q1,2015-05-05,2015-03-31,6801000.0,30970000.0,0.0,0.46,30970000.0,1.0,3197077000.0,286689000.0,2146816000.0,142300000.0,2910388000.0,0.0,206935000.0,322464590.0,328792590.0,20.386048496053473,15.086549543218553,0.04450940656105561,0.4963566791889469,0.0,20.386048496053473,0.02372257045090673,10.412159832095575,11.853572636377002,1.1247888478455748,0.4669901485075724,0.0,0.00984914343618318,0.00968697344480599,5.447976106816585,0.002127255615050873,19.06607875598652,1.0,-0.14814814814814817,-0.02613070029782318,-0.009750387179096164,0.07428366858619295,-0.013914095583787053,-0.1412878787878788,0.0,0.06735951016698945,0.13716473473224164,0.16176400089818901,Banks—Regional,Financial Services,FISI
2014Q4,2014,Q4,2015-03-06,2014-12-31,7920000.0,31407000.0,0.0,0.54,31407000.0,1.0,3089521000.0,279532000.0,2067556000.0,295300000.0,2809989000.0,0.0,203312000.0,353332350.0,590481350.0,19.896932165990464,7.001544192346766,0.09558115966844051,1.0564085686075297,0.0,19.896932165990464,0.028333070990083427,11.25011462412838,11.153167613636363,1.2640139590458335,0.38282828282828285,0.0,0.008581155956990636,0.010165653510689845,2.3049271926854047,0.0025635041807451704,-98.01174757281554,1.0,0.10204081632653071,0.11247569003377685,-0.03915273407119584,0.0765808223482917,0.035441118290913884,0.10244988864142539,0.0,0.3379314117255446,0.1348198055227739,0.14712238661146398,Banks—Regional,Financial Services,FISI
2014Q3,2014,Q3,2014-11-04,2014-09-30,7184000.0,30332000.0,0.0,0.49,30332000.0,1.0,3055304000.0,277758000.0,2078369000.0,167200000.0,2777546000.0,0.0,198569000.0,313663440.0,393281440.0,19.90668673403569,12.430436602870813,0.05472450531927429,0.6019628597556146,0.0,19.90668673403569,0.02586424153399722,10.341007516813926,10.915347995545659,1.1292687879377012,0.4157850779510022,0.0,0.009522945995873795,0.009927653680288443,4.025484449760765,0.002351320850560206,25.175651336383336,1.0,0.020833333333333353,0.6217919030314587,-0.05882550525453659,0.09096385102240669,0.024764350146964424,0.02161547212741752,0.0,0.27687721161910345,0.03443531530792795,0.12693393792355015,Banks—Regional,Financial Services,FISI
2014Q2,2014,Q2,2014-08-05,2014-06-30,7032000.0,29599000.0,0.0,0.48,29599000.0,1.0,2993264000.0,269827000.0,2043553000.0,211500000.0,2723437000.0,0.0,194418000.0,322985220.0,469747220.0,19.56544122978754,9.662189125295509,0.070658652227134,0.7838355687162515,0.0,19.56544122978754,0.026061142880438207,10.912031487550255,11.482694112627987,1.1970085276862583,0.4243458475540387,0.0,0.009238812847225641,0.009888536393716023,3.151966903073286,0.00234927490525393,206.24854406130268,1.0,-0.040000000000000036,1.08072434242569,0.03864785724588342,0.09022780259406923,0.020444046059435977,-0.025903864801219006,0.0,0.2153202235521367,0.1596939482056046,0.14103070342328217,Banks—Regional,Financial Services,FISI
2014Q1,2014,Q1,2014-05-06,2014-03-31,7219000.0,29006000.0,0.0,0.5,29006000.0,1.0,3015619000.0,262865000.0,2001359000.0,158700000.0,2752754000.0,0.0,190375000.0,317054460.0,403447460.0,19.08552965947869,12.610957781978575,0.05262601144242691,0.6037319536644286,0.0,19.08552965947869,0.027462766058623248,10.930650899813832,10.979860784042112,1.2061493922736004,0.4129380800664912,0.0,0.009402170213912146,0.009618589085690202,4.706723377441714,0.0023938700479072456,16.276731865085477,1.0,0.16279069767441862,0.8930568350894178,0.022654714461117807,0.06701170637416086,-0.0037437746865876696,0.13381498350871682,0.0,0.022029420266206374,-0.04346592107989398,-0.027964585982375976,Banks—Regional,Financial Services,FISI
2013Q4,2013,Q4,2014-03-12,2013-12-31,6367000.0,29115000.0,0.0,0.43,29115000.0,1.0,2928636000.0,254839000.0,1983440000.0,298000000.0,2673797000.0,0.0,186137000.0,339861340.0,578263340.0,18.52835538752363,6.655838926174496,0.1017538540125847,1.1693657564187585,0.0,18.52835538752363,0.024984401916504147,11.673066804052894,13.344641903565257,1.3336315870019897,0.46756714308151404,0.0,0.00875945466465824,0.009941488119383904,2.244959731543624,0.00217404962583264,185.61515019115237,1.0,0.023809523809523832,2.5788190359899468,0.027496666870390055,0.04335184620443084,0.004935800082838603,0.032933160285528874,0.0,0.03049024912214994,-0.054588246218466106,-0.008839452494621255,Banks—Regional,Financial Services,FISI
2013Q3,2013,Q3,2013-11-05,2013-09-30,6164000.0,28972000.0,0.0,0.42,28972000.0,1.0,2867517000.0,247845000.0,1951605000.0,141500000.0,2619672000.0,0.0,182751000.0,281222700.0,323432700.0,18.03164787195344,13.79226148409894,0.04934582776667061,0.5709213419677621,0.0,18.03164787195344,0.02487038269886421,9.706706475217452,11.40585253082414,1.134671669793621,0.4609020116807268,0.0,0.010102313931272262,0.010103514643505165,4.825731448763251,0.002149594928295107,36.77075052301255,1.0,-0.10638297872340424,1.1694047306099067,0.03105786148580932,0.2674205331481051,0.002491349480968858,-0.10014598540145986,0.0,-0.14852557725227422,-0.090680986003927,-0.10318656102247377,Banks—Regional,Financial Services,FISI
2013Q2,2013,Q2,2013-08-06,2013-06-30,6850000.0,28900000.0,0.0,0.47,28900000.0,1.0,2782303000.0,244888000.0,1867317000.0,153500000.0,2537415000.0,0.0,179564000.0,268185280.0,370852280.0,17.824295800276584,12.164931596091206,0.05517012345528147,0.6268171572310607,0.0,17.824295800276584,0.027971970860148312,9.279767474048443,9.78778394160584,1.0951344288001046,0.4143065693430657,0.0,0.010582236280827943,0.010387078617965045,5.611609120521172,0.0024619892225972513,19.754366529169122,1.0,0.11904761904761903,3.154839124630065,0.6700791453782328,0.28182252207355546,-0.018342391304347828,0.11400227679297446,0.0,0.03217135952982192,-0.08141489839280494,-0.09396243200593152,Banks—Regional,Financial Services,FISI
2013Q1,2013,Q1,2013-05-07,2013-03-31,6149000.0,29440000.0,0.0,0.42,29440000.0,1.0,2827658000.0,254930000.0,1868859000.0,100000000.0,2572728000.0,0.0,175554000.0,270636410.0,285939410.0,18.584967558504047,18.68859,0.03536495573368491,0.3922645432079394,0.0,18.584967558504047,0.024120346761856197,9.192812839673913,11.00326923076923,1.061610677440866,0.41665311432753294,0.0,0.009466575469279983,0.010411442967996837,9.38134,0.002174591128064285,25.217704994409242,1.0,-0.023255813953488393,0.4460512177094835,0.31945039440574047,0.14791328450318048,0.00546448087431694,-0.02890082122552116,0.0,-0.09728380967174065,-0.03492710168794712,-0.020627899851693762,Banks—Regional,Financial Services,FISI
2012Q4,2012,Q4,2013-03-18,2012-12-31,6332000.0,29280000.0,0.0,0.43,29280000.0,1.0,2764034000.0,253897000.0,1834895000.0,139000000.0,2510137000.0,0.0,172244000.0,255361410.0,334019410.0,18.523163347194863,13.20068345323741,0.050288816997185994,0.5474660984572484,0.0,18.523163347194863,0.024939247017491346,8.721359631147541,10.08217822173089,1.0057677325844732,0.3611813013265951,0.0,0.008955934258038442,0.010593212673939612,6.360705035971223,0.002290854598749509,-267.1144456066946,1.0,0.5357142857142856,0.37417407954662096,0.2887347048967531,0.1560568916152124,-0.005840010865136493,0.48464243845252053,0.0,-0.08838963633646552,-0.08187465507607421,0.0022491036533163985,Banks—Regional,Financial Services,FISI
2012Q3,2012,Q3,2012-11-06,2012-09-30,4265000.0,29452000.0,0.0,0.28,29452000.0,1.0,2653319000.0,251842000.0,1797560000.0,38282000.0,2401477000.0,0.0,168474000.0,256520159.99999997,256039159.99999997,18.378603225571045,46.95574943837835,0.028855934774522023,0.30401601003803974,0.0,18.378603225571045,0.016935221289538678,8.709770473991579,15.036351699882765,1.0185757736993828,0.5362250879249707,0.0,0.008915478611895455,0.011100059962635477,2.012564651794577,0.0016074207436045196,33.04394692773412,1.0,-0.3913043478260869,-0.29262338579980807,0.21088556455911647,0.1653173714643397,0.048935109338271957,-0.35922475961538464,0.0,-0.019607960666296963,-0.06945831977365544,0.007218931973266003,Banks—Regional,Financial Services,FISI
2012Q2,2012,Q2,2012-08-07,2012-06-30,6656000.0,28078000.0,0.0,0.46,28078000.0,1.0,2622751000.0,246946000.0,1756751000.0,200824000.0,2375805000.0,0.0,166496000.0,231205360.0,571040360.0,18.02920347521355,8.747714416603593,0.15313996639406485,1.6264608456909608,0.0,18.02920347521355,0.026953261036825864,8.234395612223093,8.684095552884616,0.9362587772225507,0.3225661057692308,0.0,0.009286116896251886,0.010705553062414237,0.3077968768673067,0.002537793332268294,15.998156656518129,1.0,0.09523809523809533,0.7997993822188453,0.40103469039624595,0.25792398145064654,0.060227315636446024,0.07424144609425436,0.0,0.9829844195903757,-0.007963244738037265,0.004625382911278475,Banks—Regional,Financial Services,FISI
2012Q1,2012,Q1,2012-05-08,2012-03-31,6196000.0,26483000.0,0.0,0.42,26483000.0,1.0,2460820000.0,239962000.0,1666927000.0,117347000.0,2220858000.0,0.0,162126000.0,221124750.00000003,378793750.0,17.547495429616088,14.205109632116713,0.09537227428255622,0.9780465240329719,0.0,17.547495429616088,0.025820754952867536,8.349686591398257,8.922076743060039,0.9214990290129271,0.34619109102646867,0.0,0.00970040667089505,0.010761859867848928,0.6563866140591579,0.002517859900358417,19.06083527282131,1.0,-0.0032106907323846737,0.5623778301764182,0.29136170238708303,0.18538233666775944,-0.01692713166784216,0.07532106907323846,0.0,0.6364367826715444,-0.05960659407733903,-0.018974931531511516,Banks—Regional,Financial Services,FISI
2011Q4,2011,Q4,2012-03-09,2011-12-31,5762000.0,26939000.0,0.0,0.4213528336380256,26939000.0,1.0,2336353000.0,237194000.0,1615084000.0,150698000.0,2099159000.0,0.0,158079000.0,220714500.0,313829500.0,17.34508226691042,10.717355240281888,0.0645013831385925,0.6353364756275454,0.0,17.34508226691042,0.02429235140855165,8.1931214967148,9.576297292606734,0.9305231160990581,0.34849010760152727,0.0,0.009097725795088224,0.011530363776364273,0.38210858803700115,0.00246623690854935,627.0298295454545,1.0,0.13879144226493412,0.7484623537659721,0.2864828595777318,0.18546953672703465,-0.059852027640120056,0.04801746089487086,0.0,2.437051866729816,-0.04380430832124131,-0.023279550329941924,Banks—Regional,Financial Services,FISI
2011Q3,2011,Q3,2011-11-09,2011-09-30,5498000.0,28654000.0,0.0,0.37,28654000.0,1.0,2358811000.0,240855000.0,1585431000.0,103075000.0,2117956000.0,0.0,154461000.0,194435100.0,332984100.0,17.664466446644663,15.381333980111568,0.08739572606707362,0.8559091569616575,0.0,17.664466446644663,0.0228270121027174,6.7856180637956305,8.841174063295743,0.8072703493803326,0.3654056020371044,0.0,0.010332496550262787,0.012147645572281967,0.6558428328886733,0.002330835323389623,36.06661101836394,1.0,-0.05128205128205133,-0.12859272638163077,0.09968598924924879,0.10014768346140869,0.13584651365600348,-0.03864311942647316,0.0,1.1523201087668982,0.027967584173383252,0.24161183939301162,Banks—Regional,Financial Services,FISI
2011Q2,2011,Q2,2011-08-02,2011-06-30,5719000.0,25227000.0,0.0,0.39,25227000.0,1.0,2282944000.0,233733000.0,1481586000.0,132395000.0,2049211000.0,0.0,150971000.0,223821020.00000003,336834020.0,17.147164551390212,11.190649193700668,0.06968940105407755,0.6806783808875939,0.0,17.147164551390212,0.02446808965785747,8.87228049312245,9.784097744360903,0.9575927233210546,0.2542402517922714,0.0,0.006496262057960418,0.011050205348882847,0.3480796102571849,0.002505098679599675,21.669185787588347,1.0,0.1818181818181818,-0.04645830197739088,0.1193915309298139,0.2128450176213448,0.009645401424797887,-0.017353951890034365,0.0,2.496319749258743,0.4693735676379691,0.23312707317908204,Banks—Regional,Financial Services,FISI
2011Q1,2011,Q1,2011-05-03,2011-03-31,5820000.0,24986000.0,0.0,0.33,24986000.0,1.0,2295116000.0,222823000.0,1507034000.0,42060000.0,2072293000.0,0.0,147261000.0,198825457.2,173052457.2,19.634603209150825,35.83057536852116,0.02996014144818824,0.3085947141901868,0.0,19.634603209150825,0.02611938623930205,7.9574744737052745,8.540612422680413,0.8923022183526835,0.35962199312714777,0.0,0.010526821009115728,0.01088659571019504,2.247622444127437,0.0025358195402759597,16.206835441799804,1.0,-0.2653981855629658,0.7094792371972725,0.3428218658008314,0.4311180399225434,-0.01668634395907123,0.14162416633974106,0.0,0.6543348468303283,0.353546711105804,0.21274475130411366,Banks—Regional,Financial Services,FISI
2010Q4,2010,Q4,2011-03-07,2010-12-31,5098000.0,25410000.0,0.0,0.4492229579542996,25410000.0,1.0,2214307000.0,212144000.0,1449145000.0,77110000.0,2002163000.0,0.0,144599000.0,215280760.45,280099760.45,18.69359654614691,18.793217481519907,0.046911742590345425,0.4896532543932423,0.0,18.69359654614691,0.024030846971868164,8.472284944903581,10.557118499901922,1.0147859965400858,0.3774029030992546,0.0,0.008937166498196472,0.011475373559312236,0.5065231487485411,0.00230230044885375,23.59758417735394,1.0,0.04470455338209215,0.9501272435490892,0.3323570099142501,0.3564775742606055,0.019499277804525757,-0.09977043969627405,0.0,0.3363037961147709,0.3508329372635879,0.16669386924778176,Banks—Regional,Financial Services,FISI
2010Q3,2010,Q3,2010-11-02,2010-09-30,5663000.0,24924000.0,0.0,0.43,24924000.0,1.0,2249531000.0,216189000.0,1459022000.0,39968000.0,2033342000.0,0.0,141518000.0,189885141.18,183173141.18,20.106353326408286,36.50475380304243,0.02966662828829654,0.3086928567133388,0.0,20.106353326408286,0.02619467225437002,7.6185660881078485,8.382709746600742,0.8783293376628784,0.3395726646653717,0.0,0.010127174712302046,0.011079642823326285,1.8376701361088872,0.002517413629774384,27.575536041243105,1.0,0.1025641025641025,-0.33573741509725186,-0.1541252013818046,0.31010286473241416,0.011443876308741174,0.08945748364755675,0.0,0.19699848092292624,0.3059345980191081,0.2748674379924419,Banks—Regional,Financial Services,FISI
2010Q2,2010,Q2,2010-08-03,2010-06-30,5198000.0,24642000.0,0.0,0.39,24642000.0,1.0,2142931000.0,211699000.0,1392498000.0,46886000.0,1931232000.0,0.0,137871000.0,191115360.00000003,241350360.00000003,19.67279992565747,29.699654481081772,0.04370369367935785,0.44239226448873165,0.0,19.67279992565747,0.024553729587763758,7.755675675675677,9.191773759138131,0.9027693092551217,0.3697575990765679,0.0,0.010056753156836792,0.011499203660780492,0.9260546858337243,0.0024256497292726646,21.69054136874362,1.0,-0.025000000000000022,1.4569345759067982,0.1972051121317255,0.31437856608246034,0.03273123506977914,-0.024399399399399398,0.0,0.7890393156319615,0.5650618193645585,0.37260011751417144,Banks—Regional,Financial Services,FISI
2010Q1,2010,Q1,2010-05-04,2010-03-31,5328000.0,23861000.0,0.0,0.4,23861000.0,1.0,2156055000.0,203603000.0,1401133000.0,36608000.0,1952452000.0,0.0,134688000.0,156861898.16,168441898.16,18.976411065507918,38.27395651223776,0.03870680478930268,0.40988590541396736,0.0,18.976411065507918,0.02616857315461953,6.573986763337664,7.3602617379879876,0.7704301909107429,0.3605480480480481,0.0,0.012246441121352297,0.011066971853686478,1.9633413461538463,0.002471180002365431,19.202093054229405,1.0,-0.21064793084421557,1.446366592714037,0.04157220490546981,0.19964652593849547,-0.04414533509594199,-0.02004782048924039,0.0,0.7123641088417586,0.4829503275998493,0.28190957966768043,Banks—Regional,Financial Services,FISI
2009Q4,2009,Q4,2010-03-12,2009-12-31,5437000.0,24963000.0,0.0,0.5067447285313407,24963000.0,1.0,2062389000.0,198294000.0,1370163000.0,59543000.0,1864095000.0,0.0,131371000.0,126390777.03999999,189906777.04,18.481596321389308,23.011319550576893,0.05158580655734685,0.5365265716562276,0.0,18.481596321389308,0.027418883072609358,5.063124505868685,5.811604609159462,0.6373908289711236,0.35350377046165166,0.0,0.015206805789252549,0.012103924138462724,0.720051055539694,0.0026362630910075646,-78.06718779493514,1.0,1.2032379501362638,7.876404615747937,0.052856737377331146,0.13088381140206956,0.006491411982904605,0.5948958638897037,0.0,1.102807932146409,0.5194154995103661,0.26314589299414376,Banks—Regional,Financial Services,FISI
2009Q3,2009,Q3,2009-11-04,2009-09-30,3409000.0,24802000.0,0.0,0.23,24802000.0,1.0,2138205000.0,195935000.0,1394826000.0,73265000.0,1942270000.0,0.0,127941000.0,107057860.0,167064860.0,18.246880238405662,19.038094588138947,0.05617468858224539,0.6130247275882308,0.0,18.246880238405662,0.017398627095720518,4.3165010886218855,7.85111909650924,0.546394773777018,0.5638017013787034,0.0,0.017952908828926712,0.011599449070598938,0.8203917286562479,0.0015943279526518738,12.630705521472393,1.0,0.43750000000000006,-0.29936470183112807,0.019407356120168483,0.09589164027060225,0.11922382671480145,0.2971841704718417,0.0,-0.31391932118873994,0.2086536868345587,0.13642056980967118,Banks—Regional,Financial Services,FISI
2009Q2,2009,Q2,2009-08-05,2009-06-30,2628000.0,22160000.0,0.0,0.16,22160000.0,1.0,1996724000.0,192455000.0,1377353000.0,33128000.0,1804269000.0,0.0,126542000.0,146489840.0,185061840.0,17.946195449459157,41.5767024873219,0.04005410862993584,0.41556207944714346,0.0,17.946195449459157,0.013655140162635422,6.6105523465703975,13.93548706240487,0.7611641162869243,0.730593607305936,0.0,0.013106711018320451,0.011098178816902086,1.249849070272881,0.0013161558633040921,15.361770134228188,1.0,-0.15789473684210525,-0.5031006334879877,-0.10260645419544824,0.14460518421953944,0.004168932390792097,-0.11425682507583418,0.0,-0.4430504387447429,0.24984765051567928,0.2693616878115693,Banks—Regional,Financial Services,FISI
2009Q1,2009,Q1,2009-05-08,2009-03-31,2967000.0,22068000.0,0.0,0.19,22068000.0,1.0,2030429000.0,191676000.0,1342563000.0,31884000.0,1838753000.0,0.0,125922000.0,81655920.0,37727920.0,17.88689809630459,42.107734286789615,0.038790324606277786,0.41090694713996534,0.0,17.88689809630459,0.015479246228009766,3.7001957585644374,6.880343781597573,0.42601014211481875,0.5800471857094709,0.0,0.021076242849263103,0.010868639090556725,3.8479801781457783,0.0014612675449375476,20.851869254341164,1.0,1.6480076384468492,0.18877685274927222,-0.03724728601218959,0.0900387513981848,-0.00040766408479412964,1.9443029917250159,0.0,-0.07708102505685216,0.2560005428952751,0.3037321035317625,Banks—Regional,Financial Services,FISI
2008Q4,2008,Q4,2009-03-12,2008-12-31,-3142000.0,22077000.0,0.0,-0.29320642030608435,22077000.0,1.0,1916919000.0,190300000.0,1236800000.0,23465000.0,1726619000.0,0.0,124952000.0,153774600.0,190066600.0,17.758491974617396,52.70828894097592,0.03694470136714175,0.3721492380451918,0.0,17.758491974617396,-0.01651077246452969,6.965375730398152,-12.235407383831955,0.8080641093011034,-0.6362189688096753,0.0,0.012999546088885941,0.011516918555244119,1.4714681440443214,-0.0016390885582541568,119.85549493374903,1.0,0.8905946192887746,-2.4836558177999324,-0.08816638562847474,0.1022498882679514,0.005694241982507288,0.8894673890100612,0.0,-2.2728419554206516,0.22591733678591366,0.28862287451157254,Banks—Regional,Financial Services,FISI
2008Q3,2008,Q3,2008-11-06,2008-09-30,-28426000.0,21952000.0,0.0,-2.68,21952000.0,1.0,1945819000.0,152770000.0,1201248000.0,47209000.0,1793049000.0,0.0,129534000.0,214867380.00000003,275446380.0,14.22704414229838,25.445317630112903,0.058938678263497274,0.7506971263991621,0.0,14.22704414229838,-0.18607056359232835,9.788054846938778,-1.8897081896854993,1.4064762715192773,-0.07060437627524098,0.0,0.009340645378558624,0.011281624858221654,1.1460738418521892,-0.014608758574153094,78.47603360116875,1.0,-23.333333333333336,-8.282044916712579,-0.10920134235605378,-0.1315595412956671,0.282317892400257,-18.428571428571427,0.0,-4.338765092312621,-0.2539991531268582,-0.07298499211098894,Banks—Regional,Financial Services,FISI
2008Q2,2008,Q2,2008-08-05,2008-06-30,1631000.0,17119000.0,0.0,0.12,17119000.0,1.0,1895448000.0,188998000.0,1097926000.0,51977000.0,1706450000.0,0.0,159946000.0,218282172.01999998,247107172.01999998,13.905431909124907,21.123304538545895,0.04719992318438702,0.4733647975110848,0.0,13.905431909124907,0.008629720949428037,12.750871664232722,33.45833415389332,1.154944348723267,1.1716738197424892,0.0,0.008754723220478608,0.009031637903018178,1.166669873213152,0.0008604825877576172,29.162614832331325,1.0,-0.6129032258064516,-0.6286065186974036,-0.4387941161436956,-0.1566442894669344,-0.13666851581017703,-0.5684043397724265,0.0,1.1135145713907504,-0.3415073874698849,-0.07095066678150729,Banks—Regional,Financial Services,FISI
2008Q1,2008,Q1,2008-05-06,2008-03-31,3779000.0,19829000.0,0.0,0.31,19829000.0,1.0,1912652000.0,197364000.0,1095537000.0,27835000.0,1715288000.0,0.0,160328000.0,231006620.85,251882620.85,16.19021907787021,39.35825399676666,0.03677407076666325,0.35637704951257576,0.0,16.19021907787021,0.01914736223424738,11.649938012506935,15.282258590235513,1.170459763938712,0.4776395871923789,0.0,0.007813628862057788,0.010367280613514638,1.7768995868510868,0.001975790682256887,66.91964682792585,1.0,-0.07784281844802349,-0.191394036196447,-0.2692371734700312,-0.0008153031929255607,-0.018657824408591508,-0.07784285017081503,0.0,0.5271760112474867,-0.23817287042297622,0.0235096617533296,Banks—Regional,Financial Services,FISI
2007Q4,2007,Q4,2008-03-11,2007-12-31,4098000.0,20206000.0,0.0,0.3361682869272619,20206000.0,1.0,1857876000.0,195322000.0,1031630000.0,25643000.0,1662554000.0,0.0,158744000.0,217231555.86,240276555.86,16.022709160372536,40.23047225363647,0.036713967993558236,0.3492182140260698,0.0,16.022709160372536,0.020980739496830873,10.75084409878254,13.252291109077598,1.1121714699829,0.4153245485602733,0.0,0.00783495746399245,0.010875860391113292,1.761299379947744,0.0022057446245066946,23.798373779579318,1.0,-0.23598116607440475,-0.39929745189334465,-0.2763201512921051,0.007021528241638881,-0.0466619485727766,-0.2200228397411496,0.0,5.561723151209323,-0.24991974571098033,-0.01957481977363984,Banks—Regional,Financial Services,FISI
2007Q3,2007,Q3,2007-11-06,2007-09-30,5254000.0,21195000.0,0.0,0.44,21195000.0,1.0,1902985000.0,188324000.0,1031325000.0,33374000.0,1714661000.0,0.0,156451000.0,217921589.25,241406589.25,15.771328631681223,30.902049499610474,0.04162986045607296,0.420663324908137,0.0,15.771328631681223,0.027898727724559803,10.281745187544232,10.369318102874,1.1571631297657228,0.30452988199467074,0.0,0.007342090361522086,0.011137765142657456,1.6700425480913286,0.0027609255984676704,322.8467988888889,1.0,0.6296296296296295,-0.2947537540729709,-0.22343124130187603,0.0039532431401236665,0.13597384499946405,0.5259947720011617,0.0,-0.028951120221001166,-0.21660554740815421,-0.052787820295902545,Banks—Regional,Financial Services,FISI
2007Q2,2007,Q2,2007-08-07,2007-06-30,3443000.0,18658000.0,0.0,0.27,18658000.0,1.0,1898092000.0,182766000.0,1014276000.0,22521000.0,1715326000.0,0.0,152900000.0,256439743.72,288512743.72,14.33250636848671,45.03689889436526,0.04024146353285299,0.4179223706816366,0.0,14.33250636848671,0.01883829596314413,13.744224660735341,18.620370586697646,1.403104208222536,0.43711879175137963,0.0,0.005868825082134192,0.009829871260191813,1.9674525997957462,0.0018139268275721094,-135.82613544491525,1.0,-0.06896551724137918,-0.5529801376437073,-0.33335707259241715,-0.04121646818892691,-0.001925751578046432,-0.04757952973720608,0.0,-0.45252581391438884,-0.3645786307252735,-0.08587526874818192,Banks—Regional,Financial Services,FISI
2007Q1,2007,Q1,2007-05-08,2007-03-31,3615000.0,18694000.0,0.0,0.29,18694000.0,1.0,1962748000.0,184530000.0,1084938000.0,24860000.0,1778218000.0,0.0,150865000.0,250182926.19,289270926.19,14.803236801169177,43.6419147224457,0.04062416571052423,0.43209776188153687,0.0,14.803236801169177,0.01959031051861486,13.383060136407403,17.301723802904565,1.3557845672248414,0.38506224066390043,0.0,0.00556392884677851,0.009524401502383394,1.6350362027353178,0.0018418054686592472,21.963210094811693,1.0,0.2033954494007989,-0.5198116130541574,-0.2817228717482798,0.06827909596832095,-0.020641240569991618,0.20339547270306257,0.0,0.2451265824782986,-0.2989057193699393,-0.09788149557737985,Banks—Regional,Financial Services,FISI
