Quarters,Year,Quarter,FillingDate,Date,NetIncome,Revenue,OperatingIncome,EPSDiluted,GrossProfit,GrossProfitRatio,TotalAssets,CommonStockEquity,CurrentAssets,CurrentLiability,TotalLiability,Inventory,RetainedEarnings,MarketCap,EnterpriseValue,bookValuePerShare,currentRatio,debtToAssets,debtToEquity,roic,shareholdersEquityPerShare,roe,priceToSalesRatio,peRatio,pbRatio,payoutRatio,inventoryTurnover,dividendYield,assetTurnover,quickRatio,returnOnAssets,priceToFreeCashFlowsRatio,grossProfitMargin,epsdilutedGrowth,fiveYNetIncomeGrowthPerShare,fiveYRevenueGrowthPerShare,fiveYShareholdersEquityGrowthPerShare,grossProfitGrowth,netIncomeGrowth,operatingIncomeGrowth,threeYNetIncomeGrowthPerShare,threeYRevenueGrowthPerShare,threeYShareholdersEquityGrowthPerShare,Industry,Sector,Symbol
2023Q1,2023,Q1,2023-05-12,2023-03-31,-744823.0,8308940.0,-974950.0,-0.15,4478463.0,0.5389933012,98109258.0,70167365.0,27268149.0,8201891.0,27941893.0,22569545.0,21723828.0,30035400.45,50179798.45,14.133740582439945,3.3246173351974564,0.2068993121933508,0.2892902989872856,-0.007060933091512853,14.133740582439945,-0.010614948986612223,3.614829382568655,-10.08138861514749,0.4280537034560155,0.0,0.16971884014498298,0.0,0.08469068230033908,0.5002704864036842,-0.007591770799041208,-10.80368116994016,0.538993301191247,-2.3636363636363638,-3.2539385209439136,0.8331432666191445,0.5418918657897646,-0.297234405842363,-2.324108592040305,-3.6250249053596333,-1.9463092790840093,0.2740070178989389,0.4080731313664171,Beverages—Wineries & Distilleries,Consumer Defensive,WVVI
2022Q4,2022,Q4,2023-03-28,2022-12-31,562509.0,11388024.0,371406.0,0.11,6372627.0,0.5595902327,98683982.0,70361934.0,27778432.0,9928294.0,28322048.0,22201499.0,22980370.0,29623840.9959,46871884.995900005,14.172932417153772,2.79790586378687,0.1782125086926468,0.24994651227182016,0.0066375201585651715,14.172932417153772,0.00799450737098841,2.601315293671668,13.165940898678954,0.4210208462419467,0.571971292903758,0.22590353020757742,0.010860813087827784,0.11539891043310352,0.5159847200334721,0.0057001043999217625,-12.547913087487686,0.5595902326865486,1.3235294117647058,-0.6148689034722864,0.9153668000423841,0.5726496914720898,0.6364477478331142,1.3375089775951625,1.3029326242725534,-0.3551530756126807,0.5813904013915315,0.4346372092660987,Beverages—Wineries & Distilleries,Consumer Defensive,WVVI
2022Q3,2022,Q3,2022-11-14,2022-09-30,-1666649.0,7602878.0,-1226035.0,-0.34,3894183.0,0.5121985385,94956645.0,69074962.0,25544685.0,9005809.0,25881683.0,20857847.0,23302114.0,30631143.93,46003687.93,13.913698963184624,2.836467551110622,0.16571675420924992,0.22780913002890976,-0.0165702661513898,13.913698963184624,-0.02412812040345386,4.028887998728902,-4.5947202935351115,0.4434478578504321,-0.27997016768377747,0.17780814098406225,0.015233254137237832,0.0800668347117782,0.4875118937121585,-0.017551683718395907,-6.550139397499493,0.5121985385008151,-7.500000000000001,-3.674977843234723,0.48176062344084386,0.7180340951896717,-0.19329279547370276,-7.474912684876904,-3.758587715410075,-2.955701713212861,0.12495784854536598,0.4039953165576718,Beverages—Wineries & Distilleries,Consumer Defensive,WVVI
2022Q2,2022,Q2,2022-08-11,2022-06-30,257401.0,8700861.0,444443.0,-0.04,4827257.0,0.5548022201,93904688.0,70024783.0,26732641.0,6695275.0,23879905.0,20432556.0,24718547.0,31127596.83,44005064.83,14.105020435976908,3.9927622091698995,0.17044809307071015,0.2285744319978828,0.0033740371893795605,14.105020435976908,0.003675855732391202,3.577530640933121,30.232591200111887,0.44452257467188433,3.625568665234401,0.1895800016405192,0.029980631177430987,0.09265630060982685,0.8953995168234314,0.002741087857083344,-5.873671190164077,0.554802220148098,-1.0100502512562815,-0.5636905158571174,0.6472678129465271,1.000542768354401,0.297639615175043,3.6015342321764265,10.916397063745286,-0.2848204139356674,0.5025221742556388,0.44838940770566227,Beverages—Wineries & Distilleries,Consumer Defensive,WVVI
2022Q1,2022,Q1,2022-05-12,2022-03-31,-98942.0,6242318.0,-44819.0,-0.0199,3720029.0,0.5959371182,92974806.0,69767382.0,31347918.0,7414775.0,23207424.0,20120717.0,24927759.0,44929980.3558,50839063.3558,14.053172415751826,4.22776389034057,0.15571144079612276,0.20750729904126258,-0.00035311371471769476,14.053172415751826,-0.0014181698834564267,7.197643624659943,-113.52605656798933,0.6439969376491725,0.0,0.1253578090681361,0.0,0.06713988733679101,1.4720763610493912,-0.00106418076311985,-7.73438668090864,0.5959371182307598,-1.0349122807017543,-1.3165788905349023,0.41424193158802003,1.02255361702482,-0.33222055577844617,-1.0349520311262494,0.9409466663504437,-1.2319989870473367,0.24876680057918038,0.4538886405795734,Beverages—Wineries & Distilleries,Consumer Defensive,WVVI
2021Q4,2021,Q4,2022-03-29,2021-12-31,2830794.0,9430347.0,-758958.0,0.57,5570745.0,0.5907253466,91375110.0,64961994.0,36425857.0,11931983.0,26413116.0,19076750.0,25493313.0,42992821.14,35564053.14,13.08522802465249,3.0527915602963898,0.0691492136097018,0.09726482533771978,-0.025433668250550674,13.08522802465249,0.0435761562368298,4.558986126385381,3.7968871224822434,0.6618149858515734,0.0,0.20231968233582764,0.0,0.10320476768783096,1.4172547848919999,0.030979924401732594,-8.738071027177297,0.590725346585868,27.499999999999996,1.6823535774198757,0.6223855997668579,0.8913449098698014,0.24858740220519907,5.205282436523298,-2.0953782294879435,1.613282645561943,0.2980895935174441,0.36588788776379483,Beverages—Wineries & Distilleries,Consumer Defensive,WVVI
2021Q3,2021,Q3,2021-11-12,2021-09-30,456191.0,7641228.0,692873.0,0.02,4461638.0,0.5838901810023206,84783759.0,61513237.0,34593511.0,10657410.0,23270522.0,18154900.0,25065347.0,63086752.2675,60691778.2675,12.390548428662619,3.2459585396451858,0.1356005222651192,0.18689834189672053,0.006475202850725247,12.390548428662619,0.007416143617998838,8.256101279467122,34.57255418645918,1.025580108351313,0.0,0.17513673994348633,0.0,0.09012608181243768,1.5245876812471322,0.005380641356088021,-36.64859931561361,0.5838901810023206,-0.8571428571428571,-0.23491783571987102,0.6210778373409922,0.8334259049136802,-0.13193026161137478,-0.5766409200121386,-0.5493784445048563,-0.28902011573522096,0.39922604471420164,0.29512733299352867,Beverages—Wineries & Distilleries,Consumer Defensive,WVVI
2021Q2,2021,Q2,2021-08-12,2021-06-30,1077551.0,8949951.0,1537594.0,0.14,5139723.0,0.5742738703262175,79366756.0,61034132.0,32458751.0,5529419.0,18332624.0,16496297.0,24970227.0,67914756.72,66461126.72,12.294042798420556,5.870191967727531,0.14696155654894097,0.1911039219825392,0.014426382687408791,12.294042798420556,0.017654891856248568,7.588282519088652,15.756738363195803,1.1127340472376996,0.0,0.2309747454231698,0.0,0.11276700032945784,2.841626398722904,0.013576855780775518,839.7912319620135,0.5742738703262175,4.665191832742389,1.2741160296767957,0.9428684715944634,0.9219725785793744,0.4711963445956525,7.783070465012023,7.735882824173764,0.34148060080547255,0.5374509644937928,0.30263447509849717,Beverages—Wineries & Distilleries,Consumer Defensive,WVVI
2021Q1,2021,Q1,2021-05-13,2021-03-31,122685.0,5765338.0,176009.0,0.02471231409867885,3493567.0,0.6059604831494702,78673526.0,60033803.0,33686959.0,5453890.0,18639723.0,17546300.0,24255182.0,44928987.45,43663214.45,12.092547550835135,6.176684714946579,0.15283415668950695,0.20028719486586583,0.0016599958046938886,12.092547550835135,0.0020435986705689795,7.792949424647784,91.55354658271183,0.74839482432922,0.0,0.12947293731441956,0.0,0.07328180511446761,2.859809787142755,0.0015594191113285046,-47.291878886694825,0.6059604831494702,60.780785246697114,-0.7473947054707278,0.38429922013941187,1.0723897577941348,-0.6250009392239455,60.72851929541387,-0.8945944699660504,-0.6287380391824581,0.27196616349179126,0.31921203707913465,Beverages—Wineries & Distilleries,Consumer Defensive,WVVI
2020Q4,2020,Q4,2021-03-15,2020-12-31,1987.493,15224303.0,1669827.0,0.0004,9316202.0,0.6119296233134613,66512986.0,58821927.0,35026130.0,7303520.0,20668420.0,17687973.0,24492133.0,31624049.73,20186641.73,11.84844060735671,4.795787510679782,0.03852401093524804,0.04356108564753412,16.89278979049316,11.84844060735671,3.3788301427119175e-05,2.077208377289916,3977.8819007161283,0.5376234908115132,0.0,0.33401797933545013,0.0,0.22889218956430554,2.282643300764563,2.988127761998236e-05,18.01721485084716,0.6119296233134613,-0.9969230769230768,-0.9967958275936823,2.022037826248498,1.1750534609903367,1.2070047903473826,-0.9977837921317931,0.280705212473367,-0.9986392300239976,1.560595632744159,0.3147206179458313,Beverages—Wineries & Distilleries,Consumer Defensive,WVVI
2020Q3,2020,Q3,2020-11-12,2020-09-30,896799.0,6918131.0,1303834.0,0.13,4221197.0,0.6101643637566273,75275428.0,51349408.0,31206315.0,10678844.0,23926020.0,16617086.0,23748461.0,30531853.35,27455863.35,10.343258746197273,2.922255910845781,0.10145512556899709,0.14872767374455417,0.014717624745933898,10.343258746197273,0.01746464146188404,4.413309512352397,8.511342382741283,0.5945901722956572,0.0,0.16229885312021614,0.0,0.0919042399865199,1.355275627212084,0.011913568927167044,68.05545157278125,0.6101643637566273,0.857142857142857,0.9708881221993109,0.6271508922831689,1.259827307803096,0.20552860862045527,0.44546848027387853,0.3788809759997631,0.4393657301777739,0.348307062615687,0.2771636951722869,Beverages—Wineries & Distilleries,Consumer Defensive,WVVI
2020Q2,2020,Q2,2020-08-12,2020-06-30,620421.0,5568654.0,945574.0,0.07,3501532.0,0.6287932415984185,68982888.0,50452609.0,25085976.0,5100250.0,18530279.0,16712387.0,23108114.0,30005613.275999997,31863705.275999997,10.162617440647441,4.918577716778589,0.11251600541861918,0.1538409837239537,0.010868838772784979,10.162617440647441,0.012297104397514904,5.38830627221587,12.090827549357613,0.5947286745071994,0.0,0.12368801655921444,0.0,0.08072515027205007,1.6098936326650655,0.00899383916776578,202.6037358271438,0.6287932415984185,-0.3636363636363636,0.20226355276656816,0.1662243393401662,1.239884487104985,-0.1049349674671182,-0.21174540899169336,-0.1265211937132923,0.05164924169452081,0.05427089291920992,0.4413840037114027,Beverages—Wineries & Distilleries,Consumer Defensive,WVVI
2020Q1,2020,Q1,2020-05-13,2020-03-31,787082.0,6521895.0,1082538.0,0.11,3912042.0,0.5998321040127141,68490434.0,49832188.0,25238167.0,5039999.0,18658246.0,16604638.0,22744145.0,24077965.65,26292130.65,10.037646673027794,5.00757381102655,0.11507531110110938,0.15816198959596156,0.012521598947767039,10.037646673027794,0.015794650638258148,3.6918664973907123,7.647858053544611,0.48318098434690443,0.0,0.15717614560461962,0.0,0.09522344390458966,1.6556999316864944,0.011491853008260978,-21.696395688107785,0.5998321040127141,-0.38888888888888884,1.464356914619992,0.6400673003185114,1.2659902139845645,-0.12119869726743353,-0.09770793544526397,-0.16233494902222964,1.5183799227829642,0.4775821069055199,0.4446331393610389,Beverages—Wineries & Distilleries,Consumer Defensive,WVVI
2019Q4,2019,Q4,2020-03-11,2019-12-31,872314.0,7201273.0,1292328.0,0.18,4451566.0,0.6181637607684086,67915487.0,49045106.0,26765809.0,5371201.0,18870381.0,17075080.0,22213515.0,34404185.97,35290503.97,9.879105550597046,4.983207480040312,0.11685838312548653,0.16182030476190631,0.014912215765671338,9.879105550597046,0.017785954015473022,4.7775144713997095,9.860034910020934,0.7014805100023639,0.0,0.16103625868809984,0.0,0.1060328552160717,1.76641090139803,0.012844110210090963,38.092407102926664,0.6181637607684086,0.5,-0.008881999072915689,0.5940883043182318,1.277203720805582,0.09535972000151574,0.02360244074160995,0.014125887625389716,-0.17342816943463882,0.23889837936927252,0.42793048481739737,Beverages—Wineries & Distilleries,Consumer Defensive,WVVI
2019Q3,2019,Q3,2019-11-13,2019-09-30,852200.0,6758367.0,1274327.0,0.12,4064022.0,0.601331948975248,66611322.0,49198855.0,26293505.0,4502706.0,17412467.0,16529308.0,21597907.0,34354540.68,34895867.68,9.910075054451289,5.839489631346129,0.12089896669518134,0.163687549232599,0.01491078320655624,9.910075054451289,0.01732154132448814,5.083260598307254,10.078191938512086,0.6982792725562413,0.0,0.16300410156311443,0.0,0.10145973382723135,2.1315768784371,0.012793620880246154,-88.44757227412806,0.601331948975248,4.999999999999999,0.4498864903813607,0.6310145127443766,1.3753515247092287,0.16169414336668803,1.3678075968781171,1.1365874677875563,0.42923253724761323,0.4337798794011552,0.46639096962320387,Beverages—Wineries & Distilleries,Consumer Defensive,WVVI
2019Q2,2019,Q2,2019-08-14,2019-06-30,359911.0,5790837.0,596431.0,0.02,3498358.0,0.6041195771872011,65354516.0,48346655.0,26760191.0,3921289.0,17007861.0,16413091.0,21002160.0,34354540.68,34276387.68,9.738417279866832,6.8243353142295815,0.12498736889123316,0.168956652740505,0.007057154965018686,9.738417279866832,0.007444382656876676,5.9325691052951415,23.863219434804716,0.7105877475908106,0.0,0.13967381281198038,0.0,0.08860653179651733,2.594080160885872,0.005507056314210942,77.1370785638907,0.6041195771872011,-0.3333333333333333,-0.35703260058081043,0.5308244748261018,1.4027532122797906,0.06636579004802727,-0.1560814676558587,0.05668115895811409,-0.24042632380555048,0.25708337748918025,0.5224423143436759,Beverages—Wineries & Distilleries,Consumer Defensive,WVVI
2019Q1,2019,Q1,2019-05-14,2019-03-31,426476.0,4998786.0,564438.0,0.03,3280636.0,0.6562865463734595,65211103.0,47986744.0,27197200.0,3969250.0,17224359.0,16328575.0,20898701.0,35694963.510000005,35819200.510000005,9.665920775163162,6.851974554386849,0.12700007543193986,0.17258547485530587,0.006806771466090965,9.665920775163162,0.008887371062308374,7.140726470387011,20.924368258706235,0.7438504998380386,0.0,0.10522351154341392,0.0,0.07665544316893398,2.6816524532342383,0.006539929251005001,-29.65488598704472,0.6562865463734595,-0.8636363636363636,1.3766130873234879,0.6395488624557011,1.4520938731092552,-0.2909765293891607,-0.6062933828640745,-0.6378381083640675,-0.1218967633397252,0.2002445583318465,0.6565206901100226,Beverages—Wineries & Distilleries,Consumer Defensive,WVVI
2018Q4,2018,Q4,2019-03-21,2018-12-31,1083233.0,7264789.0,1558524.0,0.22,4626978.0,0.6369046644025036,61482536.0,47560268.0,28634329.0,5395262.0,13922268.0,16247109.0,20728677.0,34205604.809999995,32821927.809999995,9.580016150575412,5.307310191794207,0.13587256713028234,0.1756464030017661,0.020200551897480132,9.580016150575412,0.022776007065393324,4.7084099496902105,7.894332246617301,0.7192054681020721,0.0,0.16235571509983715,0.0,0.11816020406184936,2.255204659199127,0.01761854781006431,852.6673848339814,0.6369046644025036,1.7500000000000002,1.8254031801368629,0.9793757050812296,1.4581627535420987,0.3062548363701244,0.688233378062674,0.6018673261098811,0.7463534655028549,0.44206714472997555,0.7586320407188966,Beverages—Wineries & Distilleries,Consumer Defensive,WVVI
2018Q3,2018,Q3,2018-11-13,2018-09-30,641637.0,5461039.0,972942.0,0.08,3542171.0,0.6486258384164625,60528668.0,47495899.0,27987517.0,4999668.0,13032769.0,15342544.0,19896589.0,39219779.1,36750394.1,9.567050368725814,5.5978750989065675,0.13994862731821556,0.17835021924735017,0.012652396469871418,9.567050368725814,0.013509313719906638,7.181743089547612,15.281139920235274,0.8257508527209897,0.0,0.12506843715097052,0.0,0.09022235546303448,2.501867123977032,0.01060054716551833,71.87519650334913,0.6486258384164625,-0.2727272727272727,1.668788163483051,0.7319351556767464,1.4922613291123816,-0.04834225570147653,-0.20120385182787534,-0.17470703746273025,0.4101205978860359,0.2844414888418829,1.0902388897815092,Beverages—Wineries & Distilleries,Consumer Defensive,WVVI
2018Q2,2018,Q2,2018-08-14,2018-06-30,803255.0,5821292.0,1178905.0,0.11,3722106.0,0.6393951720683312,58983233.0,46854381.0,27497357.0,3978916.0,12128852.0,14945481.0,19511390.0,42446722.95,40033538.95,9.437830053968867,6.910765897043316,0.14555902691871772,0.1832388309643873,0.015386855435922279,9.437830053968867,0.017143647677257758,7.291632673640148,13.210849278871592,0.9059285822173171,0.0,0.1404562355671256,0.0,0.09869401360213673,3.1165654163093666,0.013618361679157193,356.62023062381854,0.6393951720683312,4.5,0.4893490624039464,0.5584264234475494,1.5010511535319864,0.2878172223521613,1.4307619214777245,1.4958610673576884,0.5565627373630322,0.21913345968454756,1.0801382373467854,Beverages—Wineries & Distilleries,Consumer Defensive,WVVI
2018Q1,2018,Q1,2018-05-10,2018-03-31,330454.0,4532619.0,472344.0,0.02,2890244.0,0.6376543009681599,58011717.0,45507319.0,27995823.0,4227447.0,12504398.0,15191100.0,18964573.0,39418360.260000005,36952519.260000005,9.166492732744636,6.622394792885635,0.14994681160704137,0.19114885673664933,0.006353808816842744,9.166492732744636,0.007261557201381167,8.696596881405652,29.821367164567533,0.8661982539555891,0.0,0.10811429060436703,0.0,0.07813281927166542,2.982328104882214,0.005696332001343798,-16.096655929671595,0.6376543009681599,-0.9310344827586207,0.07724385543646108,0.4408437231303451,1.4954920678910435,-0.19010793352608446,-0.7737491997959693,-0.5158152622380311,0.034652806014919435,0.13982212327895358,1.0693279516178142,Beverages—Wineries & Distilleries,Consumer Defensive,WVVI
2017Q4,2017,Q4,2018-03-22,2017-12-31,1460565.0,5945610.0,975545.0,0.29,3568678.0,0.6002206670131408,59695271.0,44741009.0,30437992.0,6434883.0,14954262.0,14793594.0,18889012.0,40962328.779,36136025.779,9.01213569303352,4.7301546896812265,0.14992735354195813,0.20003916317577908,0.02838447982427393,9.01213569303352,0.032644882908206205,6.889508188226271,7.0113840840702055,0.9155432497957298,0.0,0.16067305889292352,0.0,0.0995993468226319,2.414386710683007,0.024467013475824577,-94.80879333737606,0.6002206670131408,2.2222222222222223,1.658984812339602,0.5136771992610356,1.4944980763275892,0.055392866923327615,1.3384642233298056,-0.11171238109286662,0.6594853034848311,0.3161322120460538,1.0773610351131881,Beverages—Wineries & Distilleries,Consumer Defensive,WVVI
2017Q3,2017,Q3,2017-11-09,2017-09-30,624583.0,5143588.0,1098231.0,0.09,3381374.0,0.657395965617775,55885128.0,40304643.0,26990592.0,6603366.0,15580485.0,11929867.0,17672243.0,39366447.7932,35418397.7932,8.098616320910992,4.0873990628415875,0.1621384673217533,0.22481600941112417,0.013579646977991406,8.098616320910992,0.015496552096987932,7.653499423593026,15.757092249228684,0.9767224037488683,0.0,0.14771447158631357,0.0,0.09203858314505427,2.264239631727213,0.011176193423051657,571.1324704861665,0.657395965617775,0.0,1.2557267622459438,0.5789281811829637,1.315840488771393,0.060346184649792065,0.052370594152326616,0.036908246313046435,0.06002578689553523,0.2382719233977766,0.9411619508643677,Beverages—Wineries & Distilleries,Consumer Defensive,WVVI
2017Q2,2017,Q2,2017-08-10,2017-06-30,593501.0,5313784.0,1059140.0,0.09,3188934.0,0.6001248827577486,51352719.0,35213550.0,23200357.0,7018007.0,16139169.0,11681214.0,17244247.0,40404752.63,39566895.63,7.050596797577771,3.3058326958066586,0.17850727631384036,0.26032121157906546,0.014286018239565906,7.050596797577771,0.016854335901946835,7.603762710339751,17.01966493316776,1.14742059888878,0.0,0.18190318232334413,0.0,0.10347619568108944,1.6296058125903836,0.011557343244084115,607.3254164349382,0.6001248827577486,1.2499999999999998,1.6322900376802763,0.8177981334528691,1.069175560101959,0.16262885705275323,0.8833529019769619,1.105114613208991,0.05392427916806178,0.39631072752231683,0.7395890540543001,Beverages—Wineries & Distilleries,Consumer Defensive,WVVI
2017Q1,2017,Q1,2017-05-11,2017-03-31,315130.0,4450545.0,503127.0,0.04,2742865.0,0.616298678027073,48396846.0,34781107.0,21431714.0,4356754.0,13615739.0,12163706.0,16782579.0,40045992.0,41686656.0,6.948232322475618,4.919193050606024,0.19168902039608118,0.2667294057086797,0.007242428799704296,6.948232322475618,0.009060378670523627,8.99799732392325,31.769422143242473,1.1513719790459802,0.0,0.14039142346913022,0.0,0.09195940165191757,2.0909066704248165,0.0065113747288408005,1659.6623150565708,0.616298678027073,-0.8095238095238095,0.650980492434751,0.3559412456735714,1.0461903245817807,-0.24974862743467596,-0.7038535779464751,-0.6860984840449758,0.7416569624426838,0.4477114145972506,0.7626585509226415,Beverages—Wineries & Distilleries,Consumer Defensive,WVVI
2016Q4,2016,Q4,2017-03-23,2016-12-31,1064102.0,5860904.0,1602818.0,0.21,3655928.0,0.6237822697658928,44871122.0,34632164.0,19948197.0,3566311.0,10238958.0,11970656.0,16599282.0,40096049.49,39459271.49,6.918477934071404,5.593510212653916,0.11298074962333235,0.14638337355990808,0.027026702337980303,6.918477934071404,0.030725830473660266,6.8412738871000105,9.420161199302322,1.1577691041772613,0.0,0.18419842655239613,0.0,0.13061639064875624,2.124828989956288,0.023714628753878718,-30.92167984502162,0.6237822697658928,1.3333333333333333,2.663258335843463,0.4666722271105841,1.0576018860389667,0.20211320933392213,0.7740621629146515,0.6120015729611598,1.7526487035573308,0.5837215300705516,0.775231325441526,Beverages—Wineries & Distilleries,Consumer Defensive,WVVI
2016Q3,2016,Q3,2016-11-10,2016-09-30,599811.0,4741711.0,994303.0,0.09,3041251.0,0.6413826148409297,43835103.0,33750562.0,21140183.0,3339004.0,10084541.0,11811464.0,15672291.0,39947493.938999996,37266150.938999996,6.758139718357465,6.331284119455981,0.1176923663211194,0.15285840277267088,0.01594385410534889,6.758139718357465,0.017771881843034198,8.424700269375336,16.650033901929106,1.183609740750391,0.0,0.14396691214569168,0.0,0.10817154918057338,2.7717888328375766,0.013683348707997789,84.51598380872589,0.6413826148409297,0.28571428571428553,0.5738063835863378,0.06923367438224932,1.0481824450769024,0.03999246315615253,0.2570121465635033,0.20055324533569024,1.4800665708704894,0.49491204046934095,0.7605269782899647,Beverages—Wineries & Distilleries,Consumer Defensive,WVVI
2016Q2,2016,Q2,2016-08-11,2016-06-30,477172.0,4639028.0,828204.0,0.07,2924301.0,0.6303693359902117,41958550.0,31979769.0,19813696.0,3089938.0,9978781.0,10406014.0,15204312.0,41945922.46,40664939.46,6.396575547143183,6.412328014348508,0.1250412609587319,0.16405840830182356,0.013360741570570251,6.396575547143183,0.014921058372873174,9.041963631174461,21.9763117177873,1.3116393198462442,0.0,0.1647823076155769,0.0,0.11056216194315581,2.499812293968358,0.011372461631777075,-470.2194098985483,0.6303693359902117,-0.12499999999999993,1.7093254411761365,0.1980469848927963,0.9849685331079697,0.12514312933043176,-0.021968066572383118,0.11606358378387119,-0.12144637785844839,0.2332302689824939,0.6951102699830124,Beverages—Wineries & Distilleries,Consumer Defensive,WVVI
2016Q1,2016,Q1,2016-05-12,2016-03-31,487890.0,4183769.0,742076.0,0.08,2599048.0,0.6212216783479203,38055509.0,29100290.0,17485254.0,1679013.0,8955219.0,10507796.0,14841831.0,34510960.36,35253598.36,5.8350739793785324,10.414007515129425,0.14013114369328236,0.18325459986824874,0.01380152328766531,5.8350739793785324,0.01676581229946506,8.248772903092881,17.683781364651868,1.185931836418125,0.0,0.15081383384298666,0.0,0.10993858996866919,3.704189902043641,0.01282048283732061,-105.65086394959758,0.6212216783479203,-0.3333333333333333,15.877467794216942,0.132136763865284,0.8307381220925192,-0.1741511215163818,-0.21700446311789148,-0.37020456071174873,0.5832592376706656,0.32392219546057627,0.5885444144934785,Beverages—Wineries & Distilleries,Consumer Defensive,WVVI
2015Q4,2015,Q4,2016-03-10,2015-12-31,623107.0,5060698.0,1178281.0,0.12,3147123.0,0.6218752828167182,38678876.0,27167033.0,18139546.0,4094305.0,11511843.0,10632462.0,14432836.0,35308901.64,36962089.64,5.4474250035040175,4.430433492375385,0.14643269364911224,0.20848253837656838,0.019228816768706476,5.4474250035040175,0.02293614470155795,6.977081351228625,14.166468054443298,1.2996966448268383,0.0,0.1799747791245339,0.0,0.1308388072083584,1.4409476089348499,0.016109749414641727,88.55119034960124,0.6218752828167182,0.3333333333333333,1.0342834874846059,-0.030518850974963735,0.7122282451946397,0.1939231799073655,0.3717089042302138,0.5778893732130781,0.12923595875930727,0.28255020243201506,0.5078103187775697,Beverages—Wineries & Distilleries,Consumer Defensive,WVVI
2015Q3,2015,Q3,2015-11-12,2015-09-30,454256.0,4244519.0,746745.0,0.09,2635951.0,0.6210246673415762,35633017.0,22684422.0,15435821.0,6028787.0,12948595.0,10383662.0,13867340.0,33077431.862000003,38630429.862,4.577012902925105,2.5603526878624177,0.16131597838038805,0.25339746368675387,0.016855999054189247,4.577012902925105,0.02002501981315636,7.792975331716033,18.204179945889543,1.4581562563948072,0.0,0.15491336293496455,0.0,0.11911758692787647,0.2694417633265199,0.012748176782224193,-923.0224316888047,0.6210246673415762,-0.10000000000000009,1.6166690454102417,-0.089336910882009,0.46659620069068747,-0.0448252008495271,-0.10970521195301736,-0.11615677418438508,0.6473871660450021,0.30834824732496147,0.30882009694104445,Beverages—Wineries & Distilleries,Consumer Defensive,WVVI
2015Q2,2015,Q2,2015-08-13,2015-06-30,510231.0,4721154.0,844884.0,0.1,2759653.0,0.5845293332943599,31129728.0,22270914.0,11446158.0,1802276.0,8858814.0,9191743.0,13413084.0,33967546.6,39179900.6,4.53711675720495,6.35094624796646,0.1872956615618357,0.2617972032939465,0.01911269896941134,4.53711675720495,0.02291019578271462,7.194755053531404,16.643219737726636,1.5251976905842302,0.0,0.21339815527914563,0.0,0.15166062485351622,1.091204676753172,0.016390474083165775,234.98333898293362,0.5845293332943599,0.6666666666666669,2.9613580747450414,0.1481762742450685,0.47073278072692554,0.19774838392141783,0.6237087812422432,0.6942849637132595,1.3025282731697245,0.6432958879820083,0.3315314117186236,Beverages—Wineries & Distilleries,Consumer Defensive,WVVI
2015Q1,2015,Q1,2015-05-13,2015-03-31,314238.0,3912501.0,498667.0,0.06,2304034.0,0.5888903287181269,30298897.0,21636861.0,11554379.0,1715464.0,8662036.0,9788856.0,12902853.0,28965102.79,34220785.79,4.4296955084273675,6.735424934594955,0.1789078988584964,0.2505313501806015,0.01149437238939952,4.4296955084273675,0.014523271189845885,7.403219268186768,23.04392116007612,1.3386924651408536,0.0,0.16431613663537395,0.0,0.12913014622281466,0.9241324796090155,0.010371268630669955,-110.47581970745847,0.5888903287181269,-0.6470588235294118,2.669954067216423,0.10201236357749525,0.4482300068112492,-0.09795712227511902,-0.6371151021313156,-0.39574558321013986,0.6871728686650682,0.22160506598317983,0.3045044652390087,Beverages—Wineries & Distilleries,Consumer Defensive,WVVI
2014Q4,2014,Q4,2015-03-26,2014-12-31,865944.0,4444667.0,825260.0,0.17,2554240.0,0.5746752231382014,30977301.0,21190252.0,12515493.0,2705009.0,9787049.0,9910570.0,12588615.0,28330117.4,33312650.4,4.338261640948936,4.626784236207717,0.17762341528721304,0.25966156513853633,0.03209078436994066,4.338261640948936,0.04086520537839758,6.3739572390912524,8.17896925205325,1.3369410330750195,0.0,0.19074856441153235,0.0,0.1434814156339831,0.9075382004274293,0.027954146166575326,84.92826963489689,0.5746752231382014,0.4166666666666668,12.435910778425727,-0.013776871969886218,0.4008996536652344,0.021854183027532663,0.5087551790586571,-0.15154057391248918,2.0550813784631417,0.13987276633985044,0.29022820042355646,Beverages—Wineries & Distilleries,Consumer Defensive,WVVI
2014Q3,2014,Q3,2014-11-13,2014-09-30,573946.0,4046201.0,972657.0,0.12,2499613.0,0.6177678765834915,29805312.0,20225097.0,12322874.0,2582918.0,9580215.0,9827987.0,11722671.0,26711185.15,31386991.15,4.1720456746562595,4.770911813692885,0.18727782483874014,0.27598750206241285,0.02321709253054585,4.1720456746562595,0.028377910869846507,6.601546771897886,11.63488601279563,1.3206950330077525,0.0,0.15736569452116694,0.0,0.13575435814931244,0.9447733145225671,0.0192565003177957,39.16354879904756,0.6177678765834915,0.09090909090909087,1.3280674407549604,-0.06641595147319479,0.35008394227520206,0.11551818933185289,0.050154152981968216,0.28053635609621236,0.5513871642172167,-0.060066163281464,0.26441758634827733,Beverages—Wineries & Distilleries,Consumer Defensive,WVVI
2014Q2,2014,Q2,2014-08-13,2014-06-30,546535.0,3693412.0,759570.0,0.11,2240764.0,0.606692131828239,28445368.0,19645771.0,11161810.0,1671618.0,8799597.0,9469923.0,11148725.0,28646881.080000002,33897887.08,4.053024351438401,6.677249227993477,0.19899141399752676,0.28812226305600325,0.01843614631369195,4.053024351438401,0.02781947320876335,7.756210539197902,13.1038639245428,1.4581703655203964,0.0,0.1533959674223328,0.0,0.1298422998078281,0.9559169618896183,0.019213497255510983,38.516141674162334,0.606692131828239,1.7500000000000002,1.1585608505762433,-0.08645945716091077,0.33307538754677446,0.30126499065905765,2.1245747934711146,2.053731883329648,2.20067905032245,-0.016187045003413225,0.2577238777580998,Beverages—Wineries & Distilleries,Consumer Defensive,WVVI
2014Q1,2014,Q1,2014-05-13,2014-03-31,174915.0,2971879.0,248735.0,0.04,1721989.0,0.5794276954075183,28911645.0,19075465.0,11701592.0,2578725.0,9836180.0,9921788.0,10602190.0,31406077.01,37597973.010000005,3.9419048679840194,4.537743264597815,0.22076409004053557,0.3346001263927249,0.00606997294252766,3.9419048679840194,0.009169632299920343,10.567750911123905,44.88762686161851,1.6464121325482761,0.0,0.12597426996021283,0.0,0.10279176435654215,0.6352065458705368,0.006049984357514074,-24.49111005142138,0.5794276954075183,-0.47368421052631576,0.06195554196842926,-0.17891478150378745,0.3202079443800749,-0.1492405614257673,-0.5319474027850621,-0.5722675058467465,5.235831644528107,-0.1712104340205669,0.23676161450296307,Beverages—Wineries & Distilleries,Consumer Defensive,WVVI
2013Q4,2013,Q4,2014-03-27,2013-12-31,373708.0,3577550.0,581520.0,0.076,2024061.0,0.5657673547539517,29004812.0,18859258.0,12579518.0,2750413.0,10145554.0,9833312.0,10427275.0,30438247.21,35309309.21,3.8972261445142524,4.573683297744739,0.20054413729694232,0.30842915452983355,0.01576429885044835,3.8972261445142524,0.01981562583215098,8.50812629033836,20.36231978576857,1.6139684397975784,0.0,0.1579822749445965,0.0,0.12334332661766606,0.9338368455937345,0.012884344845951768,-15.95479940559184,0.5657673547539517,0.5199999999999999,0.5149966610473421,-0.2374179310695951,0.32095996305297936,0.15078135926834343,0.6103522273835892,0.3874685951379428,0.25737029078161056,-0.2936879497635864,0.22497155596561458,Beverages—Wineries & Distilleries,Consumer Defensive,WVVI
2013Q3,2013,Q3,2013-11-12,2013-09-30,232066.0,3043546.0,419123.0,0.05,1758858.0,0.5778976233643257,28800600.0,18394956.0,12441659.0,3076173.0,10405644.0,8914627.0,10053567.0,27501127.308,31681361.308,3.8387027303164545,4.0445251291133495,0.20383144795594535,0.31913465843571465,0.009753495540623804,3.8387027303164545,0.01261574096725211,9.035883573962739,29.626407259141793,1.4950363190866016,0.0,0.1441101237326026,0.0,0.10567647896224384,1.0721181806094782,0.00805767935390235,-15.931064364654645,0.5778976233643257,-0.5454545454545454,-0.035861820360812945,-0.24057868668450882,0.3260543589931266,-0.17959656587499195,-0.5546826577116815,-0.5265200853595301,0.3825821656703425,-0.3246320740206882,0.2300220600787769,Beverages—Wineries & Distilleries,Consumer Defensive,WVVI
2013Q2,2013,Q2,2013-08-08,2013-06-30,521125.0,3609259.0,885197.0,0.11,2143894.0,0.5939983802769488,25785330.0,18101418.0,13582461.0,2175409.0,7683912.0,8660642.0,9821501.0,20866628.099999998,21600302.099999998,3.7735453913610506,6.2436355646225605,0.1529153592372097,0.2178267470537391,0.024478865149063955,3.7735453913610506,0.02878918104647934,5.78141610230798,10.010375677620532,1.1527620709051634,0.0,0.16919819569957978,0.0,0.13997334918730922,2.153516878894957,0.020210134987607296,-60.457219967144425,0.5939983802769488,0.8333333333333334,2.3409548464459684,-0.061762848941426765,0.3257458668496294,0.22043625922345902,0.7570374216518934,0.8113152337611315,3.1401324405090345,-0.1017990374858301,0.2232166822294132,Beverages—Wineries & Distilleries,Consumer Defensive,WVVI
2013Q1,2013,Q1,2013-05-14,2013-03-31,296593.0,3041559.0,488704.0,0.06,1756662.0,0.5775531561281566,25066675.0,17631488.0,14326802.0,1824535.0,7435187.0,9210530.0,9300376.0,22224037.04,22472452.04,3.6732205446324255,7.8523031895798105,0.15914244709360137,0.22625271332742874,0.013309072365684075,3.6732205446324255,0.0168217793075661,7.306791365875197,18.73277272221529,1.2604742742075994,0.0,0.13950304705592403,0.0,0.12133874955493698,2.7194260455403705,0.011832163619626456,-73.28473975782836,0.5775531561281566,-0.4545454545454546,3.9731545560454133,-0.09918442509368389,0.30705575177951483,-0.19012864080019806,-0.44154015036971067,-0.28095706817683574,2.6039290016292984,-0.12822046418497904,0.20091058273683224,Beverages—Wineries & Distilleries,Consumer Defensive,WVVI
2012Q4,2012,Q4,2013-03-29,2012-12-31,531091.0,3797756.0,679659.0,0.11,2169063.0,0.5711433277967305,25410976.0,17341494.0,15240015.0,2371136.0,8069502.0,9226884.0,9003783.0,17712029.52,17185154.52,3.6128052286579524,6.427305308510351,0.15844483895463127,0.2321736523969619,0.026071366567082945,3.6128052286579524,0.03062544668873397,4.66381450519728,8.337568100382043,1.0213669894877568,0.0,0.17651603726675225,0.0,0.1494533700712637,2.4982236362654864,0.020900063027882124,45.195854808048075,0.5711433277967305,0.8333333333333334,-0.1945392215734311,-0.25525126060451375,0.292932783198229,0.21028427183902626,0.9799983596045155,0.16969419523385829,7.385417010378632,-0.1424855790264101,0.16663724147347866,Beverages—Wineries & Distilleries,Consumer Defensive,WVVI
2012Q3,2012,Q3,2012-11-13,2012-09-30,268228.0,3155762.0,581057.0,0.06,1792193.0,0.5679113317163968,24450709.0,16859585.0,14775022.0,1839593.0,7591124.0,8565028.0,8472692.0,18705805.919999998,18304799.919999998,3.4970527375171225,8.031679833528395,0.16673716905305283,0.24181152738931594,0.01482165776019807,3.4970527375171225,0.015909525649652704,5.92750844962326,17.43461338860969,1.1095057155914574,0.0,0.15920193138889913,0.0,0.129066277791781,3.331199890410542,0.010970152235667276,36.55541100347657,0.5679113317163968,0.1999999999999999,-0.4884722153981142,-0.25983798108384665,0.3238121119896589,0.054657382130307956,0.21970606424387937,0.19723118512199847,0.0940205889010435,-0.26783818972902906,0.13165461607761514,Beverages—Wineries & Distilleries,Consumer Defensive,WVVI
2012Q2,2012,Q2,2012-08-10,2012-06-30,219912.0,2851146.0,485334.0,0.05,1699313.0,0.5960105164730253,23973930.0,16598685.0,14309435.0,1522937.0,7375245.0,8863747.0,8205102.0,17134808.302500002,17286678.302500002,3.407442526157786,9.395946779151075,0.17210845280686146,0.24858089661922014,0.013500739951030141,3.407442526157786,0.01324876036866776,6.009796868522343,19.479164736917497,1.032299143124892,0.0,0.12994876771640707,0.0,0.11892693438247297,3.459987510973862,0.009172964132288698,37.7479381100926,0.5960105164730253,0.25000000000000006,-0.18183559217943604,-0.24511883667883935,0.37628204071419846,0.06013058602756955,0.18000697555871542,0.6228866834305281,-0.13574885141122614,-0.29827936528362947,0.12073784222122433,Beverages—Wineries & Distilleries,Consumer Defensive,WVVI
2012Q1,2012,Q1,2012-05-15,2012-03-31,186365.0,3204711.0,299056.0,0.04,1602928.0,0.500178643253635,24215477.0,16596401.0,14667348.0,1683971.0,7619076.0,9068217.0,7987299.0,15389230.3169,15772155.3169,3.395692101073619,8.709976596984152,0.17180520540644317,0.25067754147420274,0.008938326793909252,3.395692101073619,0.01122924180971525,4.8020649340611365,20.64393839629222,0.9272631046273224,0.0,0.1766370390121895,0.0,0.13234143601631304,3.2243880684406085,0.007696111045014723,37.34552114507726,0.500178643253635,-0.3103448275862069,-0.21857663997046903,-0.12446613212754709,0.4023137766865063,-0.18973694839105262,-0.3428990504800488,-0.316149568271623,0.12028111291993698,-0.12334369430324847,0.13727241997059644,Beverages—Wineries & Distilleries,Consumer Defensive,WVVI
2011Q4,2011,Q4,2012-03-27,2011-12-31,283617.0,3901648.0,437312.0,0.058,1978281.0,0.5070372827072047,24286727.0,16433680.0,14767960.0,1821177.0,7853047.0,9619145.0,7800934.0,14662461.0,15459759.0,3.36239871328558,8.109019606551149,0.17328765625767523,0.2560954089406633,0.014450982721857847,3.36239871328558,0.017258276904503433,3.7580173813732043,12.924525857053704,0.8922201844017895,0.0,0.19995197078326607,0.0,0.16064939503787398,2.751205950876823,0.011677860092057691,31.549136094674555,0.5070372827072047,-0.27499999999999997,-0.37706100406532583,-0.14252438206206436,0.423407721702449,-0.05324115949519748,-0.24046148036860585,-0.2915672409463871,0.1384000833688003,-0.17655927569441307,0.1396808692569988,Beverages—Wineries & Distilleries,Consumer Defensive,WVVI
2011Q3,2011,Q3,2011-11-10,2011-09-30,373407.0,4344920.0,617295.0,0.08,2089530.0,0.48091334247811235,24095370.0,16144764.0,14718386.0,1930285.0,7950606.0,9499982.0,7517317.0,15119298.93,16470476.93,3.2995789679779817,7.624980767088798,0.1766109422681619,0.26358428032766534,0.018802711056614217,3.2995789679779817,0.02312867503049286,3.4797646285777413,10.122533140782041,0.9364831179941682,0.0,0.2374099235135393,0.0,0.18032177966140384,2.6286227163346347,0.015497043622903488,121.38750204730478,0.48091334247811235,1.0,0.5998460290198793,0.2833975437313894,0.45386348694086626,0.0938945384585182,1.1663234108221316,0.7484633904546099,0.5193272145549783,0.06175861485121081,0.13981763650881726,Beverages—Wineries & Distilleries,Consumer Defensive,WVVI
2011Q2,2011,Q2,2011-08-12,2011-06-30,172369.0,3789645.0,353050.0,0.04,1910175.0,0.5040511710199768,21645434.0,15767654.0,13431464.0,1717926.0,5877780.0,10248913.0,7143910.0,15119298.93,16592710.93,3.2225072793107343,7.81841825550111,0.15117178985646582,0.20752478460016943,0.010353499636165208,3.2225072793107343,0.010931810147533678,3.9896346306844044,21.928680519699018,0.9588806889090793,0.0,0.18338237430642645,0.0,0.17507826361901543,1.7440285553626873,0.007963296092838794,49.33563140789276,0.5040511710199768,5.9081672660602225,-0.3596591706041809,0.06215793595950372,0.4375311372643034,0.0982530177630463,5.07746280234116,2.8071257575430804,0.0833722435656468,-0.03420945191655453,0.13215166729401248,Beverages—Wineries & Distilleries,Consumer Defensive,WVVI
2011Q1,2011,Q1,2011-04-01,2011-03-31,28362.0,3625693.0,92734.0,0.005790247754497741,1739285.0,0.47971105110112744,21177831.0,15595285.0,13270189.0,1722273.0,5582546.0,10480453.0,6971541.0,15657037.1023,17359840.1023,3.1872794415342645,7.705043857739162,0.14956767763422044,0.20310747767674653,0.0029654629446643475,3.1872794415342645,0.0018186265913062826,4.318357098160269,138.01069302499823,1.003959664879481,0.0,0.17999298312773312,0.0,0.1712022822356076,1.5233874072228968,0.0013392306322587992,539.1913045767615,0.47971105110112744,-0.9050779056639715,-0.924171572057959,-0.06467643847395513,0.464785770219069,-0.27354777217446363,-0.90562358578464,-0.822977732387779,-0.5334730904406875,0.05341489800516985,0.13414151858470608,Beverages—Wineries & Distilleries,Consumer Defensive,WVVI
2010Q4,2010,Q4,2011-04-01,2010-12-31,300520.0,5121454.0,523855.0,0.061,2394218.0,0.4674879438534447,21770200.0,15566923.0,13755567.0,2301447.0,6203277.0,10712018.0,6943179.0,17174349.27,18934797.27,3.1814829703879663,5.976921041414379,0.1506330672203287,0.21065897223234162,0.01671736807092969,3.1814829703879663,0.01930503542671856,3.353412774965859,14.287193256688406,1.1032590878749768,0.0,0.2545959127402512,0.0,0.23525066375136655,1.286715705380137,0.013804191050151123,13.474410806612322,0.4674879438534447,1.0333333333333334,-0.3948865496553951,0.17540462073534918,0.5289216749915882,0.2149949405193859,0.7538883539058624,0.5767461879736815,-0.5528866650270997,-0.014753770681102701,0.13857331664942862,Beverages—Wineries & Distilleries,Consumer Defensive,WVVI
2010Q3,2010,Q3,2010-11-15,2010-09-30,171345.0,4600344.0,332238.0,0.03,1970558.0,0.4283501407720814,21150374.0,15266403.0,13260095.0,1938230.0,5883971.0,11033187.0,6642659.0,16925489.6,19988468.6,3.1208405563641715,6.841342358749993,0.1607272760283104,0.222674719120149,0.010679586059058077,3.1208405563641715,0.01122366545675494,3.6791791222569445,24.695044500860835,1.1086756716693513,0.0,0.23835234551902365,0.0,0.21750650839554894,1.0774944150075068,0.008101275183124422,28.668951534358555,0.4283501407720814,0.0,-0.5031034461711372,0.17347144558435817,0.5776525018661766,0.06064470013515354,0.33563806153390446,0.26198118260169334,-0.6779553345094649,0.06338962428286557,0.18139668978418072,Beverages—Wineries & Distilleries,Consumer Defensive,WVVI
2010Q2,2010,Q2,2010-08-16,2010-06-30,128287.0,4095430.0,263267.0,0.03,1857887.0,0.4536488232004942,20911020.0,15082182.0,13042574.0,1748803.0,5828838.0,11607273.0,6471314.0,17111419.5,20767608.5,3.084936173763959,7.458000701050947,0.17484508168420287,0.24241777482860238,0.00849908357659737,3.084936173763959,0.008505864734956785,4.178174086725936,33.34597328645927,1.1345453529204197,0.0,0.19277077397938344,0.0,0.19585032198333702,0.7428612599589548,0.006134899206255841,16.49344317125926,0.4536488232004942,1.7500000000000002,-0.5721323306600002,0.0714286370283484,0.6256012759683116,0.2649641492258262,1.6811313341545258,1.9652106644766751,-0.5244442321136898,0.08040301774774822,0.2460202102039236,Beverages—Wineries & Distilleries,Consumer Defensive,WVVI
2010Q1,2010,Q1,2010-05-21,2010-03-31,-188344.0,3553576.0,-272756.0,-0.04,1468727.0,0.4133095788580292,21605834.0,14953895.0,13665772.0,2455405.0,6651939.0,11797244.0,6343027.0,17306978.580000002,21942363.580000002,3.058696123953948,5.565587754362315,0.21454321087535894,0.30997843705603123,-0.008400907498591922,3.058696123953948,-0.01259497943512376,4.870299264740645,-22.972564270696175,1.1573558982459085,0.0,0.17672339404016735,0.0,0.16447298447261977,0.7042561206807024,-0.008717275158181813,-29.524973651483077,0.4133095788580292,-4.076923076923077,-2.9471866203147066,0.37295378585645744,0.6679380215001116,-0.14226204589546618,-3.9196546218357127,-1.3565454796792922,-1.7894805718701594,-0.02945135301322454,0.2631450631116119,Beverages—Wineries & Distilleries,Consumer Defensive,WVVI
2009Q4,2009,Q4,2010-03-29,2009-12-31,64509.0,4510884.0,-115744.0,0.013,1712326.0,0.37959876600684034,22305288.0,15140029.0,14214023.0,2856214.0,7165259.0,12169407.0,6531371.0,17111419.5,21243162.5,3.0967683014258403,4.9765259185761295,0.18523603012881967,0.27290192112577855,0.00259192705380591,3.0967683014258403,0.004260824071076746,3.7933627865402877,66.31407826814863,1.1302104837447802,0.0,0.22996666969886043,0.0,0.20223383800289868,0.6952805357021568,0.0028920944665677484,74.71158959625906,0.37959876600684034,-0.7400000000000001,-0.5959463679695268,0.32345421788439543,0.7071167654450197,-0.19563602883321315,-0.7399050886820068,-1.2516939938242073,-0.8583550190393914,-0.008933093426660536,0.3109581249707475,Beverages—Wineries & Distilleries,Consumer Defensive,WVVI
2009Q3,2009,Q3,2009-11-16,2009-09-30,248021.0,4360206.0,459860.0,0.05,2128795.0,0.48823266607128196,21332360.0,15071026.0,13355673.0,3411265.0,6261334.0,11640737.0,6466862.0,20239633.0,24302982.0,3.090212055722552,3.9151672473407957,0.19083045663958417,0.2701119353121679,0.014233421144109623,3.090212055722552,0.016456809244440294,4.6418983415003785,20.401128331875125,1.3429499093160613,0.0,0.19168983888219449,0.0,0.20439398172541623,0.43694347991141114,0.011626514834739334,-32.121761777267096,0.48823266607128196,0.0,0.9551024915797732,0.734312405660844,0.7344934351341813,0.0666914198984917,-0.02270828736248148,0.004227775788122046,0.06611198228022697,0.29212659451298906,0.3616120475736626,Beverages—Wineries & Distilleries,Consumer Defensive,WVVI
2009Q2,2009,Q2,2009-08-14,2009-06-30,253784.0,4052383.0,457924.0,0.05,1995699.0,0.49247541508292775,20867950.0,14771511.0,13033181.0,3171369.0,6096439.0,11619663.0,6218841.0,17733452.0,21229586.0,3.0403564489305297,4.109638771142683,0.16753605409251987,0.23668086494333584,0.01501717953403624,3.0403564489305297,0.017180639137052398,4.376055274143633,17.469040601456356,1.2005171305765536,0.0,0.17700031403664632,0.0,0.1941917150462791,0.3796909158158511,0.012161424576922986,-36.1867304419513,0.49247541508292775,0.6666666666666669,2.2184041754025987,0.7784460490471575,0.7289159430276418,0.06944739920572444,0.5366320327447989,0.5045027581652534,-0.05051299472694297,0.143862465481682,0.35627531139504437,Beverages—Wineries & Distilleries,Consumer Defensive,WVVI
2009Q1,2009,Q1,2009-05-14,2009-03-31,165156.0,3629247.0,304369.0,0.03,1866103.0,0.5141846228708049,19996435.0,14487933.0,12181612.0,2504574.0,5508502.0,10822903.0,5965057.0,11645385.6,14681275.6,2.985821199428553,4.863746090153455,0.151821562193461,0.20954610985569852,0.01014712894992321,2.985821199428553,0.011399555754433707,3.208760825592747,17.627857298554094,0.8037989684242742,0.0,0.1629086022483986,0.0,0.18149470143052998,0.4944305897929149,0.008259272215272373,-13.123172986879515,0.5141846228708049,-0.4117647058823529,0.2367241048311524,0.8184445109011258,0.712942511329409,-0.18054899308818492,-0.332271367348589,-0.4100792907826161,-0.5547334216653529,-0.055900178026303066,0.3722011155808974,Beverages—Wineries & Distilleries,Consumer Defensive,WVVI
2008Q4,2008,Q4,2009-03-31,2008-12-31,247340.0,4704059.0,515949.0,0.051,2277260.0,0.4841053226585806,20335100.0,14315568.0,12372395.0,2922407.0,6019532.0,10604204.0,5799901.0,14459687.12,16642108.12,2.9502984598466195,4.233631728913871,0.12455222742942007,0.17692500919278928,0.015992200295246554,2.9502984598466195,0.017277693766674155,3.073874524107797,14.615192771084336,1.01006730015882,0.0,0.2288525381065849,0.0,0.2313270650254978,0.553535835357635,0.012163205491981844,18.626104573799484,0.4841053226585806,0.01999999999999988,3.9140795902379497,0.8643748334865153,0.7222919005786668,0.14947994116465316,0.015232176793403085,0.11748627370290554,-0.4977865664141661,0.088672919746694,0.4178215960727677,Beverages—Wineries & Distilleries,Consumer Defensive,WVVI
2008Q3,2008,Q3,2008-11-14,2008-09-30,243629.0,4056522.0,461705.0,0.05,1981122.0,0.48837945412350775,19091346.0,14040875.0,11206613.0,1962310.0,5050471.0,9929994.0,5552561.0,23039053.25,26019881.25,2.894830595957757,5.710928956179197,0.15711851851619052,0.21363369448129124,0.01546636904540107,2.894830595957757,0.017351411503912683,5.679509010428145,23.641534105135268,1.6408559473679525,0.0,0.20900314743392595,0.0,0.21247962296634296,0.5932232929557512,0.012761226997824041,-15.20065374074167,0.48837945412350775,0.6666666666666669,0.5069607094415617,0.945850462238469,0.6708350795415791,0.036618477253616825,0.5465856646797057,0.7411266479621081,-0.28744621049657254,0.04359064264372201,0.4633995712719718,Beverages—Wineries & Distilleries,Consumer Defensive,WVVI
2008Q2,2008,Q2,2008-08-14,2008-06-30,157527.0,3884983.0,265176.0,0.03,1911139.0,0.4919298231163431,17540405.0,13789103.0,11254187.0,2106331.0,3751302.0,9734976.0,5308932.0,24948561.8025,26413728.8025,2.846356519540301,5.343028707263958,0.08730203207964696,0.11105240130558167,0.01038524058452406,2.846356519540301,0.0114240208373235,6.4217943302454605,39.594104189281836,1.8092954851740537,0.0,0.20275797290101177,0.0,0.22148764523966236,0.5714486469600457,0.00898080745570014,-80.55875090411826,0.4919298231163431,1.9999999999999996,3.960897838148521,1.3087322740564644,0.6750825909511025,0.1590809296232503,1.620994309673555,1.2037214018000348,-0.46978366979011066,0.025708939321278938,0.49988217888473874,Beverages—Wineries & Distilleries,Consumer Defensive,WVVI
2008Q1,2008,Q1,2008-05-28,2008-03-31,60102.0,3402674.0,120331.0,0.01,1648840.0,0.48457183967667783,17520702.0,13594237.0,11333125.0,2184970.0,3926465.0,9485358.0,5151409.0,35070338.0,36255010.0,2.8103013506741794,5.186856112440903,0.08367672710830878,0.10784533181229664,0.004793964427828586,2.8103013506741794,0.004421138163179,10.306699378194914,145.87841502778608,2.5797945114536405,0.0,0.18489908340834368,0.0,0.19420877085861057,0.6735804152917432,0.003430342003419726,-33.66428193636389,0.48457183967667783,-0.9230769230769231,0.4569386743301731,1.1066867335226187,0.6593798274411957,-0.395964032743465,-0.9095508695468966,-0.8905382257933934,-0.37199838518777467,0.32869928925673364,0.5324858321012985,Beverages—Wineries & Distilleries,Consumer Defensive,WVVI
2007Q4,2007,Q4,2008-05-19,2007-12-31,664484.0,5138984.0,1099297.0,0.13,2729705.0,0.53117600677488,17183195.0,13516696.0,11018401.0,1856166.0,3666499.0,7976432.0,5091307.0,31200507.6,31348260.6,2.7942715008905816,5.936107546415569,0.07164895701876164,0.09108424129683763,0.044324892799471494,2.7942715008905816,0.049160238567176474,6.071337758591971,11.73862260039369,2.308293949941613,0.0,0.3020497134558409,0.0,0.29907034169140256,1.5892910440122274,0.03867057319666104,-26.741130017201467,0.53117600677488,0.3,4.360233433379744,1.5677572048054993,0.6602076726886398,0.2839598213550768,0.27116069618049576,0.4104961834509712,3.2064843998390726,0.5238442407507496,0.5403631341031289,Beverages—Wineries & Distilleries,Consumer Defensive,WVVI
2007Q3,2007,Q3,2007-09-30,2007-09-30,522738.0,4250369.0,779369.0,0.1,2126005.0,0.5001930420629361,16721846.0,12696082.0,10771122.0,2157308.0,4025764.0,6968523.0,4426824.0,32200950.400000002,31257481.400000002,2.6416533780319726,4.992853129919325,0.07751267413896767,0.10209094427713998,0.037765696431652056,2.6416533780319726,0.04117317452738569,7.576036433542594,15.400138501505534,2.5362903610735974,0.0,0.3048514010788226,0.0,0.25418060900692424,1.5187145275500764,0.03126078304990968,68.48541197438466,0.5001930420629361,1.0,4.971479343744656,1.6150350977464143,0.5927230040816235,0.23225878996644625,0.9712795604445332,0.7000198496227481,3.1814392953545845,0.7155666976312257,0.48272363173638105,Beverages—Wineries & Distilleries,Consumer Defensive,WVVI
2007Q2,2007,Q2,2007-06-30,2007-06-30,265177.0,3726219.0,458447.0,0.05,1725291.0,0.46301384862242395,15170077.0,11898542.0,9505669.0,1315112.0,3271535.0,6592444.0,3904086.0,33545021.46,33332145.46,2.4758315703876734,7.228030008090566,0.08993659030207955,0.11466488919398696,0.02073897313365338,2.4758315703876734,0.022286512078538698,9.002428858851292,31.62512346470471,2.8192547843256763,0.0,0.30351839166172667,0.0,0.24562953767472637,1.985354099118554,0.017480267239250006,42.25271434941316,0.46301384862242395,0.0,63.609226515844696,1.5302165787691917,0.5093196444660661,0.015400886221892117,0.13196279395380406,0.17867849337961178,2.3996950718303913,0.6532036444725127,0.40789566822012413,Beverages—Wineries & Distilleries,Consumer Defensive,WVVI
2007Q1,2007,Q1,2007-03-31,2007-03-31,234263.0,3595354.0,388950.0,0.05,1699123.0,0.4725885128418509,14999140.0,11625040.0,9237972.0,1355117.0,3374100.0,6984813.0,3638909.0,33461401.75,34042439.75,2.42149236321219,6.817102877463717,0.09514725510929294,0.12276319049224776,0.017879804881272138,2.42149236321219,0.020151586575185978,9.306844819731243,35.70922611551973,2.8783902463991518,0.0,0.27147913623457065,0.0,0.23970400969655595,1.4668947404541453,0.015618428789917288,-68.185600827322,0.4725885128418509,-0.4382022471910112,4.439988688118119,1.6600393963785827,0.4765394535132236,-0.14487979108192808,-0.47616896722128926,-0.5131028474000856,0.7730192459088978,0.8207757638375582,0.38919142599681567,Beverages—Wineries & Distilleries,Consumer Defensive,WVVI
