Quarters,Year,Quarter,FillingDate,Date,NetIncome,Revenue,OperatingIncome,EPSDiluted,GrossProfit,GrossProfitRatio,TotalAssets,CommonStockEquity,CurrentAssets,CurrentLiability,TotalLiability,Inventory,RetainedEarnings,MarketCap,EnterpriseValue,bookValuePerShare,currentRatio,debtToAssets,debtToEquity,roic,shareholdersEquityPerShare,roe,priceToSalesRatio,peRatio,pbRatio,payoutRatio,inventoryTurnover,dividendYield,assetTurnover,quickRatio,returnOnAssets,priceToFreeCashFlowsRatio,grossProfitMargin,epsdilutedGrowth,fiveYNetIncomeGrowthPerShare,fiveYRevenueGrowthPerShare,fiveYShareholdersEquityGrowthPerShare,grossProfitGrowth,netIncomeGrowth,operatingIncomeGrowth,threeYNetIncomeGrowthPerShare,threeYRevenueGrowthPerShare,threeYShareholdersEquityGrowthPerShare,Industry,Sector,Symbol
2023Q2,2023,Q2,2023-06-01,2023-04-30,320216000.0,2506979000.0,425714000.0,2.85,653251000.0,0.2605729845,11989476000.0,6420220000.0,10803665000.0,2719299000.0,5553750000.0,9107878000.0,6632502000.0,7025388380.0,9097894380.0,57.72852338734332,3.9729595752434728,0.2364115829582544,0.44148814215089205,0.03368831910966926,57.72852338734332,0.04987617246761014,2.8023323609810853,5.484882376271018,1.0942597574537944,0.07316311489744423,0.20353017464660814,0.0033347622555210247,0.20909829587214654,0.5367401672269213,0.026708089661299627,14.529404399736107,0.260572984456591,0.6764705882352943,2.9330558622329352,1.1528606541952977,0.9677570920171081,0.49550034225328576,0.6718843001096434,0.8894254240748467,3.8782583442440903,0.8656260357108219,0.6214385266690483,Residential Construction,Consumer Cyclical,TOL
2023Q1,2023,Q1,2023-03-02,2023-01-31,191530000.0,1780169000.0,225314000.0,1.7,436811000.0,0.2453761413,11984883000.0,6201347000.0,10782207000.0,2555617000.0,5767889000.0,9099485000.0,6335574000.0,6627007530.0,9047670530.0,55.6688869538677,4.219023038272167,0.26802698032179373,0.5179958483213405,0.017791128447521863,55.6688869538677,0.030885225419574166,3.7226844923150555,8.650090756017335,1.0686400115974803,0.11944865034198297,0.1476301131327762,0.0034522369103147828,0.14853453304466968,0.9298028616964122,0.015980965354438586,-17.554893828377068,0.24537614125400453,-0.6980461811722912,1.028772981417827,1.1192046454922266,0.9461289780032905,-0.547162632735129,-0.7009848002298076,-0.6735658362164386,3.1760860482923774,0.6580752819571783,0.6518728692354682,Residential Construction,Consumer Cyclical,TOL
2022Q4,2022,Q4,2022-12-19,2022-10-31,640536000.0,3712134000.0,690228000.0,5.63,964609000.0,0.2598529579,12288714000.0,6006088000.0,11148573000.0,2937465000.0,6266874000.0,8733326000.0,6166732000.0,4864335120.0,6846990120.0,53.191703420302176,3.795304114261787,0.27093225540117544,0.5543390306635534,0.055472682406279214,53.191703420302176,0.10664778804439762,1.310387803888545,1.8985408782644535,0.8099007407150878,0.03427285898060375,0.31460236340656467,0.004513052546428998,0.30207668597381304,0.8297276733510016,0.052123924439937325,3.993031654744764,0.25985295789430013,1.3957446808510636,3.7105712304492444,1.5830381800806699,0.870398947686545,0.6224513824179447,1.3422789587043409,0.9084310965983085,2.979033605827625,0.9610621155928446,0.4882995441221964,Residential Construction,Consumer Cyclical,TOL
2022Q3,2022,Q3,2022-09-01,2022-07-31,273467000.0,2494802000.0,361673000.0,2.35,594538000.0,0.2383106956,11743253000.0,5523273000.0,10687577000.0,2895294000.0,6204206000.0,9408525000.0,5548496000.0,5717106380.0,8709547380.0,47.88937347182964,3.6913615681170895,0.2817713286088616,0.5990853611617605,0.030163567119377063,47.88937347182964,0.049511765940231454,2.2916072618187737,5.226504825079443,1.0350939343392949,0.08298259022112357,0.20197257274652508,0.003969315680286502,0.21244556342267343,0.34177565387142034,0.02328715901803359,-96.89353908209613,0.23831069559828796,0.27027027027027023,1.6091330560786121,1.3529102399822022,0.7271901550434832,0.1318173597692725,0.23969028935641656,0.28408566417428227,1.3456779647058845,0.773301568252328,0.40349615567404495,Residential Construction,Consumer Cyclical,TOL
2022Q2,2022,Q2,2022-06-02,2022-04-30,220593000.0,2277541000.0,281658000.0,1.85,525295000.0,0.2306412925,11544611000.0,5363892000.0,10549804000.0,2860056000.0,6164945000.0,8978816000.0,5297939000.0,5464194430.0,8234045430.0,45.51881804835411,3.688670431627912,0.2862711441728093,0.616136380076258,0.02389084904108754,45.51881804835411,0.04112554838911745,2.399164023830965,6.192619926742915,1.0186995618107149,0.10507133045926208,0.19515334761287012,0.004241796352037934,0.19728174470322127,0.6833212356681128,0.01910787639358312,99.23892464720946,0.2306412925167977,0.4919354838709678,1.455549615937111,1.317473077813685,0.6730700022934598,0.3069087941642596,0.4521869075205393,0.6088583228135513,1.1223777739224932,0.6513351366509799,0.3507087898668564,Residential Construction,Consumer Cyclical,TOL
2022Q1,2022,Q1,2022-03-03,2022-01-31,151904000.0,1791081000.0,175067000.0,1.24,401937000.0,0.2244102863,11283879000.0,5255871000.0,10289138000.0,2743022000.0,5982429000.0,8584427000.0,5100841000.0,7135134120.0,9703176120.0,43.43838639293861,3.751022777068503,0.28708274876042184,0.6163406598069092,0.015371399240052784,43.43838639293861,0.02890177479622312,3.983702646613972,11.742834487571097,1.3575550313164078,0.1387521065936381,0.16182140054309974,0.0029539739051184085,0.15872919232827648,0.532484610039584,0.013462037301179852,-23.849525592215876,0.22441028630195956,-0.5894039735099338,1.8987805215799978,1.6139688537308727,0.6367030782628461,-0.4248701104508323,-0.59419763310448,-0.6027199862026397,0.6442483141819375,0.5935722507763823,0.3226568392625999,Residential Construction,Consumer Cyclical,TOL
2021Q4,2021,Q4,2021-12-17,2021-10-31,374330000.0,3041380000.0,440664000.0,3.02,698863000.0,0.2297848345,11537850000.0,5295024000.0,10051004000.0,2140889000.0,6197395000.0,7915884000.0,4969839000.0,7471186340.0,9511975340.0,43.32442029815576,4.694780532759989,0.32896345506311836,0.7168109153046331,0.035855317033148794,43.32442029815576,0.07069467484944356,2.456511958387311,4.989705834424171,1.4109825262359528,0.05481794138861432,0.2959261404032702,0.0027465517611490868,0.26360023747925304,0.8047558747791221,0.03244365284693422,8.962630852226447,0.22978483451591053,0.6149732620320855,3.390776792852603,1.1991275542319486,0.6796913517176397,0.36858070529993264,0.5933546728415031,0.5923796583710652,0.4583035490647919,0.500711671308537,0.3476061853436652,Residential Construction,Consumer Cyclical,TOL
2021Q3,2021,Q3,2021-09-02,2021-07-31,234932000.0,2255481000.0,276733000.0,1.87,510648000.0,0.2264031486,11264059000.0,5034913000.0,9777577000.0,2114349000.0,6180156000.0,8293280000.0,5566562000.0,7339167020.0,10098546020.0,40.66119393342271,4.6243912428837435,0.3393172035054149,0.759117188320831,0.02387961249436048,40.66119393342271,0.04666058777976898,3.2539254465012117,7.809884370796657,1.457655180933613,0.0886682103757683,0.21039118418767966,0.00283833300744258,0.20023696608833458,0.5287911314546463,0.020856779958272592,18.121623773133003,0.22640314859668514,0.8514851485148516,1.9843103188415512,1.379810080687018,0.6162483427742702,0.26542102393814737,0.8373297045344344,0.5009654499105061,0.48493804267618523,0.439950986849138,0.3580804870460071,Residential Construction,Consumer Cyclical,TOL
2021Q2,2021,Q2,2021-06-03,2021-04-30,127866000.0,1930124000.0,184370000.0,1.01,403540000.0,0.2090746501,10975019000.0,4913070000.0,9529231000.0,1952827000.0,6014230000.0,8260664000.0,5352573000.0,7793296500.0,10783003500.0,39.52749507220725,4.8797107987548305,0.3486180752853366,0.7787574775038825,0.015666762095725633,39.52749507220725,0.026025682516227125,4.03771804298584,15.23723370559805,1.586237627389799,0.1641327639872992,0.18480160916846394,0.002692955413668657,0.17586520806934366,0.4688315964496599,0.011650640422581501,-180.5424755594681,0.20907465012610588,0.32894736842105265,0.9516922011438336,1.351814825486093,0.6056807304203008,0.22340828682215194,0.3250500005181401,0.5478969020233397,0.4052317980844213,0.4830515190209478,0.3473497015698844,Residential Construction,Consumer Cyclical,TOL
2021Q1,2021,Q1,2021-03-08,2021-01-31,96499000.0,1563376000.0,119110000.0,0.76,329849000.0,0.2109850733,10863993000.0,4786835000.0,9327621000.0,1837298000.0,6029501000.0,7923635000.0,5245935000.0,6492090000.0,9399925000.0,37.97267174361415,5.076814430756469,0.36623523229442434,0.8311915911035163,0.010151642716886839,37.97267174361415,0.020159249274311734,4.15260948102056,16.819060301143015,1.3562385166816906,0.14803262209971088,0.1556769083886373,0.0022003699887093373,0.14390436370862905,0.6202641052240845,0.008882461540614027,159.01462267617018,0.21098507332848912,-0.5096774193548387,0.8222741764756971,1.3266656389995939,0.5939257316053721,-0.44674216781785797,-0.5158516333278145,-0.5428885025578442,-0.09673402953748003,0.6446416952344654,0.3274868763532897,Residential Construction,Consumer Cyclical,TOL
2020Q4,2020,Q4,2020-12-22,2020-10-31,199317000.0,2545667000.0,260571000.0,1.55,596194000.0,0.2341995241,11065733000.0,4875235000.0,9580814000.0,1677901000.0,6138257000.0,7658906000.0,5164086000.0,5382666800.0,8094762800.0,38.294203126227316,5.70999957685227,0.38025461123994225,0.8630960353706026,0.02112606127617503,38.294203126227316,0.040883567663917736,2.114442619557075,6.751389495125855,1.1040835569977654,0.06992880687547977,0.25453674454288905,0.0025894227745993864,0.2300495593016748,0.9297354253916054,0.018012091923779474,6.469870270049365,0.23419952413257508,0.7222222222222222,0.8763243125403677,1.4538385027854763,0.5994925836105258,0.9213842355959188,0.7368008295501085,0.74126098432958,0.30004878052139294,0.5710646177069555,0.34655280098535857,Residential Construction,Consumer Cyclical,TOL
2020Q3,2020,Q3,2020-09-04,2020-07-31,114761000.0,1651489000.0,149645000.0,0.9,310294000.0,0.1878874155,10537431000.0,4675074000.0,9081625000.0,1478134000.0,5811303000.0,8034515000.0,4978832000.0,4840780400.0,8272178400.0,36.8923628099304,6.14397950388801,0.39060535722606393,0.880408951815522,0.012682797091543558,36.8923628099304,0.024547418928555997,2.931161152148152,10.545351643851134,1.0354446582022019,0.12083373271407534,0.1669291799193853,0.002864620754124686,0.15672596100510647,0.5117337129110081,0.010890794919558666,15.692007766939936,0.18788741553834146,0.5254237288135595,1.3986806570790427,1.2413041557020417,0.5827442707712714,0.14093357601161915,0.516598387736223,0.6169447205774301,-0.0034686620940089334,0.41758887886232837,0.33056921028809705,Residential Construction,Consumer Cyclical,TOL
2020Q2,2020,Q2,2020-06-08,2020-04-30,75670000.0,1549072000.0,92548000.0,0.59,271965000.0,0.1755664036,10810811000.0,4564518000.0,9439626000.0,1419817000.0,6197089000.0,8195633000.0,4878017000.0,3079484100.0,6789421100.0,35.603276003276,6.64848075491419,0.4235494450878847,1.003153673618989,0.007397321411121001,35.603276003276,0.01657787306348666,1.9879541428674716,10.174058741905643,0.6746570174550741,0.18272763314391435,0.15582774387286497,0.00449003779561648,0.14328915749243976,0.6810891826200137,0.00699947487750919,20.34515994767511,0.17556640362746212,0.43902439024390244,0.5331989350537855,1.5007560302221348,0.5526330768924509,0.13674456319566644,0.3304381461424854,0.9485430352029645,-0.22577925119686065,0.44878580822466885,0.3086186245253242,Residential Construction,Consumer Cyclical,TOL
2020Q1,2020,Q1,2020-03-10,2020-01-31,56876000.0,1331431000.0,47496000.0,0.41,239249000.0,0.1796931272,10587206000.0,4655551000.0,9235126000.0,1394852000.0,5882126000.0,8198352000.0,4816286000.0,6128112200.0,9757041200.0,33.70046690072026,6.620864435796773,0.40258553578725115,0.9155212777177181,0.004536674194144421,33.70046690072026,0.012216813863708077,4.6026509822889805,26.936283318095505,1.3163022379091112,0.2629580139250299,0.133219700739856,0.0024405558370814424,0.1257584862332895,0.5664966605776097,0.005372144454353679,-15.58304967514717,0.17969312716918864,-0.7092198581560284,-0.1086054665047908,0.988403673820179,0.49986373729985045,-0.44635588415657146,-0.7188740330672466,-0.7888175007225273,-0.04937110155859809,0.701922142635983,0.2697906735382438,Residential Construction,Consumer Cyclical,TOL
2019Q4,2019,Q4,2019-12-26,2019-10-31,202315000.0,2379000000.0,224905000.0,1.41,432135000.0,0.1816456494,10828138000.0,5071816000.0,9746963000.0,1402620000.0,5709445000.0,7873048000.0,4774422000.0,5643720930.0,8279053930.0,35.739917834668695,6.949111662460253,0.36214416550657186,0.773164286717026,0.01855713041077581,35.739917834668695,0.03989005121636905,2.3723080832282473,6.9739279465190425,1.1127613718636482,0.07661814497194969,0.2472822469772825,0.0027465922203208583,0.2197053639323769,1.0849916584677246,0.01868419113239968,14.489395389556542,0.18164564943253467,0.4099999999999999,0.9244620474191587,1.2035607768289043,0.6462496166349834,0.20807986491624358,0.3827075274402329,0.31527237638527444,1.0438077520151527,0.48149233659916524,0.3856395650502794,Residential Construction,Consumer Cyclical,TOL
2019Q3,2019,Q3,2019-09-05,2019-07-31,146318000.0,1765691000.0,170995000.0,1.0,357704000.0,0.2025858432,10452117000.0,4939085000.0,9371262000.0,1347644000.0,5467660000.0,7995076000.0,5482955000.0,5206657500.0,8122413500.0,34.12148531951641,6.953811243919017,0.3589716800912198,0.7596577098794615,0.015401392617951218,34.12148531951641,0.02962451547199532,2.948793135378727,8.8961329091431,1.0541745080313458,0.10734154376084966,0.17610676871614478,0.0030165225963105892,0.16893142317484583,0.7886096031296099,0.01399888654135808,56.71616631445938,0.2025858431628184,0.14942528735632185,0.8437525485991364,1.0569750853413153,0.6000286138777043,0.05571591318257749,0.13140639015186664,0.06568819918357172,0.5899842870668925,0.5937166202969115,0.3563004124021492,Residential Construction,Consumer Cyclical,TOL
2019Q2,2019,Q2,2019-06-06,2019-04-30,129324000.0,1716094000.0,160455000.0,0.87,338826000.0,0.1974402335,10276729000.0,4941154000.0,9214626000.0,1280295000.0,5290489000.0,7790840000.0,5352424000.0,5586298200.0,8311674200.0,33.69994953008416,7.197267817182759,0.3551542519025266,0.7386582162790312,0.013711499135012805,33.69994953008416,0.026172833309789575,3.255240214114145,10.799036141783427,1.1305654913811631,0.12422288206365407,0.17678042419045956,0.0028757863302034253,0.1669883481407362,0.8975892274827286,0.012584159804155583,75.30530586934836,0.19744023346040485,0.14473684210526314,1.4082740281486505,1.422560771236306,0.6233877412158562,0.18188382289846275,0.15416331994645247,0.2893647796215196,0.6733619736172488,0.772611265895539,0.3689549382713055,Residential Construction,Consumer Cyclical,TOL
2019Q1,2019,Q1,2019-03-08,2019-01-31,112050000.0,1363181000.0,124445000.0,0.76,286683000.0,0.2103044277,10035854000.0,4819562000.0,8998700000.0,1216685000.0,5174665000.0,7714643000.0,5239251000.0,5420981940.0,8205781940.0,32.841765984558876,7.396080333036077,0.3573720781509974,0.7441618138743729,0.010953102711524046,32.841765984558876,0.023249000635327442,3.9767147136000283,12.095006559571619,1.1247872607510807,0.14608656849620705,0.13953957428749458,0.0030195636475409474,0.13583109120559148,0.8560177860333611,0.011164969119718163,-26.469509133256185,0.21030442765854276,-0.6346153846153846,1.9562230595703374,1.546727598056892,0.6005322692678817,-0.45340303954149486,-0.6396828051039308,-0.6323003646119572,0.8176028804680071,0.7426906181904717,0.3785528768581753,Residential Construction,Consumer Cyclical,TOL
2018Q4,2018,Q4,2018-12-20,2018-10-31,310976000.0,2455238000.0,338442000.0,2.08,524487000.0,0.2136196165,10244590000.0,4760199000.0,9348482000.0,1359297000.0,5475678000.0,7598219000.0,5161551000.0,4983901559.999999,7499882559.999999,32.149169964745454,6.877438852583357,0.36098818986411363,0.7768952516480928,0.03138416463067154,32.149169964745454,0.06532836127229134,2.02990567920503,4.0066609320333395,1.0469943714537984,0.05204581704054332,0.25410573188269514,0.0032474557944519276,0.2396619093589885,1.0339337172082335,0.030355143544055937,7.459702084986004,0.21361961650968256,0.6507936507936508,2.749716019808945,1.6898720035559252,0.6343764193579122,0.29909049027329876,0.6091235550404123,0.4736461685164785,1.5170834333976062,1.0349097611239633,0.34282357980772205,Residential Construction,Consumer Cyclical,TOL
2018Q3,2018,Q3,2018-09-05,2018-07-31,193258000.0,1913353000.0,229663000.0,1.26,403734000.0,0.2110086325,9949220000.0,4528664000.0,9006023000.0,1345954000.0,5411840000.0,7957616000.0,4866980000.0,5333321820.0,8448594820.0,29.940194503394885,6.691181868028179,0.36560192658318946,0.8032068618912774,0.02147463869765407,29.940194503394885,0.04267439580414886,2.787421777371975,6.899225154974179,1.1776810600212335,0.08501071107017562,0.18970744504384227,0.0030804441499088088,0.19231185962316644,0.5663521933141846,0.019424437292571678,22.455430029430712,0.21100863248966606,0.7500000000000001,3.6414913460512284,2.1069511121120597,0.578724390695418,0.3411218368201115,0.7284500491905912,0.7089292358062356,2.3841696476509022,1.1754882843435712,0.28448458452409897,Residential Construction,Consumer Cyclical,TOL
2018Q2,2018,Q2,2018-06-05,2018-04-30,111810000.0,1599199000.0,134390000.0,0.72,301042000.0,0.1882454904,9843726000.0,4480703000.0,8901349000.0,1318822000.0,5357130000.0,7871569000.0,4690272000.0,6439138959.999999,9577164960.0,29.337220341646425,6.749469602417915,0.3670499361725428,0.8063777045700194,0.012153947235932598,29.337220341646425,0.024953673564170623,4.026477605351178,14.39750237009212,1.4370822971306063,0.150228065468205,0.16491718487127535,0.0026085785854821813,0.16245870720091152,0.5486062561892355,0.01135850388359042,137002.95659574465,0.1882454903986308,-0.1325301204819277,4.025462311191757,2.437038322923629,0.5694819531872394,0.24919913024714924,-0.1536406095059308,0.6052125512117629,0.9016613951844547,1.1671052187477169,0.2793749283726322,Residential Construction,Consumer Cyclical,TOL
2018Q1,2018,Q1,2018-03-08,2018-01-31,132107000.0,1175468000.0,83721000.0,0.83,240988000.0,0.2050145134,9617899000.0,4458994000.0,8722928000.0,1185553000.0,5153009000.0,7713796000.0,4595233000.0,7260983560.0,10282530560.0,28.60493193569495,7.357687087797847,0.3670057254708123,0.7916189167332363,0.010520307187790097,28.60493193569495,0.029627086288970112,6.177100150748468,13.74072448848282,1.628390520372981,0.09305335826262046,0.12114398669604433,0.0016930213239595877,0.12221671281846483,0.6427667088691944,0.013735536212222649,-21.90374986048055,0.20501451336829246,-0.29059829059829057,31.32817954217614,2.0025135006040156,0.5426425961399776,-0.46692915998451584,-0.31150522727983404,-0.7056627255756067,0.8348727575482118,0.5557360112091996,0.2730832556317588,Residential Construction,Consumer Cyclical,TOL
2017Q4,2017,Q4,2017-12-21,2017-10-31,191878000.0,2027907000.0,284439000.0,1.17,452075000.0,0.2229268896,9445225000.0,4531194000.0,8553934000.0,1209688000.0,4908135000.0,7281453000.0,4474064000.0,7335645280.0,9842840280.0,28.438694047648934,7.07119025732255,0.3409155419802069,0.7106347686724515,0.023334656583561167,28.438694047648934,0.04234601299348472,3.617347975030413,9.557694576762318,1.618921034941342,0.06551558802989399,0.21641724529431144,0.001713687006414247,0.21470182023191614,0.7984819226114502,0.020314815157923712,13.883118174970571,0.22292688964533383,0.34482758620689646,-0.507026821801776,2.3872251162355433,0.5342701402213035,0.3829956467338267,0.29155980964304706,0.656903692571169,0.6255988467645737,0.6729600019735463,0.30994115291803187,Residential Construction,Consumer Cyclical,TOL
2017Q3,2017,Q3,2017-09-06,2017-07-31,148563000.0,1502909000.0,171669000.0,0.87,326881000.0,0.2174988639,10128936000.0,4532714000.0,9087961000.0,1277469000.0,5590315000.0,7633568000.0,4294808000.0,6308616020.000001,9188821020.0,27.72675222354078,7.114036426715638,0.3777691951059815,0.84417415261585,0.014987181949420472,27.72675222354078,0.032775727742804864,4.19760346102126,10.616061906396613,1.3917966189792694,0.08726937393563673,0.1540600673236945,0.002055125872124327,0.14837777630345378,0.9461975202529377,0.014667187155689402,41.02657895934812,0.21749886387000145,0.19178082191780824,1.4717662690321551,1.7806954577166776,0.7245666897563647,0.14265689286925273,0.19195590429884946,0.24222294583740367,0.6575811323778666,0.550266169405303,0.3001660540899121,Residential Construction,Consumer Cyclical,TOL
2017Q2,2017,Q2,2017-06-05,2017-04-30,124638000.0,1363512000.0,138195000.0,0.73,286071000.0,0.2098045342,9866964000.0,4448088000.0,8775402000.0,1227169000.0,5412969000.0,7602695000.0,4159300000.0,5906965960.0,8908641960.0,27.206762410393168,7.150931941729297,0.37427338338317645,0.8302313263586512,0.010620733003963713,27.206762410393168,0.02802057872955751,4.3321701312493035,11.848244435886327,1.3279786640911782,0.0,0.14171829857701776,0.0,0.13818961942092825,0.7766884593727514,0.012631849067251082,27.72676730409966,0.20980453417351663,0.7380952380952381,6.545504207965562,2.7270250250408945,0.7303914917001588,0.5238589874712349,0.7700238582140423,1.7293464736436712,1.0815165931423771,0.7262162656874794,0.31059913118790733,Residential Construction,Consumer Cyclical,TOL
2017Q1,2017,Q1,2017-03-07,2017-01-31,70416000.0,920730000.0,50633000.0,0.42,187728000.0,0.2038903913,9516800000.0,4315114000.0,8387690000.0,1060580000.0,5195776000.0,7539974000.0,4047713000.0,5098759680.0,8357748680.0,26.540175166678967,7.908587753870524,0.38168901311365167,0.841798849346738,0.004086423355575721,26.540175166678967,0.016318456476468523,5.537736013815125,18.10227675528289,1.181604861424287,0.0,0.0972154545891007,0.0,0.09674785642232683,0.6039082388881556,0.007399125756556826,143.02271192145864,0.20389039131993092,-0.37313432835820903,26.85370120003134,1.925294575893936,0.6990997663583722,-0.342882345528626,-0.3843571316162199,-0.6261094947645139,0.6768309107427379,0.5525794902863417,0.2934263890152474,Residential Construction,Consumer Cyclical,TOL
2016Q4,2016,Q4,2016-12-23,2016-10-31,114378000.0,1855451000.0,135422000.0,0.67,285684000.0,0.1539701129,9736789000.0,4229292000.0,8736246000.0,1216862000.0,5501587000.0,7353967000.0,3977297000.0,4499336800.0,7641072800.0,25.793084100750136,7.179323538741452,0.38775113643727926,0.8926910225162983,0.011506987199697566,25.793084100750136,0.02704424286618186,2.4249289256358697,9.834358005910227,1.0638510653792645,0.0,0.21345853197328735,0.0,0.19056087176172762,0.7368049951432455,0.011746993798468879,9.595964835202334,0.15397011292672239,0.09836065573770501,6.711957383649663,3.399268972579442,0.6585800971019252,0.02572903726150554,0.08432638434629276,-0.0565162261206404,0.2453887860056512,0.8356017150047904,0.311250289914453,Residential Construction,Consumer Cyclical,TOL
2016Q3,2016,Q3,2016-09-07,2016-07-31,105483000.0,1269934000.0,143534000.0,0.61,278518000.0,0.2193169094,9405699000.0,4174151000.0,8583620000.0,1131019000.0,5225739000.0,7670523000.0,3862919000.0,4629140100.0,8154163100.0,25.157763728084184,7.589280109352717,0.4121838259974086,0.9287821643251526,0.011491109227341204,25.157763728084184,0.02527052806666553,3.6451816393607857,10.971294189585052,1.1090015909822142,0.0,0.12925011762561692,0.0,0.1350175037495884,0.558903961825575,0.011214796476051381,-14.229103768800199,0.21931690938269233,0.19607843137254896,1.5376098827960067,2.2625401496791175,0.6192046942627515,0.13687312744401722,0.1844835717654457,0.23050940452308694,1.3095209070547413,0.8799219972571287,0.32655034049212694,Residential Construction,Consumer Cyclical,TOL
2016Q2,2016,Q2,2016-06-03,2016-04-30,89054000.0,1115557000.0,116646000.0,0.51,244986000.0,0.2196086798,8964225000.0,4159139000.0,8200878000.0,1083020000.0,4799277000.0,7285351000.0,3757436000.0,4612389600.0,7692565600.0,24.617281831526114,7.572231353068272,0.390815045360865,0.8423267411836921,0.009655957892392921,24.617281831526114,0.021411643130946092,4.134606837660469,12.948294293350104,1.108977026254713,0.0,0.11949609565825998,0.0,0.12444544843530812,0.641091577256191,0.009934378041604266,2857.738289962825,0.21960867978955803,0.27499999999999997,5.235193233625128,2.4474828295107254,0.6120139865942527,0.13285704376777416,0.21691719048920471,0.23488497655067278,2.6183674022075167,1.1673921137441357,0.31697478906197035,Residential Construction,Consumer Cyclical,TOL
2016Q1,2016,Q1,2016-03-03,2016-01-31,73180000.0,928566000.0,94459000.0,0.4,216255000.0,0.2328913615,8763437000.0,4150149000.0,7970558000.0,1025455000.0,4607472000.0,7180050000.0,3668382000.0,4708761150.0,7742611150.0,23.823363278895552,7.772703824156106,0.38456304301611344,0.8120416881417992,0.007868606472815582,23.823363278895552,0.0176331018476686,5.071003192018661,16.086229673408035,1.134600504704771,0.0,0.09920696931079867,0.0,0.10595911170468847,0.614079603688119,0.00835060490535848,-189.7316927230236,0.23289136151872888,-0.5,19.490968490772545,1.6590748559247501,0.5469498248197503,-0.3260354660766042,-0.502728267295448,-0.5179089090315205,15.024451668368224,1.1223758200688412,0.28477617286273704,Residential Construction,Consumer Cyclical,TOL
2015Q4,2015,Q4,2015-12-21,2015-10-31,147163000.0,1437202000.0,195936000.0,0.8,320870000.0,0.2232601959,9206515000.0,4222557000.0,8406715000.0,970068000.0,4978436000.0,6997516000.0,3595202000.0,6344028900.0,9215275900.0,23.941469637693487,8.666108973803897,0.4116910687703219,0.8976172494533525,0.016541832417960693,23.941469637693487,0.034851631369333794,4.414152568671628,10.777214551211921,1.502414034908232,0.0,0.1595326112866337,0.0,0.15610706114094203,1.2505556311516306,0.015984658690068935,37.487392380828574,0.22326019585277504,1.2222222222222223,1.7551094085593173,2.3736109875873166,0.5615596666429934,0.5758507393783426,1.2047221681223688,1.2407538711374397,-0.6584336860834828,1.1686633110880082,0.29164447272376803,Residential Construction,Consumer Cyclical,TOL
2015Q3,2015,Q3,2015-09-03,2015-07-31,66749000.0,1028011000.0,87442000.0,0.36,203617000.0,0.1980688923,8630895000.0,4120981000.0,7865074000.0,984581000.0,4504909000.0,6990878000.0,3448039000.0,6880939240.0,9809075240.0,23.309111579947622,7.98824474573448,0.3850057265208301,0.8063478089319024,0.007296252506488948,23.309111579947622,0.016197356891478023,6.693449038969427,25.7716941077769,1.669733308646655,0.0,0.11792424356425617,0.0,0.11910827324396833,0.6912331235317358,0.007733728657340867,-92.15132235168073,0.19806889225893498,-0.027027027027027053,1.2921033052567794,1.1219375860465215,0.5461901694569943,0.16973533787937106,-0.017385543942293538,0.3171753080468774,0.026894738905773756,0.7587452137335827,0.4497953844180388,Residential Construction,Consumer Cyclical,TOL
2015Q2,2015,Q2,2015-06-04,2015-04-30,67930000.0,852583000.0,66386000.0,0.37,174071000.0,0.2041689783,8587681000.0,4046341000.0,7668698000.0,924711000.0,4533741000.0,6724343000.0,3381290000.0,6271317320.0,9139827320.0,22.930901404300172,8.293075350028278,0.39599363320551845,0.8404301565290716,0.0069980904947138795,22.930901404300172,0.01678800674485912,7.355667800085153,23.08007257470926,1.5498736562242283,0.0,0.10090383551225748,0.0,0.09927977063889541,0.8663571645627661,0.007910168065162178,-794.4410083607803,0.20416897826956437,-0.15909090909090912,2.576093696384954,1.5675005200251388,0.5512454392566153,-0.14427784878576344,-0.16470949892407008,-0.3163553230490392,2.8102595719474586,1.1592114136371003,0.45844022484124863,Residential Construction,Consumer Cyclical,TOL
2015Q1,2015,Q1,2015-03-05,2015-01-31,81325000.0,853452000.0,97106000.0,0.44,203420000.0,0.238349667,8421619000.0,3956255000.0,7492838000.0,888411000.0,4458975000.0,6627481000.0,3313360000.0,6095751120.0,8962483120.0,22.469019059951385,8.433977066920603,0.3998794056107264,0.8512171232642992,0.008694132801049859,22.469019059951385,0.020556056169281304,7.142465094697768,18.73885988318475,1.5407882252281513,0.0,0.09808130721159367,0.0,0.10134060921065177,0.8568905607877435,0.009656694276955535,-169.6468640765891,0.23834966699943289,-0.38028169014084506,2.8726687732433906,1.4515443963418033,0.4954987780550277,-0.2939624802596186,-0.38167178613789116,-0.4211956845681588,28.571714396822735,1.5038294175356004,0.4384646972110546,Residential Construction,Consumer Cyclical,TOL
2014Q4,2014,Q4,2014-12-23,2014-10-31,131524000.0,1350690000.0,167770000.0,0.71,288115000.0,0.2133094937,8416902000.0,3854376000.0,7502593000.0,951730000.0,4556205000.0,6490321000.0,3232035000.0,5672403000.0,8485674000.0,21.709901993916862,7.883110756201864,0.40389991471921616,0.8820068410554652,0.016134114734076523,21.709901993916862,0.03412329259003273,4.199633520645004,10.782068291718621,1.4716786841761158,0.0,0.16371686392706924,0.0,0.16047353289844649,0.8930190285059838,0.015626176947290106,21.08621612579458,0.21330949366620025,0.33962264150943383,2.0984957329411342,1.5834975477564925,0.4273756577846962,0.20235785080855503,0.34610621552191756,0.2940822560241893,7.190215185096179,1.9577052460037403,0.39601806501676573,Residential Construction,Consumer Cyclical,TOL
2014Q3,2014,Q3,2014-09-05,2014-07-31,97707000.0,1056857000.0,129644000.0,0.53,239625000.0,0.2267336073,8331916000.0,3800575000.0,7409731000.0,982492000.0,4525094000.0,6593804000.0,3100511000.0,5825913730.0,8829886730.0,21.32554694557758,7.541772350309214,0.40550360805365776,0.8889765364451432,0.011659811993227005,21.32554694557758,0.025708478322359115,5.512490081439589,14.906592490814374,1.53290323964137,0.0,0.123939383093583,0.0,0.12684441369788174,0.650561022379826,0.011726834500011761,57.643504670123086,0.22673360729029565,0.5142857142857145,1.1871614308248877,1.0725227091614666,0.31609603699681754,0.3901297164338423,0.4980681365183527,0.9049606206653344,1.1883412952659387,1.527772211721668,0.372555450286418,Residential Construction,Consumer Cyclical,TOL
2014Q2,2014,Q2,2014-06-06,2014-04-30,65222000.0,860374000.0,68056000.0,0.35,172376000.0,0.2003500803,8245066000.0,3696809000.0,7308380000.0,919398000.0,4542009000.0,6548024000.0,3002805000.0,6097527680.0,9204074680.0,20.759026740490334,7.949092775925116,0.41944697592475305,0.9355008603365768,0.006635946310807955,20.759026740490334,0.01764278327606322,7.087066415303112,23.372204470884057,1.6494029526545735,0.0,0.10506955991609071,0.0,0.10435016529885874,0.6686494858592252,0.007910427884992067,33.63429485517599,0.20035008031391,0.3999999999999999,1.7096115634922602,0.9544055897180758,0.08564213660592981,0.3295590401777106,0.4309346204475647,1.141540010698889,3.9427761231629734,1.5225566991467006,0.35936378690270593,Residential Construction,Consumer Cyclical,TOL
2014Q1,2014,Q1,2014-03-10,2014-01-31,45580000.0,643681000.0,31779000.0,0.25,129649000.0,0.2014180937,7760255000.0,3621119000.0,6815327000.0,851187000.0,4132882000.0,5235647000.0,2937583000.0,6485419500.0,8426857500.0,20.519277627299207,8.006850433571001,0.40358557805123674,0.8649058481646144,0.003011073877520698,20.519277627299207,0.012587269294381101,10.075517997268834,35.57162955243528,1.7909987216658716,0.0,0.09817926991640193,0.0,0.08294585680496323,1.6959140588378347,0.005873518331549672,-25.609674183880177,0.20141809374519365,-0.5370370370370371,1.4669088799888879,0.4330393216922083,0.042756016759933624,-0.41671278112951193,-0.5197302565723618,-0.8345636465860109,11.598658017984787,0.8195682993429922,0.3324018342572954,Residential Construction,Consumer Cyclical,TOL
2013Q4,2013,Q4,2013-12-23,2013-10-31,94905000.0,1044534000.0,192092000.0,0.54,222273000.0,0.2127963283,6827459000.0,3332987000.0,5897628000.0,829251000.0,3488295000.0,4650412000.0,2892003000.0,5571187200.0,7301879200.0,19.670603163361662,7.111993835400861,0.3667050948237111,0.7511772473159961,0.02080220201735434,19.670603163361662,0.02847445849623776,5.333658071446214,14.675694642010432,1.6715298319495397,0.0,0.1768146564218396,0.0,0.15299015343775774,1.271961082953171,0.013900486257039405,-48.52485563230004,0.21279632831482748,1.076923076923077,2.1419499953151644,0.4174470784773536,-0.02365512043686617,0.5428018129949816,1.036806524305183,2.47986449520842,0.8494307869842042,1.552163790619472,0.2829964485590742,Residential Construction,Consumer Cyclical,TOL
2013Q3,2013,Q3,2013-09-05,2013-07-31,46595000.0,689160000.0,55201000.0,0.26,144071000.0,0.2090530501,6787543000.0,3210134000.0,5868293000.0,838348000.0,3571215000.0,4517008000.0,2797098000.0,5563839160.0,7253637160.0,18.964801380060024,6.999829426443434,0.38145452632859933,0.8065516891195196,0.006498168411109845,18.964801380060024,0.014514970403104668,8.073363456962099,29.852125549951708,1.7332108753092548,0.0,0.12067479180909133,0.0,0.10153305842776982,1.4276028570474313,0.006864781556448335,-369.7640167475244,0.20905305008996458,0.857142857142857,2.4918143373475137,-0.18966281843782196,-0.0880893692888551,0.5008802908606015,0.8884250628191619,14.56272906681703,0.671201313674644,0.48578145969423603,0.2580140327947728,Residential Construction,Consumer Cyclical,TOL
2013Q2,2013,Q2,2013-06-10,2013-04-30,24674000.0,516004000.0,3547000.0,0.14,95991000.0,0.1860276277,6558605000.0,3166101000.0,5614605000.0,770631000.0,3386307000.0,4367217000.0,2750503000.0,5811427800.0,7585821800.0,18.692295430393198,7.285724296063875,0.37774724960567074,0.7825066224987769,0.00037852979457149433,18.692295430393198,0.007793181582015229,11.262369671552934,58.88210059171598,1.835515607366916,0.0,0.09617406233763974,0.0,0.07867587695859105,1.4296660788366935,0.003762080503399732,-37.624403887115676,0.1860276276928086,3.6666666666666674,1.2465057563591235,-0.4098273311384659,-0.10865952986844804,0.2202659412183464,4.5672382671480145,2.0843478260869563,1.5964021520834109,0.6188483378186611,0.2645092979291739,Residential Construction,Consumer Cyclical,TOL
2013Q1,2013,Q1,2013-03-07,2013-01-31,4432000.0,424601000.0,1150000.0,0.03,78664000.0,0.1852656965,6118251000.0,3134922000.0,5215961000.0,682598000.0,2977141000.0,4155047000.0,2725829000.0,6331446800.000001,8121365800.000001,18.542812189466712,7.641336482087554,0.35282550519748207,0.688589700158409,0.00011564059299047447,18.542812189466712,0.0014137512831260235,14.91152116928599,357.1438853790614,2.019650504861046,0.0,0.08325706063012044,0.0,0.0693990815349027,1.3865496236437844,0.0007243900258423527,-20.344416203693292,0.18526569650095032,-0.9872340425531916,1.04311364344615,-0.5297580964964244,-0.1426987017402944,-0.38102731965252423,-0.9892274748005065,-0.9781435304850236,1.1062883516670863,0.27025437177878076,0.2341772863808919,Residential Construction,Consumer Cyclical,TOL
2012Q4,2012,Q4,2012-12-28,2012-10-31,411417000.0,632826000.0,52616000.0,2.35,127088000.0,0.2008261355,6181044000.0,3121700000.0,5174670000.0,657252000.0,3053173000.0,3761187000.0,2721397000.0,5559412160.0,7033532160.0,18.535649819494584,7.873190191889869,0.3644924708512025,0.7217041996348144,0.06629964841497965,18.535649819494584,0.1317926129993273,8.785056492621985,3.378210039935151,1.7808925136944613,0.0,0.13446233861810114,0.0,0.10238173357122195,2.0786654129618474,0.0665610857971566,95.92304915713373,0.20082613546219655,5.527777777777779,5.710540403310101,-0.49288911164993887,-0.17069111236626247,0.19453713190025473,5.674188472332625,0.670402234991587,4.622333781264829,0.2759966976735187,0.21867594616416236,Residential Construction,Consumer Cyclical,TOL
2012Q3,2012,Q3,2012-08-31,2012-07-31,61643000.0,554319000.0,31499000.0,0.36,106391000.0,0.191931,5456272000.0,2695621000.0,4842059000.0,650963000.0,2754466000.0,3784705000.0,2309980000.0,4890758880.0,6251287880.0,16.077518131501098,7.438301408835833,0.3790828243166763,0.767310760674442,0.009489107991636223,16.077518131501098,0.02286782897150601,8.82300422680803,19.835013221290335,1.8143347599681114,0.0,0.11835215690522775,0.0,0.10159299243146236,1.5520789968093425,0.011297640586832915,135.133700265252,0.19193100001984417,2.6,1.1593067176628964,-0.5757925084906996,-0.3032532314027669,0.5912503739156446,2.6535680417259364,4.631861255140354,1.1255115664984192,0.15545261615075184,-0.007783577527371716,Residential Construction,Consumer Cyclical,TOL
2012Q2,2012,Q2,2012-06-07,2012-04-30,16872000.0,373681000.0,5593000.0,0.1,66860000.0,0.178922664,5365085000.0,2625629000.0,4937131000.0,663128000.0,2733268000.0,3767877000.0,2248337000.0,4241647600.0,5473828600.0,15.722894235721045,7.445215704961938,0.7236489263450626,1.4786696825789172,0.0009265583627831179,15.722894235721045,0.006425888806072754,11.35098546621316,62.850397107633945,1.6154786529246894,0.0,0.08143073672521688,0.0,0.0696505274380555,1.6917638826893149,0.0031447777621416997,-37.82625941944977,0.17892266398345114,6.9523809523809526,-0.5739572137721353,-0.7052750434723066,-0.3140756708437815,0.3279837924801875,7.055994256999282,1.289942975635044,1.195754743935541,-0.09479365014865844,-0.17773425965084202,Residential Construction,Consumer Cyclical,TOL
2012Q1,2012,Q1,2012-03-08,2012-01-31,-2786000.0,321955000.0,-19290000.0,-0.0168,50347000.0,0.1563789971,4974902000.0,2597801000.0,4582955000.0,754335000.0,2370920000.0,3655100000.0,2231465000.0,3627242910.0,4668133910.0,15.620139377431439,6.075490332544559,0.6498962190611995,1.2445795501656978,-0.0014383015721659922,15.620139377431439,-0.0010724455029465306,11.266304017642216,-325.48841618808325,1.3962743528083943,0.0,0.07430932122240158,0.0,0.0647158476689591,1.132818973002711,-0.0005600110313730804,-21.920716681472886,0.1563789970648072,-1.1866666666666665,-1.0475609506988084,-0.7262699383954442,-0.3113364330825314,-0.2287648779890014,-1.185202419730107,-2.2626824638345227,0.9697170151225896,-0.2394244743870734,-0.2062101495826752,Residential Construction,Consumer Cyclical,TOL
2011Q4,2011,Q4,2011-12-22,2011-10-31,15043000.0,427785000.0,15277000.0,0.09,65281000.0,0.1526023587,5055246000.0,2586353000.0,4681971000.0,723934000.0,2462695000.0,3416723000.0,2234251000.0,2900463840.0,3649060840.0,15.551304483768362,6.467400343125202,0.32737022095462814,0.6398728247845519,0.003546798261849579,15.551304483768362,0.005816298084600207,6.780190609768926,48.202882403775845,1.121449330389162,0.0,0.1060969824009731,0.0,0.08462199465663986,1.7204441288846772,0.0029757206672039304,772.2214696485623,0.15260235866147714,-0.64,-0.9197404221147417,-0.7806973080219811,-0.2979362647051234,0.20094558298686485,-0.6427519711218771,2.9292695473251027,1.1844112522405659,-0.4085680360989623,-0.22811535685214698,Residential Construction,Consumer Cyclical,TOL
2011Q3,2011,Q3,2011-09-07,2011-07-31,42108000.0,394305000.0,3888000.0,0.25,54358000.0,0.1378577497,5076610000.0,2611400000.0,4729167000.0,723899000.0,2458994000.0,3423617000.0,2219208000.0,3356457750.0,4111301750.0,15.537111408597353,6.5329099777731425,0.6480352045951925,1.2597924484950602,0.00713547126340951,15.537111408597353,0.016124684077506318,8.512338798645718,19.927672591906525,1.2853096997778968,0.0,0.09929469330243423,0.0,0.07767092607074406,1.7700328360724356,0.008294511494875517,-63.33895210597826,0.13785774971151774,3.0833333333333335,-0.7794655108898955,-0.7644774970301148,-0.2610122459428235,0.25477251217654256,3.02705434939585,1.1638501411774622,2.35772500923266,-0.5330722005171611,-0.25290770095064957,Residential Construction,Consumer Cyclical,TOL
2011Q2,2011,Q2,2011-06-07,2011-04-30,-20773000.0,319675000.0,-23729000.0,-0.12,43321000.0,0.1355157582,5083896000.0,2548905000.0,4799187000.0,762338000.0,2528770000.0,3384720000.0,2177100000.0,3506779100.0000005,4232112100.0000005,15.271134144149542,6.295353242262618,0.6590335443525989,1.3144695467269278,-0.0026538943734081676,15.271134144149542,-0.008149774118690183,10.9698259169469,-42.20357074086555,1.3757982741608652,0.0,0.08164752180387151,0.0,0.06287992515975936,1.789866174846328,-0.004086039525592184,20.153671222169862,0.13551575819191367,-6.999999999999999,-1.110103805364659,-0.7945208789351111,-0.23682447865606834,-0.16931602462081263,-7.079309335674568,-1.6075824175824176,0.7893960572602032,-0.6289653490690899,-0.2717973061052823,Residential Construction,Consumer Cyclical,TOL
2011Q1,2011,Q1,2011-03-08,2011-01-31,3417000.0,334116000.0,-9100000.0,0.02,52151000.0,0.1560865089,5061420000.0,2566862000.0,4802263000.0,747855000.0,2491003000.0,3360437000.0,2197873000.0,3373542479.9999995,4155330479.9999995,15.400217186534435,6.421382487246859,0.6592564932370758,1.2999428874633696,0.0003089717961660058,15.400217186534435,0.0013311973919906874,10.096919872140214,246.8204916593503,1.3142671791471452,0.0,0.0839072418259887,0.0,0.0660123048472563,1.8355483349044934,0.0006751069857865974,-41.408909892106195,0.15608650887715644,-0.9333333333333332,-0.9805970641233122,-0.7681795946203589,-0.18822438564781876,0.47119724667118035,-0.9323084847164167,-0.7156862745098039,1.0337159512963578,-0.6246701955925013,-0.2879922391169348,Residential Construction,Consumer Cyclical,TOL
2010Q4,2010,Q4,2010-12-22,2010-10-31,50479000.0,402600000.0,-5304000.0,0.3,35448000.0,0.08804769,5171555000.0,2555453000.0,4636597000.0,824418000.0,2612542000.0,3241725000.0,2194456000.0,2975184450.0,3647092450.0,15.331767430419314,5.624085112163975,0.33084207747959754,0.6695360861655448,0.0066288497104332305,15.331767430419314,0.01975344488824486,7.3899266020864385,14.734763218368036,1.164249332701482,0.0,0.11325821900377114,0.0,0.07784892551659994,1.618069959656388,0.009760893967095003,-34.14414765424164,0.08804769001490313,0.8749999999999999,-0.8486211964523891,-0.811210794496889,-0.13966778272036226,-0.42627779755931766,0.8489121676067687,-1.8918782579451825,1.5839920248230004,-0.674013162079328,-0.3140369441049947,Residential Construction,Consumer Cyclical,TOL
2010Q3,2010,Q3,2010-09-08,2010-07-31,27302000.0,454202000.0,5947000.0,0.16,61786000.0,0.1360319858,5397934000.0,2498743000.0,4983171000.0,798769000.0,2895908000.0,3256581000.0,2143977000.0,2877454720.0,3454099720.0,15.075190646266712,6.238563339338407,0.448631087375281,0.9691596934938888,0.0400949833484897,15.075190646266712,0.01092629374049272,6.335187251487223,26.348387663907406,1.1515608928169083,0.0,0.12049938263473256,0.0,0.08414367422795462,2.1615636059987304,0.00505786102608887,17.909877943272566,0.13603198576844663,1.6666666666666667,-0.8813349936037415,-0.7275813144304254,-0.07357203711418016,10.16883586406363,1.6757753520952452,1.1100949701020049,-0.03260001284998152,-0.6484001696242376,-0.3466908086893331,Residential Construction,Consumer Cyclical,TOL
2010Q2,2010,Q2,2010-06-08,2010-04-30,-40401000.0,311271000.0,-54017000.0,-0.24,5532000.0,0.0177722949,5489465000.0,2445088000.0,5236797000.0,895799000.0,3041094000.0,3320995000.0,2116675000.0,3733235990.0,4423076990.0,14.782252262600736,5.845950933189253,0.37377230750173285,0.839155891321703,-0.009370699547912864,14.782252262600736,-0.016523331675587956,11.993523296420161,-23.10113604861266,1.5268309320564333,0.0,0.09206246922985431,0.0,0.05670333994296348,2.1063676114842727,-0.007359733598811541,-24.575799601071708,0.017772294881309214,0.040000000000000036,-1.2219893763877352,-0.7668930161735699,0.004261179530295127,-0.380515117581187,0.008661726456298768,0.0741477126647584,-2.0299727789072985,-0.7521427999508009,-0.35511195873808477,Residential Construction,Consumer Cyclical,TOL
2010Q1,2010,Q1,2010-03-10,2010-01-31,-40754000.0,326698000.0,-58343000.0,-0.25,8930000.0,0.0273341129,5519889000.0,2482592000.0,5298921000.0,879942000.0,3034014000.0,3223866000.0,2157076000.0,3076712940.0,3580574940.0,15.024431574042133,6.021898034188617,0.3753394316443682,0.8345438960570243,-0.00919875522675688,15.024431574042133,-0.016415907245330687,9.417605678638989,-18.873686877361735,1.2393147726247407,0.0,0.09856737221708346,0.0,0.0591856104352823,2.34108725347807,-0.007383119479395329,-42.30089009266643,0.027334112850400064,0.6268656716417911,-1.3394353544536786,-0.6999034722310093,0.08055183532189249,1.4593857708729874,0.634276791643484,0.44366888844389774,-1.7002503421027955,-0.7204319931011514,-0.33760010786864647,Residential Construction,Consumer Cyclical,TOL
2009Q4,2009,Q4,2009-12-21,2009-10-31,-111434000.0,486585000.0,-104871000.0,-0.67,-19439000.0,-0.0399498546,5634444000.0,2513199000.0,5188234000.0,893948000.0,3117962000.0,3183566000.0,2197830000.0,2861904840.0,3189575840.0,15.209662484794567,5.803731313230747,0.37898841482850837,0.8496696839366878,-0.02355272434631842,15.209662484794567,-0.04433950514861736,5.881613366626591,-6.420627546350307,1.1387497925950154,0.0,0.15894880143838702,0.0,0.08635900898118785,2.242488377400028,-0.019777284147291196,12.663071627050849,-0.03994985459888817,0.7713310580204779,-1.5663740443480023,-0.6946620271605011,0.20134966285920983,0.612560540529767,0.764076463327624,0.11717316272413503,-1.5984030650581296,-0.7489323250608845,-0.3133596948220952,Residential Construction,Consumer Cyclical,TOL
2009Q3,2009,Q3,2009-09-03,2009-07-31,-472331000.0,461375000.0,-118790000.0,-2.93,-50173000.0,-0.1087466811,5719125000.0,2612756000.0,5216201000.0,869890000.0,3101086000.0,3475433000.0,2309264000.0,3153952200.0,3629772200.0,16.203640422958852,5.996391497775581,0.37302681791357944,0.816527452238173,-0.10625046616989578,16.203640422958852,-0.1807788404275026,6.835984177729612,-1.6693548591983165,1.207136142831554,0.0,0.1471897170798574,0.0,0.08067230564116014,2.0011357757877435,-0.08258798330164142,124.67692611772146,-0.10874668111622866,-4.634615384615385,-5.108804962807481,-0.5800186625742897,0.39253480718756883,-0.014969757044889042,-4.679444477845247,0.09167373966768365,-3.5785479808687386,-0.7127427190009973,-0.22931029270430872,Residential Construction,Consumer Cyclical,TOL
2009Q2,2009,Q2,2009-06-08,2009-04-30,-83165000.0,398327000.0,-130779000.0,-0.52,-49433000.0,-0.1241015548,6492469000.0,3081112000.0,5835049000.0,842535000.0,3406074000.0,3711685000.0,2781595000.0,3264574840.0000005,3762579840.0000005,19.12142688693882,6.925586474152409,0.37905533318680457,0.7987392214239535,-0.016098483169162552,19.12142688693882,-0.026991878256941,8.195715680835095,-9.813547886731198,1.0595443593092364,0.0,0.12063523709582036,0.0,0.06135216048008855,2.500192870325862,-0.012809456618121703,35.880757495823445,-0.12410155475275339,0.05454545454545459,-2.0602905878330398,-0.5511001066735488,0.741891233116185,0.35765427446496095,0.0644580685077901,0.19629424778761062,-1.4566031138245898,-0.734787530232258,-0.0444059494513661,Residential Construction,Consumer Cyclical,TOL
2009Q1,2009,Q1,2009-03-11,2009-01-31,-88895000.0,409023000.0,-162720000.0,-0.55,-76957000.0,-0.1881483437,6322479000.0,3162243000.0,5642926000.0,935312000.0,3157742000.0,3932957000.0,2864760000.0,2735114000.0,3311531000.0,19.677927815805848,6.033201755136254,0.333720523231473,0.6672292420285222,-0.017524439016138923,19.677927815805848,-0.02811137537501071,6.686944254968547,-7.691979301423027,0.8649284700764616,0.0,0.12356605983742004,0.0,0.0646934533115887,1.811436183861642,-0.01406014950781173,-44.253211662298156,-0.18814834373617131,-0.12244897959183684,-2.63109123032981,-0.3713478787324881,0.8758073687046951,-2.662533215234721,-0.1278085789320105,-1.1615877148702145,-1.5235517338224456,-0.7056514399957026,0.0372621209408,Residential Construction,Consumer Cyclical,TOL
2008Q4,2008,Q4,2008-12-19,2008-10-31,-78821000.0,698901000.0,-75278000.0,-0.49,46289000.0,0.0662311257,6586836000.0,3237653000.0,5942900000.0,1824871000.0,3349183000.0,4127475000.0,2953655000.0,3715384000.0,4219795000.0,20.14718730553827,3.2566137551640635,0.324572526171898,0.6603258595037825,-0.010410557865792765,20.14718730553827,-0.024345104308584026,5.316037607615384,-11.784245315334747,1.1475547255990681,0.0,0.15811410123622796,0.0,0.10610572359779415,0.984459723454425,-0.011966443372812075,23.029715489989464,0.06623112572453037,-1.7222222222222223,-1.7756730357831771,-0.28902749196423355,1.0149261201245545,-0.42860140723367485,-1.690595664789213,-0.6630876634853305,-1.2451636419513434,-0.6600783326158189,0.1305463903745021,Residential Construction,Consumer Cyclical,TOL
2008Q3,2008,Q3,2008-09-09,2008-07-31,-29295000.0,797670000.0,-45264000.0,-0.18,81010000.0,0.1015582885,6836031000.0,3301717000.0,6244197000.0,1994034000.0,3526300000.0,4546737000.0,3032476000.0,3189508490.0,3951043490.0,20.79677628636756,3.131439584279907,0.33117096748098424,0.6856720306434501,-0.004348030425909989,20.79677628636756,-0.008872656257335198,3.998531335013226,-27.21888112305854,0.9660151036566731,0.0,0.15762072888755166,0.0,0.11668612971474238,0.8405287974026521,-0.0042853813857778,11.501806638899406,0.10155828851530081,0.6949152542372882,-1.3781903450782087,0.011814969277912854,1.2550730998903232,69.82752761257434,0.6874766634306624,0.6597689399349063,-1.1329341792821506,-0.5005108472089894,0.27804122293756334,Residential Construction,Consumer Cyclical,TOL
2008Q2,2008,Q2,2008-06-06,2008-04-30,-93737000.0,818790000.0,-133039000.0,-0.59,-1177000.0,-0.001437487,6958301000.0,3326440000.0,6294722000.0,2074239000.0,3623847000.0,4835869000.0,3061771000.0,3591179440.0,4623562440.0,20.970993752403526,3.0347139360507636,0.32600070045834467,0.6819335385577374,-0.01447270653844584,20.970993752403526,-0.028179374947391204,4.385959085968319,-9.577806629185915,1.079586416709756,0.0,0.16955939046322388,0.0,0.11767096594412918,0.6903731922888346,-0.013471248225680379,11.097279247486936,-0.001437487023534728,0.03278688524590167,-2.561832624188211,0.1863400785289238,1.4113747639863186,0.7477496785255037,0.023135362714549225,0.09467101278657512,-1.537086613200298,-0.3605856841366625,0.4247054202284282,Residential Construction,Consumer Cyclical,TOL
2008Q1,2008,Q1,2008-03-10,2008-01-31,-95957000.0,842852000.0,-146951000.0,-0.61,-4666000.0,-0.005535966,7020619000.0,3413382000.0,6495516000.0,2039027000.0,3599223000.0,5273702000.0,3155508000.0,3673886640.0,4989453640.0,21.62928275870809,3.185595874895232,0.32364824241281287,0.6656773253037603,-0.016321438949955767,21.62928275870809,-0.02811200152810321,4.358875152458557,-9.57170044915952,1.0763186306132746,0.0,0.1607064638843833,0.0,0.12005380152376878,0.5836067889243252,-0.013667883131102827,65.14676454942015,-0.005535965982165315,-0.17307692307692302,-2.8853412325061023,0.3256420969336493,1.5814522812247072,-1.036439460202424,-0.17248078591415061,-0.5490539187266115,-1.8368122347970217,-0.1893556837150434,0.5555704098647887,Residential Construction,Consumer Cyclical,TOL
2007Q4,2007,Q4,2007-12-21,2007-10-31,-81841000.0,1169340000.0,-94865000.0,-0.52,128048000.0,0.1095045068,7220316000.0,3527234000.0,6782983000.0,2116035000.0,3685071000.0,5572655000.0,3298925000.0,3615495830.0,4981008830.0,22.350718888811443,3.205515504233153,0.31381590501025164,0.6423872076533623,-0.011070571224491824,22.350718888811443,-0.023202600111021838,3.0919115312911556,-11.0442682457448,1.0250229584994928,0.0,0.1868574315115506,0.0,0.16195136057757029,0.5557379721980024,-0.011334822464833949,15.877563358818854,0.10950450681581063,-4.25,-2.052497111988331,0.4787387324301744,1.7864267833271752,-0.04472445409308953,-4.089972060711319,-41.24819686041578,-1.4355330085337332,-0.23170601545321723,0.765392797412708,Residential Construction,Consumer Cyclical,TOL
2007Q3,2007,Q3,2007-09-06,2007-07-31,26486000.0,1212351000.0,2357000.0,0.16,134043000.0,0.1105645147,7427576000.0,3589474000.0,7080354000.0,1495049000.0,3830097000.0,5957214000.0,3380766000.0,3411343080.0,4974670080.0,23.075124071074082,4.735867520061215,0.31437551093384974,0.6505265116838846,0.00023391948990033633,23.075124071074082,0.007378797004797918,2.8138246101995215,32.19949293966624,0.9503740882368837,0.0,0.18100877356428693,0.0,0.1632229680315624,0.7221950584897218,0.0035659009076447015,18.15645167814526,0.11056451473211966,-0.2727272727272727,-0.5491275287945105,0.9013516270649435,2.0863705540545747,-0.19891589522312597,-0.27811392750068137,-0.936228354978355,-0.7611721655381076,0.14394145500938063,0.9830675459579701,Residential Construction,Consumer Cyclical,TOL
2007Q2,2007,Q2,2007-06-08,2007-04-30,36690000.0,1174677000.0,36960000.0,0.22,167327000.0,0.1424451147,7424179000.0,3546431000.0,7096736000.0,2245235000.0,3869985000.0,6137473000.0,3354280000.0,4607442480.0,6394132480.0,22.922199384679026,3.160798758259158,0.3151615821762918,0.659766396131773,0.0038723564117052424,22.922199384679026,0.010345612250738842,3.922305859397945,31.394402289452167,1.2991772517215194,0.0,0.16413106827516796,0.0,0.15822315167778148,0.4048703142432752,0.004941960585810229,198.56242372004826,0.1424451146996153,-0.33333333333333337,-0.36006747330691297,0.9543070084388481,2.1585051387573113,-0.2298802433793275,-0.3245084321378599,-0.28160472710309437,-0.5128261310179512,0.37873303528169955,1.088127543409797,Residential Construction,Consumer Cyclical,TOL
2007Q1,2007,Q1,2007-03-09,2007-01-31,54316000.0,1090611000.0,51448000.0,0.33,217274000.0,0.1992222708,7417121000.0,3497808000.0,7071787000.0,2354211000.0,3911550000.0,6182279000.0,3317590000.0,5216991960.0,7035951960.0,22.681814644774725,3.0038883515538752,0.3058071993162846,0.6484658391769932,0.0055578122645146555,22.681814644774725,0.015528582472222604,4.783549734965079,24.012224574710952,1.4915032385997173,0.0,0.1412645724982648,0.0,0.14703966673861732,0.3561702838020891,0.007323057019023959,-42.308968347295774,0.1992222708188346,-0.6886792452830188,0.10827772221118423,1.011727109716784,2.258168677007268,-0.5860201736903677,-0.6874690725801811,-0.80119480961103,0.03854759705197094,0.7467479266177948,1.162154239232843,Residential Construction,Consumer Cyclical,TOL
