Quarters,Year,Quarter,FillingDate,Date,NetIncome,Revenue,OperatingIncome,EPSDiluted,GrossProfit,GrossProfitRatio,TotalAssets,CommonStockEquity,CurrentAssets,CurrentLiability,TotalLiability,Inventory,RetainedEarnings,MarketCap,EnterpriseValue,bookValuePerShare,currentRatio,debtToAssets,debtToEquity,roic,shareholdersEquityPerShare,roe,priceToSalesRatio,peRatio,pbRatio,payoutRatio,inventoryTurnover,dividendYield,assetTurnover,quickRatio,returnOnAssets,priceToFreeCashFlowsRatio,grossProfitMargin,epsdilutedGrowth,fiveYNetIncomeGrowthPerShare,fiveYRevenueGrowthPerShare,fiveYShareholdersEquityGrowthPerShare,grossProfitGrowth,netIncomeGrowth,operatingIncomeGrowth,threeYNetIncomeGrowthPerShare,threeYRevenueGrowthPerShare,threeYShareholdersEquityGrowthPerShare,Industry,Sector,Symbol
2022Q4,2022,Q4,2023-03-30,2022-12-31,-162238000.0,17065000.0,-170501000.0,-0.32,-1665000.0,-0.0975681219,242801000.0,142237000.0,114038000.0,76861000.0,96238000.0,28246000.0,-866450000.0,84083289.704,95218289.704,0.27742572967967855,1.4836913389105009,0.13617736335517563,0.23245709625484226,-0.8471274306009322,0.27742572967967855,-1.14061742022118,4.9272364315265165,-0.12956781041432958,0.5911492066339982,0.0,0.6631027402110033,0.0,0.07028389504161844,0.831566073821574,-0.6681932940968118,-4.000156503520457,-0.09756812188690302,-3.113110539845759,-3.075110781495375,-0.9391249430350842,-0.41569969194341494,-1.5265553869499242,-3.2223089735581927,-3.072249158088323,0.5425063991484601,81.88391461271085,0.2577651967074457,Farm & Heavy Construction Machinery,Industrials,IDEX
2022Q3,2022,Q3,2022-11-09,2022-09-30,-38424000.0,24278000.0,-41869000.0,-0.0778,-659000.0,-0.0271439163,370319000.0,264037000.0,170028000.0,61959000.0,86421000.0,29530000.0,-709451000.0,135866831.375,142200831.375,0.5344216411405951,2.7442018108749333,0.08511580556223149,0.11937720849729394,-0.13203256284331755,0.5344216411405951,-0.14552505898794488,5.596294232432655,-0.8839971851902457,0.514574970079951,0.0,0.8444632577040297,0.0,0.06555969312943705,1.9327297083555255,-0.10375919139984716,-4.433717248890484,-0.027143916302825602,-0.0012870012870011451,-0.5874730457281453,-0.8989585035395051,0.2863507204743462,-1.442578912021491,0.00672112501292524,-0.04092186062700445,0.2762158317630315,1.0204014332054627,-0.41764485450057665,Farm & Heavy Construction Machinery,Industrials,IDEX
2022Q2,2022,Q2,2022-09-09,2022-06-30,-38684000.0,34202000.0,-40223000.0,-0.0777,1489000.0,0.0435354658,431201000.0,297733000.0,221815000.0,85489000.0,110512000.0,23770000.0,-672037000.0,329837327.065,300637327.065,0.5981066107812688,2.5946613014539883,0.13058411274556414,0.18912246878915,-0.1078315157110851,0.5981066107812688,-0.12992849297860834,9.64380232340214,-2.131613374166322,1.1078292532739062,0.0,1.3762305427008834,0.0,0.07931799787106245,1.9853899332077811,-0.08971222237425237,-7.659413581612985,0.043535465762236124,-0.39247311827956993,-0.29893459724276433,-0.9029753136132991,0.3088332432641487,73.45,-0.393817107443972,-0.021562452379742976,-2.5960780780566384,-0.4833287794369804,-0.2759914829291232,Farm & Heavy Construction Machinery,Industrials,IDEX
2022Q1,2022,Q1,2022-09-09,2022-03-31,-27754000.0,25391000.0,-39374000.0,-0.0558,20000.0,0.0007876807,504171000.0,339475000.0,289844000.0,110991000.0,138109000.0,21855000.0,-634270000.0,557042916.6400001,468957916.6400001,0.6825542317159012,2.6114189438783324,0.1639761112797047,0.2435289785698505,-0.08815413916750392,0.6825542317159012,-0.08175565210987554,21.938597008388804,-5.017681385025583,1.6408952548493998,0.0,1.1608785175017158,0.0,0.05036188118713691,2.1372723914551632,-0.055048783051782034,-12.913343919141342,0.0007876806742546571,0.8731818181818182,-2.3965803721863073,-0.9147476576874187,-0.07121143889549805,1.0138600138600138,0.857675444219379,0.7670811495096009,-1.2950124212925924,-0.8004100838459391,-0.041694335996742674,Farm & Heavy Construction Machinery,Industrials,IDEX
2021Q4,2021,Q4,2022-09-02,2021-12-31,-195005000.0,21107000.0,-169046000.0,-0.44,-1443000.0,-0.0683659449,473437000.0,363027000.0,362507000.0,91117000.0,106807000.0,6159000.0,-605758000.0,537395044.8,280265044.79999995,0.8106371731844446,3.9784782203101505,0.026894813882311693,0.03507452613717437,-0.4976076291463241,0.8106371731844446,-0.5371639024094627,25.46051285355569,-0.6889503407604933,1.4803170144369426,0.0,3.6613086540022732,0.0,0.044582489328041534,2.998353764939583,-0.41189218417656415,-15.465940794888766,-0.06836594494717392,-3.0,-0.20193398292109074,14.669483362752752,0.2254585173418791,-1.318683745583039,-2.834831173428251,-2.2802173280294946,-4.5954623555551555,-0.6715004099739035,0.876676783070839,Farm & Heavy Construction Machinery,Industrials,IDEX
2021Q3,2021,Q3,2021-11-23,2021-09-30,-50851000.0,27047000.0,-51535000.0,-0.11,4528000.0,0.16741228232336303,595879000.0,532604000.0,356307000.0,44661000.0,63275000.0,3819000.0,-411409000.0,933445025.14,689918025.14,1.1240403577517961,7.9780345267683215,0.022492821529203077,0.02516503818972445,-0.0928305521798102,1.1240403577517961,-0.09547618868803089,34.511961590564574,-4.589118331694558,1.7526061109942848,0.0,5.896569782665619,0.0,0.04539008758489559,7.162065336647187,-0.08533779508927147,-28.618359295459424,0.16741228232336303,-4.5,-1.1589608774270495,0.44503906269438637,0.11076790154691156,-0.513170626814321,-4.19417773237998,-3.824471072832803,-0.10596856076248645,-0.9032746131046651,0.8350577677264688,Farm & Heavy Construction Machinery,Industrials,IDEX
2021Q2,2021,Q2,2021-08-16,2021-06-30,-9790000.0,33217000.0,-10682000.0,-0.02,9301000.0,0.28000722521600385,698051000.0,539498000.0,439336000.0,125971000.0,153109000.0,3573000.0,-357245000.0,1229999112.36,929299112.3599999,1.2456710778109557,3.4875963515412276,0.1360101196044415,0.17598211670849567,-0.018473784878187984,1.2456710778109557,-0.018146499152916228,37.02920529728753,-31.409578967313585,2.2798955924952455,0.0,6.693534844668346,0.0,0.047585348348473104,3.297068372879472,-0.014024763233631927,-91.88011596025994,0.28000722521600385,-12.651877133105803,0.5844024313355146,0.5126125494366592,0.01961545852293515,-0.14213244788784357,-16.085514834205934,0.17596235439327315,0.804967014052342,-0.9585997767273704,1.3720269540276875,Farm & Heavy Construction Machinery,Industrials,IDEX
2021Q1,2021,Q1,2021-05-17,2021-03-31,-573000.0,32709000.0,-12963000.0,-0.001465,10842000.0,0.33146840319178206,569898000.0,416163000.0,391572000.0,120785000.0,147965000.0,960000.0,-347457000.0,1142104835.56,877003835.56,1.063996861027352,3.241892619116612,0.15924779521949542,0.21807560979712276,-0.001355170716917186,1.063996861027352,-0.0013768643536306688,34.917143158152186,-498.3005390750436,2.744368998589495,0.0,22.778125,0.0,0.05739448111767369,3.1184749761973753,-0.0010054430792878727,473.11716468931235,0.33146840319178206,0.994103359509701,0.9832109222490195,0.6125993287799897,0.3334707733378696,9.385057471264368,0.9902906040837075,0.7364011631453729,0.9752355934177879,-0.9690482224367203,1.5044489641816552,Farm & Heavy Construction Machinery,Industrials,IDEX
2020Q4,2020,Q4,2021-03-31,2020-12-31,-59015000.0,11069000.0,-49177000.0,-0.24844655230553075,1044000.0,0.09431746318547295,210959000.0,187846000.0,179759000.0,13061000.0,32643000.0,0.0,0.0,472696638.01,307362638.01,0.7908106593981993,13.763034989663884,0.004730777070426007,0.005312862664097186,-0.25086082445302577,0.7908106593981993,-0.3141669239696347,42.7045476565182,-2.0024427603575363,2.516405129787166,0.0,0.0,0.0,0.05246991121497542,13.914248526146544,-0.27974630141401885,-23.999626219029246,0.09431746318547295,-7.281551743517692,-2.2020622828583454,-0.29684773539864645,0.6225744113921376,0.46218487394957986,-6.1222544050205165,-3.0984248687390616,-2.199526096685595,-0.9147728658278126,0.6655661767000328,Farm & Heavy Construction Machinery,Industrials,IDEX
2020Q3,2020,Q3,2020-11-09,2020-09-30,-8286000.0,10620000.0,-11999000.0,-0.03,714000.0,0.0672316384180791,138464000.0,68444000.0,35565000.0,29735000.0,56700000.0,0.0,-295693000.0,215825208.6914,208343208.6914,0.28814158817249425,1.1960652429796537,0.09607551421308065,0.19436327508620185,-0.13468856286551348,0.28814158817249425,-0.12106247443165215,20.322524358888888,-6.511742960759111,3.153310862769563,0.0,0.0,0.0,0.07669863646868501,1.9046914410627207,-0.059842269470764965,-18.715332005844605,0.0672316384180791,0.8,0.5985873294522166,1.2537743218728965,-0.4812778120508698,1.8,0.6860650147760855,0.2624623517118446,0.28796714828569286,-0.9080688494411122,-0.3064443671232247,Farm & Heavy Construction Machinery,Industrials,IDEX
2020Q2,2020,Q2,2020-08-10,2020-06-30,-26394000.0,4692000.0,-16269000.0,-0.15,255000.0,0.05434782608695652,147990000.0,71304000.0,42537000.0,29319000.0,63377000.0,0.0,-287407000.0,361868898.78,349589898.78,0.3960579107052047,1.450833930215901,0.0837083586728833,0.17373499382923818,-0.16767497706823875,0.3960579107052047,-0.3701615617637159,77.12465873401534,-3.4275678068879287,5.075015409794681,0.0,0.0,0.0,0.03170484492195419,1.3944882158327365,-0.17834988850598013,-55.1797649862763,0.05434782608695652,-0.8749999999999999,-1.655468480331749,-0.5798910396990018,-0.3884295871319313,4.795454545454546,-1.1375121477162293,-0.7243243243243244,-1.450497657095472,-0.9631971104853215,-0.1333087606044066,Farm & Heavy Construction Machinery,Industrials,IDEX
2020Q1,2020,Q1,2020-05-11,2020-03-31,-12348000.0,378000.0,-9435000.0,-0.08,44000.0,0.1164021164021164,114944000.0,33261000.0,10092000.0,30846000.0,68214000.0,0.0,-260829000.0,211531920.28,225942920.28,0.21069983168972345,0.3271737016144719,0.17682523663697106,0.6110760349959412,-0.15496427691549644,0.21069983168972345,-0.3712456029584198,559.6082547089948,-4.2827162350178165,6.359758283876012,0.0,0.0,0.0,0.0032885579064587975,0.29264734487453803,-0.10742622494432072,-54.617072109475856,0.1164021164021164,0.8843386455787292,0.3343911854768606,-0.9445218837969593,-0.699070549358675,1.2483126029932956,0.8869101067964974,0.8900079849423205,-2.957656500493773,-0.9960013091000757,-0.7132893118132286,Farm & Heavy Construction Machinery,Industrials,IDEX
2019Q4,2019,Q4,2020-03-16,2019-12-31,-109187476.0,63393.0,-85778954.0,-0.6916744179617486,-177196.0,-2.7951982080040385,126944443.0,34819159.0,7451821.0,36755566.0,66946527.0,0.0,-248482826.0,135080495.65940002,148212698.65940002,0.22057036592037882,0.2027399333205752,0.1241888863146219,0.45277052785795313,-1.4936863277790724,0.22057036592037882,-3.1358447227286566,2130.8424535737386,-0.30928569055712946,3.8794876021962508,0.0,0.0,0.0,0.0004993759356602952,0.13706101002498505,-0.8601201708372536,-26.59458035221349,-2.7951982080040385,-5.287949254197715,-5.718764551077609,-0.9904107515043313,-0.7266578539260821,-1.0619494953379505,-6.962991181288442,-8.122137639187939,-0.9091893023928712,-0.8664909301564717,-0.6665587977806173,Farm & Heavy Construction Machinery,Industrials,IDEX
2019Q3,2019,Q3,2019-11-14,2019-09-30,-13711867.0,3103690.0,-9403383.0,-0.11,2860330.0,0.9215901072594235,164763676.0,117106222.0,8013138.0,15910170.0,47259734.0,0.0,-138468441.0,192052670.73999998,211193908.73999998,0.9176902535690299,0.5036487982215149,0.1264103503007544,0.17785420487734632,-0.06477235953690924,0.9176902535690299,-0.11708914151461568,61.87881867712303,-3.5015776979896316,1.6399869064173207,0.0,0.0,0.0,0.018837222349906785,0.2908731333480409,-0.08322141950753757,-59.013724222761184,0.9215901072594235,-3.1999999999999997,-0.21503929492552193,-0.16982251819629762,-0.008961472517232512,-0.7917926260874123,-3.5909514601925507,-2.6457448735551314,-1.161625898598078,-0.38428817939512183,-0.09314565958670919,Farm & Heavy Construction Machinery,Industrials,IDEX
2019Q2,2019,Q2,2019-08-14,2019-06-30,5292213.0,14454308.0,5713755.0,0.05,13737890.0,0.9504356763395384,149396651.0,89793184.0,27866091.0,34976492.0,61176205.0,0.0,-124756574.0,281519322.21,298302983.21,0.8261043850713667,0.796709143958748,0.11944074971265588,0.19872385859487954,0.05441786778958701,0.8261043850713667,0.058937803118775695,19.476499477526005,13.298752441086554,3.135197012392388,0.0,0.0,0.0,0.09675121833889035,0.5849069140495851,0.03542390652384838,-146.96572994929898,0.9504356763395384,-0.7058823529411765,2.0191931958442715,11.082073821220725,-0.3504361054415453,-0.4852439797456235,-0.7344135188717144,-0.7265609259769549,1.8951702397552943,1.622663735946621,-0.32381122402508034,Farm & Heavy Construction Machinery,Industrials,IDEX
2019Q1,2019,Q1,2019-05-02,2019-03-31,19926515.0,26945564.0,20895898.0,0.17,26688158.0,0.990447184553272,146222238.0,75032568.0,27799356.0,44779873.0,72263352.0,0.0,-130048787.0,200156778.7,214469225.7,0.7122510670181964,0.6208002421087706,0.1116406452485018,0.21756345857708081,0.21328000878030146,0.7122510670181964,0.2655715448790184,7.428190358160623,2.51118646060287,2.6675986712863136,0.0,0.0,0.0,0.18427815336816278,0.478300865212369,0.13627554380613432,-37.40406433767055,0.990447184553272,3.184497561390934,1.4175468603715422,28.59718062767058,-0.44647370260571956,69.39817147318803,3.430621254932231,3.929111538212995,3.1677539473327134,3.932338829823893,-0.10736016624107161,Farm & Heavy Construction Machinery,Industrials,IDEX
2018Q4,2018,Q4,2019-04-01,2018-12-31,-8198116.0,15114576.0,-7133869.0,-0.0778210985466864,379103.0,0.025081947386416927,94235112.0,45504436.0,45072041.0,29933597.0,49761302.0,0.0,-149975302.0,126077701.4464,138285227.4464,0.4319535364304901,1.50573420895591,0.16250598821381992,0.3365335634530225,-0.11674920447521954,0.4319535364304901,-0.18016080893739678,8.341464652822546,-3.8447157080480445,2.770668368385008,0.0,0.0,0.0,0.16039219012123634,0.7508923501575838,-0.08699640533138009,-13.392347426260017,0.025081947386416927,0.2217890145331361,0.6330040442834532,13.123395629796375,0.0848432792328264,-0.5607459959377147,-0.14071107955964557,-0.12228506721484603,-0.0029843527895059923,1.1649590998344002,-0.11372368746797558,Farm & Heavy Construction Machinery,Industrials,IDEX
2018Q3,2018,Q3,2018-11-14,2018-09-30,-7186847.0,43707937.0,-6356557.0,-0.1,863061.0,0.019746093255327973,167723468.0,45366614.0,143789483.0,111697445.0,123106100.0,216453.0,-145921262.0,279960011.09999996,277738909.09999996,0.6125367699701452,1.2873121941150938,0.08233281940008538,0.3043900521207071,-0.10741825707012466,0.6125367699701452,-0.15841709059441816,6.405244226008653,-9.738624291709563,6.1710581067390216,0.0,197.9407816015486,0.0,0.26059523763245823,1.0883397646203994,-0.04284938229395543,-44.28868245129842,0.019746093255327973,0.1666666666666666,-1.4758058866212214,95.31698343027108,0.009982077153035233,-0.43684055296652474,0.13619876577279105,0.2600571205404043,-0.1166312606936419,28.7489370698569,0.10270931569932132,Farm & Heavy Construction Machinery,Industrials,IDEX
2018Q2,2018,Q2,2018-08-13,2018-06-30,-8320024.0,132986538.0,-8590605.0,-0.12,1532534.0,0.011523978464647302,153570375.0,37698162.0,136319705.0,117532800.0,117532800.0,216453.0,-138734415.0,134956642.23999998,136181268.23999998,0.5251504733939948,1.1598439329276593,0.019535017740237984,0.0795794765803171,-0.21108090827295836,0.5251504733939948,-0.22070105168522539,1.0148143133104193,-4.055175869684991,3.5799263168321045,0.0,607.3096884774062,0.0,0.8659647930142776,0.9747160877644369,-0.05417727214640194,-17.706939222462864,0.011523978464647302,-1.0,0.47219860375037354,545.7299125408164,0.955759161697247,2.9346692512099,-1.0437589137845737,-1.1118667242902636,-1.099323193041469,28.862791884164334,-0.18909209196308932,Farm & Heavy Construction Machinery,Industrials,IDEX
2018Q1,2018,Q1,2018-05-15,2018-03-31,-4070942.0,185930180.0,-4067778.0,-0.06,389495.0,0.00209484549522837,140059140.0,29236104.0,132825099.0,112212995.0,112212995.0,216453.0,-129936333.0,146578725.39,145724785.39,0.42484270042812383,1.1836873171418336,0.021419523209981157,0.10261285156189073,-0.12618702309683577,0.42484270042812383,-0.1392436557210222,0.7883535926765627,-9.001523811319345,5.013620330191738,0.0,857.1869412759352,0.0,1.3275119353153246,0.9924210471345142,-0.029065878885162367,-37.90641533513772,0.00209484549522837,0.22731241782314662,0.7417405980900265,29.06925715505215,-0.015926400682491487,-0.7064818973494862,0.2381731765019393,0.19889154254683283,0.49661863415123586,61.59787231767424,-0.3932236232771138,Farm & Heavy Construction Machinery,Industrials,IDEX
2017Q4,2017,Q4,2018-03-30,2017-12-31,-5343658.0,37626377.0,-5077687.0,-0.07765104731069322,1326988.0,0.035267493333200804,63039616.0,32673974.0,55801238.0,31655009.0,31655009.0,216453.0,-125865391.0,317243156.83000004,313038060.83000004,0.47479990315666915,1.7627933070560808,0.04758912237028855,0.09181619597297837,-0.14233589450953796,0.47479990315666915,-0.1635447833801912,8.431403236883531,-14.842040640980393,9.709353286196531,0.0,167.7010205448758,0.0,0.5968687531345369,1.0793609630627494,-0.08476666482232378,-76.65816747386016,0.035267493333200804,-0.5530209462138643,0.4900406202234914,4.876416974386882,-0.25278771732151756,-0.31941515333043385,-0.7551281828104015,-0.6371148891526232,0.24571577251251134,12.056159503442085,-0.4116035309503854,Farm & Heavy Construction Machinery,Industrials,IDEX
2017Q3,2017,Q3,2017-11-13,2017-09-30,-3044597.0,30223638.0,-3101607.0,-0.05,1949776.0,0.06451162497380361,71557582.0,25818975.0,48253664.0,47763689.0,47763689.0,375693.0,-120521733.0,164687345.2,166010589.2,0.4154556239091041,1.0102583156841172,0.04192427854814882,0.11619361341803848,-0.10762377912469129,0.4154556239091041,-0.11792090894390657,5.448958368281144,-13.522918238440095,6.378539241003951,0.0,75.25788875491425,0.0,0.4223680727501385,0.9308543358114572,-0.04254751089828608,-37.35324234953844,0.06451162497380361,0.1666666666666666,0.8633208441640443,3.6016934462905943,0.2394812883188316,36.701601051898834,0.16819403178766332,0.1607536315804427,0.4460213306805946,15.600029025766544,-0.5513382340587952,Farm & Heavy Construction Machinery,Industrials,IDEX
2017Q2,2017,Q2,2017-08-14,2017-06-30,-3660225.0,43324439.0,-3695705.0,-0.06,51716.0,0.001193691163548592,74273739.0,27958016.0,51083866.0,48358318.0,48358318.0,216453.0,-117477132.0,108289246.05,108125776.05,0.45697694023237684,1.0563615136490065,0.04039112666725988,0.10730375145360815,-0.11937796659837634,0.45697694023237684,-0.13091862455476097,2.499495632245809,-7.396351730426408,3.8732807810826064,0.0,199.91740932211613,0.0,0.5833076344789913,0.9332588862995607,-0.049280203868557096,56.46826384822243,0.001193691163548592,-2.5,0.8307105251679852,2.265909041729767,0.03697756294127674,-0.9864687653389402,-2.6540556442534817,-2.765360724084958,-0.2523432054581756,63.33888178996743,-0.6406801290673388,Farm & Heavy Construction Machinery,Industrials,IDEX
2017Q1,2017,Q1,2017-05-15,2017-03-31,2212879.0,33164351.0,2093456.0,0.04,3821972.0,0.11524338287216898,73649049.0,40699489.0,39045586.0,38680631.0,38680631.0,217383.0,-113456389.0,114640744.13999999,116586602.13999999,0.7348865611611513,1.0094350839312833,0.04073372352710216,0.07371099917249575,0.047905731803866175,0.7348865611611513,0.05437117404594441,3.4567461953348637,12.95153780889059,2.8167612654792786,0.0,134.98009963980624,0.0,0.45030250152992474,0.792960383712458,0.030046267128310104,-33.80118584664138,0.11524338287216898,1.1104097102806803,1.0991090250772944,2.0763266251601555,0.05569182742506782,3.305583086958279,1.1102900402897142,1.095947466890095,1.0882022350697163,68.29192371294639,-0.4288825162350298,Farm & Heavy Construction Machinery,Industrials,IDEX
2016Q4,2016,Q4,2017-03-31,2016-12-31,-20064178.0,166582.0,-21818773.0,-0.36228697546903416,-1657703.0,-9.951273246809379,41297588.0,36635030.0,4531895.0,8616015.0,8616015.0,0.0,-112293781.0,68119862.46,68580886.46,0.6614970329169393,0.5259850406481419,0.07264346770082553,0.0818888369956296,-0.5427758764998604,0.6614970329169393,-0.5476774005644325,408.92690963009204,-0.8487746477827299,1.8594187710505492,0.0,0.0,0.0,0.004033698045512973,0.440981706740297,-0.48584382216220473,-39.46623287325995,-9.951273246809379,-6.245739509380683,0.05259636173272651,-0.9862809154753187,-0.38617844370712484,-3.261383974855671,-8.800771198180543,-8.87668970150078,-0.7085065270075996,-0.7039130412434085,0.661337504775532,Farm & Heavy Construction Machinery,Industrials,IDEX
2016Q3,2016,Q3,2016-11-14,2016-09-30,-2047204.0,1626844.0,-2209118.0,-0.05,733048.0,0.45059514003801227,46338063.0,41676141.0,8366898.0,6986015.0,7290303.0,0.0,-92229603.0,63011576.61,63172290.61,1.0119489014639338,1.1976639042429769,0.06474159267296088,0.07198363207380452,-0.049250383353373735,1.0119489014639338,-0.04912172650534031,38.732402498334196,-7.694833613308688,1.5119340490281956,0.0,0.0,0.0,0.03510815719681679,0.9936151010268371,-0.044179749162152074,-10.480979703402848,0.45059514003801227,0.0,-1.9567923513444758,-0.7912742781946113,-0.2799638672855422,0.07790872931263923,-0.28909903664089354,-0.45081386375950216,-1.2437405684978986,5.447090412568906,0.6685533074579186,Farm & Heavy Construction Machinery,Industrials,IDEX
2016Q2,2016,Q2,2016-08-15,2016-06-30,-1588089.0,1480464.0,-1522675.0,-0.05,680065.0,0.4593593630105156,42185465.0,35671270.0,6882141.0,8728694.0,9041594.0,0.0,-90182400.0,47592575.37,48188814.37,1.2217067399267325,0.7884502538409526,0.07111454146588167,0.08410129496370608,-0.039164879520454526,1.2217067399267325,-0.04452011380587235,32.1470669803521,-7.49211400777916,1.3341990730915942,0.0,0.0,0.0,0.035094172838915014,0.6299374224826761,-0.03764540701400352,-7.212011413424707,0.4593593630105156,0.4444444444444444,0.9097462040526665,-0.7519799146152585,-0.19487443760534462,0.9213806625869483,0.25667654744670065,0.3309910826637423,0.75231163495807,13.964004138035774,3.5498657443394506,Farm & Heavy Construction Machinery,Industrials,IDEX
2016Q1,2016,Q1,2016-05-16,2016-03-31,-2136471.0,1269726.0,-2276016.0,-0.09,353946.0,0.2787577792374103,42972452.0,19536609.0,15619384.0,25645318.0,25966830.0,0.0,-88594311.0,45296439.7,53855086.7,0.7979153966487128,0.6090540191390881,0.47923648852990747,1.054121879595379,-0.05650128311966977,0.7979153966487128,-0.10935730965389132,35.67418458785596,-5.300380826606118,2.3185415493548547,0.0,0.0,0.0,0.029547441230488778,0.5801577504322621,-0.04971722349006289,-26.149417682321374,0.2787577792374103,-0.15995010911985066,0.6547228351259082,-0.7309047725491833,-0.18848705662674833,-0.5091350861086225,-0.12460876348732935,-0.25197255801058777,0.6190594309324694,-0.4228591427851151,0.8482310642025496,Farm & Heavy Construction Machinery,Industrials,IDEX
2015Q4,2015,Q4,2016-03-30,2015-12-31,-1899746.0,1622639.0,-1817944.0,-0.07758954397468903,721066.0,0.4443785709575574,19825725.0,11933291.0,10080500.0,9950341.0,10280465.0,0.0,-86457840.0,46275822.18,45506925.18,0.4873802112531153,1.0130808582339037,0.1513185520327756,0.2513975398739543,-0.121205781864819,0.4873802112531153,-0.15919715692846173,28.518864750569904,-6.089738072879216,3.8778759505655227,0.0,0.0,0.0,0.08184512798397033,0.5485552706183637,-0.09582227131668578,-118.50918523981838,0.4443785709575574,0.13789395583678848,0.8018490830136832,-0.6928757952064891,-0.5997468418392453,2.700150193695637,0.0892518306088734,0.2717267857765222,0.49044453239427493,-0.2877358103770998,-0.2329895651587898,Farm & Heavy Construction Machinery,Industrials,IDEX
2015Q3,2015,Q3,2015-11-16,2015-09-30,-2085918.0,476165.0,-2496239.0,-0.09,-424119.0,-0.8906975523190491,18796941.0,13333493.0,8472051.0,7465944.0,7804680.0,0.0,-84558094.0,45606465.699999996,44249704.699999996,0.555483445409803,1.1347595160102997,0.15960043711367716,0.22499730565726475,-0.1522679361581226,0.555483445409803,-0.15644197660733014,95.77870213056397,-5.465994552518363,3.4204439676834864,0.0,0.0,0.0,0.025332047379411363,0.928952320028117,-0.11097114152776241,-19.384825491172016,-0.8906975523190491,-0.5,0.9664022504527985,-0.9730126270629392,-0.8891549537298772,-1.651880007808069,-0.5840570465211646,-0.9895899254772247,0.7575561106056442,-0.8122975450863951,0.6572439917360767,Farm & Heavy Construction Machinery,Industrials,IDEX
2015Q2,2015,Q2,2015-08-13,2015-06-30,-1316820.0,1479648.0,-1254650.0,-0.06,650609.0,0.4397052542226259,21407766.0,15446489.0,10934999.0,7724689.0,8072037.0,0.0,-82472176.0,49372816.13999999,45507306.13999999,0.6476080306890917,1.4155908412623472,0.14013606090425315,0.19421889336793624,-0.0675761429421137,0.6476080306890917,-0.08525044105492192,33.36794706578861,-9.3734937462979,3.1963779043897933,0.0,0.0,0.0,0.06911734741495212,1.2357770002132125,-0.061511322573312883,-32.30418781553182,0.4397052542226259,0.5,0.966238602401022,-0.9703753682138996,1.1618261610701703,44.169597239731935,0.5295036531871463,0.5585069360138558,0.8437776744407268,-0.7138959151415077,0.4695599236663499,Farm & Heavy Construction Machinery,Industrials,IDEX
2015Q1,2015,Q1,2015-05-14,2015-03-31,-2798789.0,1027928.0,-2841834.0,-0.12,-15071.0,-0.014661532714353534,22368622.0,16674899.0,11934778.0,7441327.0,7797287.0,0.0,-81155356.0,50965640.800000004,45570148.800000004,0.7001635474384146,1.6038507647896671,0.13411644221982025,0.17991113469412917,-0.14401468374093682,0.7001635474384146,-0.1678444349198157,49.580944190643706,-4.552472587251129,3.056428755580469,0.0,0.0,0.0,0.04595401540604513,1.3668334962299062,-0.12512120773465615,-21.084795598167283,-0.014661532714353534,-0.16565211202288652,0.873862735007585,-0.9801295420877608,1.2369433721624719,-1.017790594865269,-0.14154793170100202,-1.2925929272361751,0.7085053217945018,-0.7782678987115889,0.005810929136844512,Farm & Heavy Construction Machinery,Industrials,IDEX
2014Q4,2014,Q4,2015-03-30,2014-12-31,-2451749.0,997354.0,-1239572.0,-0.10294666715933845,847133.0,0.8493804606990096,23704365.0,19217827.0,13163972.0,6104085.0,6468657.0,0.0,-78356567.0,49060383.2,41248012.2,0.8069387362632748,2.15658399252304,0.12655896920250764,0.15610505807966737,-0.051045734400996697,0.8069387362632748,-0.12757680668058882,49.190541372471564,-5.002590314098222,2.5528579896155796,0.0,0.0,0.0,0.042074698056665936,1.95007884064524,-0.1034302753944263,-22.444492267095608,0.8493804606990096,-0.14385185732598282,0.9693177962850847,-0.9849180540099753,1.3633895097371096,4.713313228190449,-0.25947864985683006,0.4676279014634121,0.7307878736518816,-0.8089921003901123,-0.25121902853897826,Farm & Heavy Construction Machinery,Industrials,IDEX
2014Q3,2014,Q3,2014-11-13,2014-09-30,-1946638.0,644891.0,-2328394.0,-0.09,-228134.0,-0.35375590603683416,25227232.0,20383012.0,14984601.0,6885970.0,6927530.0,0.0,-92293390.0,46225548.6,36180333.6,0.9259884738285182,2.176106053322916,0.11891911090364571,0.14718138810888204,-0.09823866612164832,0.9259884738285182,-0.09550296099516598,71.67963051120267,-5.936587670640355,2.2678468030141965,0.0,0.0,0.0,0.025563288116587663,1.9869239918268595,-0.07716415340375037,-18.4860563801032,-0.35375590603683416,-0.7999999999999998,0.9231141535475247,-0.9881125468601725,-0.3658389611581889,0.6617646404727769,-1.4548851462548789,0.26339046891119505,-2.7021894969854006,-0.8451958804030162,-0.34112764125826545,Farm & Heavy Construction Machinery,Industrials,IDEX
2014Q2,2014,Q2,2014-08-14,2014-06-30,-792965.0,182696.0,-3160961.0,-0.05,-674483.0,-3.6918323334938914,26908373.0,21110315.0,16954702.0,7640954.0,7711326.0,0.0,-90346752.0,44651283.1,31979875.1,1.271783102465873,2.218924757301248,0.11148946091984083,0.14211062222425389,-0.12729358281016573,1.271783102465873,-0.03756291651735182,244.40208378946448,-14.077318387318483,2.1151405414841036,0.0,0.0,0.0,0.006789559517403746,2.074872980520495,-0.029469080126100528,-16.44629016978419,-3.6918323334938914,0.8896275765860785,0.951955363507383,-0.9953809584617811,-0.49878386426504395,0.0863845517211486,0.8901270425771652,-0.16454085908881752,0.9207289525808955,-0.9461621164255372,-0.16187326127196197,Farm & Heavy Construction Machinery,Industrials,IDEX
2014Q1,2014,Q1,2014-05-15,2014-03-31,-7217108.0,137681.0,-2714341.0,-0.4530117075756208,-738257.0,-5.362083366622845,29630373.0,20499753.0,19775190.0,10666740.0,10769607.0,0.0,-89553787.0,78223144.54,63268234.54000001,1.286751994207161,1.8539113168596966,0.10124745982779225,0.1463432266720482,-0.11515057446083232,1.286751994207161,-0.3520582906535508,568.1477076720826,-2.709642994811772,3.815809124139203,-0.012754970550530766,0.0,0.0011768128287520771,0.004646617172183422,1.7007656509861495,-0.243571284100946,-27.511044962677644,-5.362083366622845,-1.1363546348907048,0.5806106728729873,-0.997009950395333,0.048068511233865234,-0.20371587194182436,-1.1363546348907048,0.013212708834344899,-0.7925555383499961,-0.9551555651204464,0.3086799710799127,Farm & Heavy Construction Machinery,Industrials,IDEX
2013Q4,2013,Q4,2014-03-31,2013-12-31,-3378235.0,161843.0,-2750685.0,-0.2120489267919681,-613315.0,-3.7895676674307817,14997318.0,6343425.0,4934242.0,7925406.0,10051215.0,0.0,-65856053.0,36004950.44,37182061.44,0.39817137156987015,0.6225853918398628,0.33339294399171904,0.7882177214990325,-0.24054390597749548,0.39817137156987015,-0.5325569388776568,222.46838256829147,-2.6644794130662905,5.675947999700477,0.0,0.0,0.0,0.010791462846890358,0.5046392575976549,-0.225255942429173,-11.715415216947791,-3.7895676674307817,-2.5146351913712004,0.9501133050790644,-0.9971739896379466,-0.8260115070861073,0.006023998755331977,-2.065046550772357,-0.06735796130296998,0.4584619635926756,-0.952921283282305,-0.6730081663548027,Farm & Heavy Construction Machinery,Industrials,IDEX
2013Q3,2013,Q3,2013-11-14,2013-09-30,3171913.0,95295.0,-2577097.0,0.14,-617032.0,-6.474967207093761,16519909.0,9432686.0,6260388.0,8103822.0,8258768.0,0.0,-62477818.0,25973671.99,27759181.99,0.6064828117512544,0.7725228910506672,0.18159906328781836,0.3180430261327473,-0.20561732123416185,0.6064828117512544,0.33626826971660034,272.56070087622646,2.0471614440560004,2.7535817464929924,0.0,0.0,0.0,0.00576849424533755,0.6465140769380177,0.1920054765434846,-9.17413450198415,-6.474967207093761,1.6363636363636362,1.250697364028902,-0.9978101834163936,-0.8802686727161572,0.16549634839058697,1.9669154642129345,0.2680013895236394,1.0788479051820279,-0.9916645473041978,-0.8789781839834905,Farm & Heavy Construction Machinery,Industrials,IDEX
2013Q2,2013,Q2,2013-08-14,2013-06-30,-3280445.0,50619.0,-3520631.0,-0.22,-739400.0,-14.607163318121653,18173991.0,4011285.0,2919010.0,14075527.0,14730890.0,0.0,-65466874.0,24350211.4,27058407.4,0.26851489880699764,0.20738193319511233,0.16507106226695062,0.7478900152943508,-0.49788760018895467,0.26851489880699764,-0.8178040204074255,481.0488433197021,-1.8557094692945622,6.070426658788891,0.0,0.0,0.0,0.0027852440336302575,0.021989869366880545,-0.18050218028610227,-23.61587574374815,-14.607163318121653,0.04347826086956525,-1.2117080976205978,-0.9978428050549664,-0.9663990610265369,-0.7586379950480331,0.019230050541667352,0.02538527061888847,0.8657144798921527,-0.998381880717735,1.0670972767552704,Farm & Heavy Construction Machinery,Industrials,IDEX
2013Q1,2013,Q1,2013-05-15,2013-03-31,-3344765.0,1312061.0,-3612331.0,-0.23,-420439.0,-0.3204416562949436,19729618.0,6304037.0,3828865.0,13043382.0,13700872.0,412911.0,-62186429.0,23217491.64,24114680.64,0.43171842098270696,0.2935484830544716,0.15205565561380863,0.47588553176321774,-0.3843003779652954,0.43171842098270696,-0.5305750902159997,17.695436142069614,-1.735360454321903,3.682956118436488,0.0,4.195819438087142,0.0,0.06650209852010312,0.16138759104042188,-0.16953014498304023,-10.18748920149889,-0.3204416562949436,-0.5104839073103532,0.7441115873192725,-0.943132691125559,-0.9004847643023507,0.08188462605118171,-0.5043043216819889,0.2010791520449018,0.7541419663070269,-0.9586338837414518,1.1460984635183364,Farm & Heavy Construction Machinery,Industrials,IDEX
2012Q4,2012,Q4,2013-04-08,2012-12-31,-2223463.0,1358647.0,-4521513.0,-0.15226908336252987,-457937.0,-0.33705370121893324,22458045.0,9278650.0,6008584.0,11991325.0,13126349.0,384088.0,-58841664.0,21173184.2,19792141.2,0.6354283972082008,0.5010775706604567,0.1335824200191958,0.32332289718870744,-0.35920242367343297,0.6354283972082008,-0.2396321663172983,15.58402160384559,-2.380653984347839,2.2819250860847213,0.0,4.7296036325008854,0.0,0.060497118070606766,0.3655687757608104,-0.09900518945438037,-7.9402348861027034,-0.33705370121893324,0.5770303239929726,0.8542114603150925,-0.9388347185346648,-0.8004138966153332,-0.2930119747122088,0.4507463033141287,0.021356085106604025,0.954617753404475,-0.9664910959643731,1.286153091130314,Farm & Heavy Construction Machinery,Industrials,IDEX
2012Q3,2012,Q3,2012-11-14,2012-09-30,-4048153.0,1193599.0,-4620182.0,-0.36,-354163.0,-0.2967185796904991,22025178.0,3785545.0,6559396.0,11599044.0,17752085.0,414086.0,-55694069.0,43594434.699999996,41764403.699999996,0.33518507122653435,0.5655117783844944,0.13620775278183903,0.7924882678716011,-0.6656746772431746,0.33518507122653435,-1.0693712530164086,36.523518116218256,-2.6922422830856445,11.516026014748206,0.0,3.737779108687567,0.0,0.054192479170883434,0.4167447765522745,-0.18379660768235334,-14.370765176113792,-0.2967185796904991,-0.0285714285714286,0.5263875861592514,-0.9369524827912047,-0.9201600466520606,-1.9941278017150637,-0.08773977131995511,-0.1541343109614959,0.6883715102955477,-0.9571175113103969,-0.7704492885376355,Farm & Heavy Construction Machinery,Industrials,IDEX
2012Q2,2012,Q2,2012-08-14,2012-06-30,-3721619.0,2283405.0,-4003158.0,-0.35,356255.0,0.156019190638542,26008838.0,4640781.0,8028197.0,11169381.0,18824440.0,415986.0,-51645916.0,52654580.0,51236479.0,0.4406816083235304,0.7187683005889046,0.11534540681902052,0.6464429155351222,-0.5112416327355399,0.4406816083235304,-0.8019380789569687,23.059676229140255,-3.5370748590868653,11.346060070492445,0.0,4.632728024500825,0.0,0.08779342621919518,0.5633798327767672,-0.14309055252679878,-15.172962490166528,0.156019190638542,0.1250000000000001,0.4968750941621262,-0.8348115811322242,-0.9056975320568827,0.45079777486377964,0.11811480941557395,0.034120057299054596,0.6445829007979282,-0.9090042117789605,-0.826325155299575,Farm & Heavy Construction Machinery,Industrials,IDEX
2012Q1,2012,Q1,2012-05-15,2012-03-31,-4220072.0,2037579.0,-4144571.0,-0.4,245558.0,0.12051459109070127,27977997.0,7286638.0,9453385.0,8925734.0,17620281.0,408731.0,-47924297.0,57048016.7,52330708.7,0.6961184524404334,1.0591156984960564,0.005153835708825045,0.019788824420809707,-0.549095661305567,0.6961184524404334,-0.5791521412206837,27.997941036887404,-3.3795641816063804,7.829127328680251,0.0,4.384353034147153,0.0,0.07282790830237061,0.8524018304825127,-0.15083538682200873,-21.38673193002003,0.12051459109070127,-0.046025612199521324,0.3729798435850341,0.0,-0.8904526440339335,-0.5621002098925928,-0.05428527173614338,-0.20719750601258236,0.6267637988756534,-0.9326514007290337,-0.43300664512185066,Farm & Heavy Construction Machinery,Industrials,IDEX
2011Q4,2011,Q4,2012-03-30,2011-12-31,-4002780.0,2294977.0,-3433217.0,-0.3823998144356174,560763.0,0.24434362523023107,31057404.0,11280538.0,11568470.0,7795208.0,16162365.0,413562.0,-43704225.0,47103867.0,39584293.0,1.077669928882909,1.4840489182584993,0.0,0.0,-0.29688885000216786,1.077669928882909,-0.3548394588981483,20.524766479141185,-2.9419470343111533,4.1756755750479275,0.0,4.193359157756274,0.0,0.07389468224710603,1.3117925782095872,-0.12888327691522447,-16.958422513751934,0.24434362523023107,-8.581100406207252,-0.8373202124169552,0.0,6.177891484003002,0.038042472214612044,-8.360892991779915,0.03877256242893792,0.910036503512761,-0.9390086990127023,-0.5290917926979668,Farm & Heavy Construction Machinery,Industrials,IDEX
2011Q3,2011,Q3,2011-11-14,2011-09-30,543790.0,1980878.0,-3571701.0,0.0504412016654622,540212.0,0.27271341294113016,34170627.0,14710282.0,14234184.0,7897726.0,15526544.0,450393.0,-39739414.0,39250751.25,29124462.25,1.4054140556099548,1.802314235768625,0.0,0.0,-0.5974211746809364,1.4054140556099548,0.03696666046238951,19.814825168435412,18.044994965887568,2.668252807797974,0.0,3.19868648047372,0.0,0.057970197620312906,1.626193666379411,0.015913960255982428,-17.394388721915803,0.27271341294113016,1.0672532318054104,1.2496213289898495,0.0,0.0,-0.3193930864875693,1.097378277153558,-0.026250891076989913,1.0638645552961046,-0.932361256775932,-0.722544337611724,Farm & Heavy Construction Machinery,Industrials,IDEX
2011Q2,2011,Q2,2011-08-15,2011-06-30,-5584305.0,1894396.0,-3480339.0,-0.750019,793721.0,0.41898367606350523,36730377.0,14060952.0,15503813.0,6576251.0,18395626.0,472800.0,-40245235.0,83397663.0,71183594.0,1.5174114411335482,2.3575458114357253,0.0,0.0,-0.24286204594851696,1.5174114411335482,-0.39714985158899624,44.02335256197754,-3.733573963098362,5.931153381364221,0.0,2.3279928087986463,0.0,0.051575729810777605,2.0830643477567996,-0.15203505806651535,-41.09522483758554,0.41898367606350523,-1.9678056655816072,0.0,0.0,0.0,0.7722762328794652,-1.5079897386425798,-0.26243733316502477,-1.581001962470172,-0.8698481454275767,-0.8101168707669701,Farm & Heavy Construction Machinery,Industrials,IDEX
2011Q1,2011,Q1,2011-05-23,2011-03-31,-2226606.0,1697924.0,-2756841.0,-0.2527183665353025,447854.0,0.263765633797508,28672696.0,8662993.0,7434738.0,5926642.0,15567394.0,385321.0,-34660930.0,39647799.0,35400861.0,0.9832442022821998,1.2544604516351756,0.013914282772711712,0.04605336746780241,-0.2957942846051881,0.9832442022821998,-0.2570250258773151,23.35075009246586,-4.451595724614054,4.576686025257091,0.0,3.244230135393607,0.0,0.05921745203171686,0.958532504578478,-0.07765596928869194,-23.86469322084704,0.263765633797508,0.3545989123922414,0.0,0.0,0.0,-0.18716389250367982,0.3545989123922414,0.5035406955333194,0.7176810763609875,-0.8780340784851072,-0.7733527832429933,Farm & Heavy Construction Machinery,Industrials,IDEX
2010Q4,2010,Q4,2011-04-15,2010-12-31,-3449957.0,1901175.0,-5553005.0,-0.39156792789430755,550977.0,0.2898086709534893,30633212.0,10728517.0,9085473.0,5465788.0,15220569.0,428280.0,-32434324.0,39647799.0,33063403.0,1.2176798641458004,1.6622439435997152,0.0,0.0,-0.49647195828393614,1.2176798641458004,-0.3215688617541455,20.854365852696358,-2.873064722255959,3.695552609927355,0.0,3.1526057719249088,0.0,0.062062541792875,1.3361970863121657,-0.1126214580436423,-30.167990631805296,0.2898086709534893,0.8486114999141777,-3.3090092625129075,-0.5298322453577656,0.0,-0.30434305021059965,0.5228510846698164,-3.790934934624029,0.6250971298011774,-0.8581491170152017,-0.6175305033224691,Farm & Heavy Construction Machinery,Industrials,IDEX
2010Q3,2010,Q3,2010-11-22,2010-09-30,-7230357.0,2054800.0,-1159065.0,-2.586510386669576,792024.0,0.3854506521315943,33839466.0,14008781.0,10691829.0,5339552.0,14866699.0,463252.0,-28984367.0,14675902.5,6867097.5,5.011351107708708,2.002383158736913,0.0,0.0,-0.0819056586137849,5.011351107708708,-0.5161303471015787,7.142253503990656,-0.507440452110456,1.0476216667246065,0.0,2.7258943296521116,0.0,0.06072199839087295,1.7111004818381768,-0.21366640360104974,-6.2412059692453985,0.3854506521315943,-0.7242965755998022,-52.73020773339152,0.915263143160344,670.8821238571428,0.012779560886411008,-4.094846848573549,0.011616900658998813,-2.4176228236859623,-0.5614921917780601,0.193686929986199,Farm & Heavy Construction Machinery,Industrials,IDEX
2010Q2,2010,Q2,2010-08-23,2010-06-30,-1419151.0,1817306.0,-1172688.0,-1.500038,782030.0,0.4303237869681826,12874114.0,-3472991.0,3845240.0,7758089.0,12667887.0,441722.0,-19438701.0,6508807.5,10092111.5,-4.001874767382504,0.49564267695304864,0.4031537238213053,-1.4944602505448474,-0.6264641854128117,-4.001874767382504,0.4086250151526451,3.5815693669640667,-1.1466023523923812,-1.8741216144815809,0.0,2.3437275028185147,0.0,0.1411596945622821,0.36312847145733956,-0.11023290612464672,-84.37655561317086,0.4303237869681826,-1.0,-16.370847585675257,12.778289611023217,-537.5395599568426,-0.024745813863292568,-0.7639964251487553,-0.13236887387674462,-1.328083208236685,0.5953305934948521,-1.8563703586340647,Farm & Heavy Construction Machinery,Industrials,IDEX
2010Q1,2010,Q1,2010-05-24,2010-03-31,-804509.0,1875681.0,-1035606.0,-0.750019,801873.0,0.42751032824878005,15658695.0,-2551660.0,3709039.0,8083552.0,13214583.0,493529.0,-18019550.0,7123965.75,11205072.75,-2.954982623267104,0.4588377732956997,0.3573116405932934,-2.1927035733600873,-0.3359643992475035,-2.954982623267104,0.31528847887257705,3.7980689413604978,-2.2137619809100952,-2.7918945901883476,0.0,2.175774878477253,0.0,0.11978526946211035,0.35841644861070976,-0.051377780843167326,-52.440711309699076,0.42751032824878005,0.7764644899825734,-14.325351841146205,8.528120884250463,-15.956121743048485,0.4471995322025823,0.7223246738947731,0.36797258056838195,-0.4490011237641185,0.0,-1.4650221986929473,Farm & Heavy Construction Machinery,Industrials,IDEX
2009Q4,2009,Q4,2010-04-15,2009-12-31,-2897301.0,2397707.0,-1638546.0,-3.355256620934765,554086.0,0.23108995386008382,15769822.0,-1917503.0,3682006.0,7308014.0,12427898.0,455492.0,-17215041.0,5828699.25,8608364.25,-2.2205889675985597,0.503831273448573,0.3151689981028321,-2.5919954232144615,-0.5059750222337485,-2.2205889675985597,1.5109759932578983,2.430947255023237,-0.5029421563379158,-3.0397340968958066,0.0,4.047537607685755,0.0,0.15204401165720197,0.3982384270199811,-0.18372439460635637,-34.22385665048059,0.23108995386008382,-1.9170893007855745,-35.92292148507662,5.050141779416893,0.0,-0.019958611174982755,-1.9471370881607992,-0.31779899565383835,-15.121035039171478,0.0,-9.669286018510478,Farm & Heavy Construction Machinery,Industrials,IDEX
2009Q3,2009,Q3,2009-11-23,2009-09-30,-983090.0,2106454.0,-1243396.0,-1.1502070300114542,565370.0,0.26839893014516336,18144678.0,1248025.0,4057631.0,5591877.0,10978334.0,778674.0,-14742111.0,9615453.75,12618919.75,1.4601787513147781,0.725629515813742,0.2725169330643399,3.962045632098716,-0.19857086300059687,1.4601787513147781,-0.7877165922157008,4.564758475618267,-2.4452119719456,7.704536167144087,0.0,1.9791132104064089,0.0,0.11609211251916401,0.5529992880744694,-0.05418062530511702,-274.21016796897277,0.26839893014516336,-0.5335705228953589,-24.004140600229082,5.421539043569012,194.76916076291613,-0.3623181540307827,-0.1841690014623088,-0.4040740184492803,-4.526411219166334,0.0,0.0,Farm & Heavy Construction Machinery,Industrials,IDEX
2009Q2,2009,Q2,2009-08-19,2009-06-30,-830194.0,1989517.0,-885563.0,-0.750019,886602.0,0.4456368053150589,18743505.0,2118557.0,4115241.0,4995854.0,10371563.0,788336.0,-13759022.0,12524010.0,15568495.0,2.537394572505132,0.8237312379425019,0.262453847346054,2.3220073852155028,-0.12395032071804332,2.537394572505132,-0.3918676721938565,6.2950002437777615,-3.7714106582316904,5.91157566211341,0.0,1.399041779139859,0.0,0.10614434173330975,0.6271600411060851,-0.04429235620552292,289.9009282192542,0.4456368053150589,0.0,-10.346237573748343,14.678442601738581,339.19369583102673,0.14322223927151662,-0.1395311170285777,-0.0015392410331575817,0.0,0.0,0.0,Farm & Heavy Construction Machinery,Industrials,IDEX
2009Q1,2009,Q1,2009-05-20,2009-03-31,-728540.0,1949410.0,-884202.0,-0.750019,775529.0,0.39782754782216156,19359858.0,828069.0,5167939.0,6774508.0,12139747.0,836827.0,-12928828.0,7587765.0,8472394.0,1.2277365271591831,0.7628508225246763,0.23705246185173465,5.542173417915657,-0.16079294006271885,1.2277365271591831,-0.8798059098939822,3.89233922058469,-2.6037571718780024,9.163203790988433,0.0,1.4027762010546982,0.0,0.10069340384624723,0.6030553067469991,-0.03763147436308675,-62.58311820063839,0.39782754782216156,0.8235503022629662,-16.76803795287545,11.67821153383111,5.21397121729217,0.46463293950565054,0.7458789124563422,0.11474011443675192,0.0,0.0,0.0,Farm & Heavy Construction Machinery,Industrials,IDEX
2008Q4,2008,Q4,2009-04-15,2008-12-31,-2866901.0,2424531.0,-998805.0,-4.250610851812095,529504.0,0.21839440287626763,20104842.0,1543515.0,5893700.0,6568652.0,11923696.0,877309.0,-12200287.0,1011702.0,4091751.0,2.288492560062153,0.8972464974548812,0.3733219092196795,4.862653100229022,-0.11491764321637318,2.288492560062153,-1.8573846059157184,0.4172774033410998,-0.08822261389563156,0.6554532997735687,0.0,2.1600450924360746,0.0,0.12059438218912638,0.7332910922971715,-0.1425975394385094,1.9642868237523492,0.21839440287626763,-4.667337563197859,-45.775847118766194,6.832559578625507,0.0,-0.43156197430615123,-4.24275507423683,-0.7794051101522499,-45.775847118766194,6.832559578625507,0.0,Farm & Heavy Construction Machinery,Industrials,IDEX
2008Q3,2008,Q3,2008-11-19,2008-09-30,-546831.0,1880806.0,-561314.0,-0.750019,931507.0,0.4952701129196738,20795234.0,3404938.0,6898416.0,6535324.0,11421974.0,881973.0,-9333390.0,5041500.0,7997894.0,5.065364474858673,1.0555583778248792,0.3889453227600132,2.375435029947682,-0.04827114799346769,5.065364474858673,-0.16059940004781292,2.6804997431952047,-2.3048711576337113,1.4806437004139283,0.0,1.076335670139562,0.0,0.09044408925622092,0.9121931827710454,-0.026295977241708363,-3.288520997221244,0.4952701129196738,-2.0,-17.269889913716156,6.29037557270419,678.1238068000063,0.8282408588643991,-1.7861443444807688,0.1540564490849027,-17.269889913716156,6.29037557270419,678.1238068000063,Farm & Heavy Construction Machinery,Industrials,IDEX
2008Q2,2008,Q2,2008-08-19,2008-06-30,695586.0,1053367.0,-663536.0,0.750019,509510.0,0.48369656539458705,21246002.0,5359048.0,7355601.0,6427032.0,11294688.0,748613.0,-8786559.0,25147912.5,29140587.5,7.991291523700029,1.1444786644908567,0.37909047546922003,1.502908165778698,-0.049930637334418285,7.991291523700029,0.12979656088170885,23.873837418487575,9.038390831615358,4.692608183393767,0.0,0.7264861817788363,0.0,0.049579539717637226,1.01241941848119,0.03273961849387005,132.6618582642274,0.48369656539458705,2.0,8.749661376863784,9.335142008168669,1070.408848812445,-0.27491187399226114,2.16391717213972,0.003876190104455967,8.749661376863784,9.335142008168669,1070.408848812445,Farm & Heavy Construction Machinery,Industrials,IDEX
2008Q1,2008,Q1,2008-05-20,2008-03-31,-597625.0,1054885.0,-666118.0,-0.750019,702687.0,0.6661266393967115,17332609.0,2896296.0,5559349.0,5007876.0,9618481.0,697185.0,-9405771.0,50071800.0,53299459.0,4.338214324230405,1.1101211371847066,0.45835632708266827,2.7429900120705897,-0.06137893941381784,4.338214324230405,-0.20634113364103668,47.46659588485949,-20.94616189081782,17.288219159920118,0.0,0.505171511148404,0.0,0.06086129329981424,0.9615797196256457,-0.03447980624267241,252.17465753424656,0.6661266393967115,0.28190166820928114,-13.724624807526391,5.93089516674056,20.9571042718656,0.9259296818470849,0.1429454424990069,0.03309537564702911,-13.724624807526391,5.93089516674056,20.9571042718656,Farm & Heavy Construction Machinery,Industrials,IDEX
2007Q4,2007,Q4,2009-02-19,2007-12-31,-697301.0,1015583.0,-688918.0,-1.0444516674056055,364856.0,0.35925768745636744,12343949.0,2125535.0,1340366.0,4723678.0,5257813.0,642313.0,-8808146.0,225323100.0,224850430.0,3.183730662768265,0.28375473518728417,0.0,0.0,-0.32411510513823577,3.183730662768265,-0.3280590533677404,221.8657657719753,-80.78401579805565,106.00771099981887,0.0,1.0130995324709293,0.0,0.08227375210315596,0.12899376291101977,-0.05648929690166413,190.80964264755323,0.35925768745636744,-0.39256694484487126,-10.493668373964985,2.314521170041788,0.0,-0.2872931846150841,-0.3804496303892494,-0.5598979266058784,-10.493668373964985,2.314521170041788,0.0,Farm & Heavy Construction Machinery,Industrials,IDEX
2007Q3,2007,Q3,2008-08-19,2007-09-30,-505126.0,1118810.0,-441643.0,-0.750019,511930.0,0.45756652157202743,13495526.0,2802038.0,2827917.0,5539462.0,5539462.0,880854.0,-8110845.0,200230800.0,198548841.0,4.198212263048442,0.5105039081412599,0.0,0.0,-0.15761492171055497,4.198212263048442,-0.18027093137209416,178.96765313145218,-99.09943261681245,71.45898806511546,0.0,0.6889677517500062,0.0,0.08290228924756249,0.30363219388453244,-0.03742914503665882,-363.61965641230523,0.45756652157202743,0.0,-16.136312695149797,3.3676830999346326,561.8629307894918,0.09077466244217784,-0.0853704917328291,0.19101743099772128,-16.136312695149797,3.3676830999346326,561.8629307894918,Farm & Heavy Construction Machinery,Industrials,IDEX
2007Q2,2007,Q2,2008-08-19,2007-06-30,-465395.0,869699.0,-545924.0,-0.750019,469327.0,0.5396430259204621,14234505.0,3096233.0,4449115.0,5894275.0,5894275.0,1477089.0,-7605719.0,198771000.0,196591361.0,4.673065487420197,0.7548197191342446,0.0,0.0,-0.17631877187537243,4.673065487420197,-0.15031007033385407,228.55148735367064,-106.77542732517539,64.19768796469775,0.0,0.27105475702547377,0.0,0.061097944747639625,0.3697891598203341,-0.032694849592592085,-141.23256894618595,0.5396430259204621,0.0,-7.602361776114223,7.636635984545029,625.5274767480727,0.0,-0.5064690820927651,-0.7916535391724427,-7.602361776114223,7.636635984545029,625.5274767480727,Farm & Heavy Construction Machinery,Industrials,IDEX
2007Q1,2007,Q1,2007-08-31,2007-03-31,-308931.0,0.0,-304704.0,-0.750019,0.0,0.0,3104926.0,3053152.0,554801.0,51774.0,51774.0,0.0,-7140323.0,144141300.0,143614069.0,6.354497982188311,10.715822613667092,0.0,0.0,-0.09979981343870203,6.354497982188311,-0.10118428430684093,0.0,-116.6452217485458,47.210653121757446,0.0,0.0,0.0,0.0,10.18331595009078,-0.0994970572567591,-598.4294171863194,0.0,-2.6036083217220005,-9.57649410328615,-1.0,31.16216727951083,0.0,-2.08931,0.0,-9.57649410328615,-1.0,31.16216727951083,Farm & Heavy Construction Machinery,Industrials,IDEX
