Quarters,Year,Quarter,FillingDate,Date,NetIncome,Revenue,OperatingIncome,EPSDiluted,GrossProfit,GrossProfitRatio,TotalAssets,CommonStockEquity,CurrentAssets,CurrentLiability,TotalLiability,Inventory,RetainedEarnings,MarketCap,EnterpriseValue,bookValuePerShare,currentRatio,debtToAssets,debtToEquity,roic,shareholdersEquityPerShare,roe,priceToSalesRatio,peRatio,pbRatio,payoutRatio,inventoryTurnover,dividendYield,assetTurnover,quickRatio,returnOnAssets,priceToFreeCashFlowsRatio,grossProfitMargin,epsdilutedGrowth,fiveYNetIncomeGrowthPerShare,fiveYRevenueGrowthPerShare,fiveYShareholdersEquityGrowthPerShare,grossProfitGrowth,netIncomeGrowth,operatingIncomeGrowth,threeYNetIncomeGrowthPerShare,threeYRevenueGrowthPerShare,threeYShareholdersEquityGrowthPerShare,Industry,Sector,Symbol
2023Q1,2023,Q1,2023-03-31,2023-03-31,244210000.0,803473000.0,278883000.0,3.51,433367000.0,0.539367222,12181186000.0,9626427000.0,6609455000.0,2086347000.0,2459980000.0,136074000.0,0.0,7898745839.091841,3279708839.0918407,138.57567511402402,3.167955761913047,0.007731431077400838,0.00978327680664903,0.022021336654678,138.57567511402402,0.0253687063746497,9.830754535736535,8.086018016350518,0.820527267187695,,2.719887708158796,,0.06596016184302579,3.0071469415202743,0.020048129960416005,0.0,0.5393672220472873,0.746268656716418,-0.25142413619917253,-0.20425732706845492,0.6699288894642899,-0.410712148902378,0.7454917124702485,0.2691614559156814,-0.10863613554658096,-0.04477235212964153,0.3004520417822705,Asset Management,Financial Services,NOAH
2022Q4,2022,Q4,2022-12-31,2022-12-31,139909000.0,882070000.0,219738000.0,2.01,735408000.0,0.8337297493,11798135000.0,9405696000.0,6317146000.0,1904961000.0,2297660000.0,23203000.0,5604954000.0,7439850414.1934,3203464414.1934004,135.15277125014808,3.3161550288956048,0.014199617142878937,0.01781144106720013,0.015457116947484669,135.15277125014808,0.01487492260009254,8.434535143688597,13.294088325614148,0.7909941395292172,0.0,6.320820583545231,0.0,0.07476351135158227,3.216445900992199,0.011858569172161533,101.71928759783707,0.8337297493396215,-0.2357414448669202,-0.25391939991270535,-0.0033403471641876518,0.7326512590818222,1.1538299330486583,-0.2330181180275745,-0.05191762558732542,0.203433940960282,-0.010700065364685415,0.18576417353428112,Asset Management,Financial Services,NOAH
2022Q3,2022,Q3,2022-09-30,2022-09-30,182415000.0,684468000.0,231771000.0,2.63,341442000.0,0.498842897,11446307000.0,9301904000.0,6025068000.0,1636057000.0,2045086000.0,10311000.0,0.0,6513391214.724142,2301674214.724142,134.3956837590401,3.6826760925811266,0.008833416751796016,0.010869817620134545,0.019432686037597312,134.3956837590401,0.019610501247916554,9.515990834814984,8.926611318592416,0.7002212896116905,,33.26796624963631,,0.059798151491131595,3.563598945513512,0.01593658111738572,0.0,0.4988428969652343,-0.4922779922779923,-0.19756219337758607,-0.18212575992605357,0.9028449594764798,-0.1022645706307827,-0.4773284050371771,0.18090244871755679,-0.15665609134265243,-0.279916434591312,0.12198908574403854,Asset Management,Financial Services,NOAH
2022Q2,2022,Q2,2022-06-29,2022-06-21,349005000.0,738142000.0,196266000.0,5.18,380337000.0,0.5152626459,11015048000.0,8778846000.0,5592947000.0,1721315000.0,2136885000.0,2689000.0,0.0,7674064068.271692,4162015068.2716923,130.54876173241885,3.249229223006829,0.008714896203811369,0.01093480851583454,0.017099425575830374,130.54876173241885,0.039755225231197816,10.396460394167644,5.497101809624284,0.874154082241754,,133.0624767571588,,0.06701214556668296,3.1253053624699723,0.03168438303673302,0.0,0.515262645940754,0.2758620689655173,0.4153433025328655,-0.12377002785308132,0.9610101264811513,-0.13122820001507582,0.2728535947569395,-0.37454070332541944,0.2698117724242266,-0.2291157221712446,0.1470944936077114,Asset Management,Financial Services,NOAH
2022Q1,2022,Q1,2022-03-31,2022-03-31,274191000.0,795692000.0,313795000.0,4.06,437787000.0,0.5501965585,11028088000.0,8344670000.0,5642937000.0,2146532000.0,2584101000.0,512000.0,5489626000.0,10064976035.522202,6375729035.522202,124.11149683789475,2.6288622764533676,0.019100772500183168,0.025243059342071047,0.027921647650713095,124.11149683789475,0.032858219677950114,12.649336722654246,9.176975206628045,1.206156269273944,0.0,699.033203125,0.0,0.07215140104068811,2.5490474868299193,0.024862968086580374,20.249423670701542,0.5501965584673466,1.4166666666666667,0.05928677375914719,-0.0646748698929726,0.9784664044420471,-0.17225320955208076,1.417803447819761,1.3720594460570876,-0.13200171538247446,-0.19447863921626157,0.18307846601140365,Asset Management,Financial Services,NOAH
2021Q4,2021,Q4,2021-12-31,2021-12-31,113405000.0,1260054000.0,132288000.0,1.68,528890000.0,0.4197359796,10889789000.0,8040775000.0,5516810000.0,2283038000.0,2748148000.0,0.0,5187323000.0,13170712467.85371,9988353467.85371,119.39004397851839,2.416433716828191,0.020408476234020697,0.027639624289947175,0.011887132070024023,119.39004397851839,0.014103740000186549,10.452498438839692,29.034682041915502,1.6379904260290472,,0.0,,0.11570967995798632,2.3445032452372674,0.010413884052298901,0.0,0.41973597956912956,-0.16831683168316836,-0.2075026974718421,0.6352442376896446,1.0237475494087596,0.17765071052268283,-0.5849011713030746,-0.4219748145170452,-0.38567052715916356,0.29226179400293073,0.16129810430078836,Asset Management,Financial Services,NOAH
2021Q3,2021,Q3,2021-09-30,2021-09-30,273200000.0,908915000.0,228862000.0,2.02,449106000.0,0.49411221071277295,10103029000.0,7804738000.0,4883888000.0,1697343000.0,2206431000.0,0.0,0.0,16095805119.595133,13422206119.595133,116.04880190644622,2.877372458012317,0.015429234143542496,0.01997273963584684,0.02185275397717914,116.04880190644622,0.035004378109809706,17.70881228673213,14.728957832718825,2.0623120365597325,,0.0,,0.08996460368469694,2.7517879415062247,0.027041395209298123,0.0,0.49411221071277295,-0.5540838852097131,0.475651379205491,0.25232564836100535,1.1514949463815982,-0.10822129160238043,-0.10580441599078311,-0.31755914574872224,0.1572572173620011,-0.04682636958663788,0.22869972734180716,Asset Management,Financial Services,NOAH
2021Q2,2021,Q2,2021-06-30,2021-06-30,305526000.0,899389000.0,335358000.0,4.53,503607000.0,0.5599434727353793,9797290000.0,7498433000.0,4661967000.0,1687612000.0,2206997000.0,0.0,0.0,20451036145.822083,17933781145.822083,111.92841401580466,2.762463765367869,0.017266713550379748,0.02256031360152181,0.033695521341693055,111.92841401580466,0.0407453130540741,22.738810621235174,16.734284599201118,2.727374658921682,,0.0,,0.0917997732025897,2.6142875258056946,0.03118474598587977,0.0,0.5599434727353793,-0.3258928571428571,0.40807849514934935,0.15915516981188907,1.2093194860335883,-0.21631126762535965,-0.32717306807195884,-0.3324747705965485,0.45582939663134914,-0.035611979448116136,0.25810815893275185,Asset Management,Financial Services,NOAH
2021Q1,2021,Q1,2021-03-31,2021-03-31,454093000.0,1224736000.0,502390000.0,6.72,642611000.0,0.52469348496329,9596835000.0,7123263000.0,6828801000.0,2154421000.0,2381712000.0,0.0,0.0,19554527260.0608,14830519260.060799,106.17191852712806,3.1696687880409633,0.018788277593602475,0.025312556899836493,0.051541932828378906,106.17191852712806,0.06374789194221805,15.966320300914482,10.765706176961988,2.745164296202569,,0.0,,0.12761874097033032,3.070369254662854,0.04731695397493028,0.0,0.52469348496329,1.2696629213483146,0.9106389952341,0.6889874893147467,1.2424623402791435,0.2664307012547816,1.2885865776256478,0.49760182195950076,0.4412057566342713,0.2558930276404615,0.279442108814645,Asset Management,Financial Services,NOAH
2020Q4,2020,Q4,2020-12-31,2020-12-31,-1573507000.0,953217000.0,335463000.0,-24.92,507419000.0,0.5323226505612049,9399586000.0,7185511000.0,6703162000.0,1881095000.0,2122215000.0,0.0,3989767000.0,19691787378.38441,14967432378.38441,113.78509501939546,3.5634361900914096,0.029879613846822615,0.03908643379712313,0.04405027278342364,113.78509501939546,-0.21898331239072627,20.65824190964325,-3.1286462942942754,2.740485315294126,0.0,0.0,0.0,0.10141053020845811,3.504225464423647,-0.1674017345019238,0.0,0.5323226505612049,-6.41621386655075,-17.615909926559993,0.48895990585952126,1.605612362757568,0.02193431186156672,-6.5091696543611,-0.033935498362836825,-10.247034435012463,0.1869414749584149,0.4587187989301722,Asset Management,Financial Services,NOAH
2020Q3,2020,Q3,2020-09-30,2020-09-30,285616000.0,859054000.0,347247000.0,4.601,496528000.0,0.5779939328610308,9344074000.0,7048066000.0,6381741000.0,1090681000.0,1434515000.0,0.0,0.0,10925537414.744568,6617170414.744568,114.18755408790855,5.851152628495408,0.030936826912971793,0.041014939417423166,0.03491101456132673,114.18755408790855,0.04052402460476392,12.71810318646391,9.563134956326474,1.5501468650754076,,0.0,,0.09193570170784178,5.672190127085738,0.030566538749586102,0.0,0.5779939328610308,-0.04918371564372813,0.7076333293409203,0.4881160702790504,1.7315362778337178,0.1918893681782284,-0.04680601119339476,0.08683146376884171,0.4088628170522626,0.15103673763850847,0.6167276035493163,Asset Management,Financial Services,NOAH
2020Q2,2020,Q2,2020-08-24,2020-06-30,299641000.0,747438000.0,319504000.0,4.839,416589000.0,0.557355927849534,9203881000.0,6881932000.0,6156272000.0,1054209000.0,1460456000.0,0.0,0.0,11099485735.643915,7275022735.643915,111.60820843831912,5.839707306615671,0.03761902180178123,0.05031159854529222,0.03250128383045834,111.60820843831912,0.0435402442221167,14.850042057861542,9.260653361559262,1.6128444360746248,0.0,0.0,0.0,0.08120900302817909,5.646191599578452,0.0325559402604184,0.0,0.557355927849534,0.2344387755102042,0.6117788026762163,0.1782321705170321,1.8629019540521685,0.09261221470947707,0.23296368686349142,0.24678649194964528,0.3252011879564178,-0.03238232119794456,0.6764986817306036,Asset Management,Financial Services,NOAH
2020Q1,2020,Q1,2020-04-24,2020-03-31,243025000.0,746117000.0,256262000.0,3.92,381278000.0,0.5110163687464566,9088475000.0,6566188000.0,6022775000.0,1257125000.0,1660794000.0,0.0,0.0,11317120873.99471,7615402873.994711,106.5596197796775,4.79091180272447,0.037858716671388765,0.052401484697057105,0.027200598656906307,106.5596197796775,0.03701158114875785,15.168024417074951,11.641930741687801,1.7235450574967868,,0.0,,0.0820948508963275,4.629082231281695,0.02673990961079829,0.0,0.5110163687464566,1.36144578313253,0.684014341884553,0.5254410766480461,2.000695161612342,-0.0795477863693754,1.3642174078001421,1.0294122305462723,0.024443021532096387,-0.04302399371261251,0.6986712204395836,Asset Management,Financial Services,NOAH
2019Q4,2019,Q4,2020-03-24,2019-12-31,102793000.0,788343000.0,126274000.0,1.66,414229000.0,0.5254426055663588,9802604000.0,7013467000.0,6731224000.0,1505053000.0,1927644000.0,0.0,4734992000.0,15160344516.062954,11147430516.062954,113.97946933015575,4.472416585993981,0.03819709538404285,0.05338743306270636,0.012774714025045672,113.97946933015575,0.014656517240332064,19.230645183711854,36.87105278584863,2.1616048832999364,,0.0,,0.0804217940457454,4.425054798734663,0.01048629527419449,0.0,0.5254426055663588,-0.4645161290322581,0.0018025547234632193,0.7925737257134662,2.3957804612533273,-0.07359920203606045,-0.46349648743723837,-0.4610745731028096,-0.21376422489952696,0.1197790966283549,0.9320343979546298,Asset Management,Financial Services,NOAH
2019Q3,2019,Q3,2019-10-28,2019-09-30,191598000.0,841987000.0,234307000.0,3.1,447138000.0,0.5310509544684182,9184760000.0,7343758000.0,6083288000.0,1055214000.0,1503325000.0,0.0,0.0,12795362889.84304,9497057889.84304,119.78341453287545,5.764980373649326,0.040376123056018884,0.05049798754261783,0.022315542003968198,119.78341453287545,0.026089912004180964,15.19662760807832,16.695585144212153,1.7423453890832241,,0.0,,0.09167218305105414,5.479822102436094,0.020860425313236276,0.0,0.5310509544684182,-0.23267326732673266,0.5842151537120115,0.9820360139813646,2.766044808979434,0.03004404555674321,-0.23416858859314982,-0.06969348050504248,0.13524616579940774,0.27261017153245803,1.2207330605237234,Asset Management,Financial Services,NOAH
2019Q2,2019,Q2,2019-07-08,2019-06-30,250183000.0,871598000.0,251860000.0,4.04,434096000.0,0.4980461175909077,9066815000.0,6966325000.0,5632490000.0,1293378000.0,1762813000.0,0.0,0.0,18803307427.09224,16310429427.09224,113.80820190482451,4.354867641169093,0.04200615100230897,0.05467186787868783,0.02507498916139859,113.80820190482451,0.03591319669983815,21.57337147066909,18.789553473949308,2.699171719248275,,0.0,,0.09613055962871196,4.109677140016299,0.027593261801415383,0.0,0.4980461175909077,-0.11597374179431078,0.5991662082561485,0.783513736527291,2.845001798037977,-0.1060239425510576,-0.12086008356262101,-0.16747376249896703,0.261933538783383,0.229448171287214,1.2464240233339656,Asset Management,Financial Services,NOAH
2019Q1,2019,Q1,2019-04-25,2019-03-31,284577000.0,889884000.0,302525000.0,4.57,485579000.0,0.5456655024699848,8628200000.0,6354203000.0,5366679000.0,1529040000.0,1936320000.0,0.0,0.0,21311354463.75603,18753366463.75603,104.90554971921739,3.5098355831109718,0.0361199323149672,0.049046276928829624,0.03348036766201957,104.90554971921739,0.0447856324388755,23.94846346687437,18.721957909244274,3.3538989018380483,,0.0,,0.10313669131452678,3.1967894888295922,0.03298219790918152,0.0,0.5456655024699848,0.7576923076923078,1.4888212291787035,1.613199355031112,2.934948431288155,0.23247154735677228,0.828442742500273,0.8940959178562484,0.32629557190020686,0.359327302894584,1.215715302078847,Asset Management,Financial Services,NOAH
2018Q4,2018,Q4,2019-02-28,2018-12-31,155639000.0,822103000.0,159720000.0,2.6,393988000.0,0.4792440849869177,8014264000.0,5837700000.0,5104081000.0,1591073000.0,1838887000.0,0.0,3946107000.0,16918247282.480997,14359160282.480997,102.80740452116946,3.2079489753141432,0.018093239753519473,0.024839234630076912,0.022318065259767306,102.80740452116946,0.026661013755417372,20.579230683358407,27.17546258084574,2.898101526711033,,0.0,,0.10257997490474484,3.0575353864970367,0.019420248696574008,0.0,0.4792440849869177,-0.2375366568914956,0.9609425014268005,2.041741901083828,3.171634585560184,-0.131963232896511,-0.25068365204999327,-0.41076211346481617,0.8278004758663754,0.4281451904862172,1.3542296480722371,Asset Management,Financial Services,NOAH
2018Q3,2018,Q3,2018-10-18,2018-09-30,207708000.0,838984000.0,271062000.0,3.41,453884000.0,0.5409924384732009,7249327000.0,5588754000.0,4623054000.0,1226886000.0,1582087000.0,0.0,0.0,17011526321.482056,14879536321.482056,94.44846395262775,3.768120265452536,0.031467886605197976,0.04081786387448794,0.035844959575955966,94.44846395262775,0.037165350273066236,20.27634176752126,20.475290216893498,3.043885331414132,,0.0,,0.1157326742192758,3.396481824717211,0.02865203900996603,0.0,0.5409924384732009,0.13666666666666671,1.2509679568475844,2.0669410651110547,2.9356852467366186,0.11426873996533592,0.15724433796696102,0.22542145308071013,0.29537768523560365,0.516006691812029,1.259347857417603,Asset Management,Financial Services,NOAH
2018Q2,2018,Q2,2018-08-15,2018-06-30,179485000.0,797602000.0,221199000.0,3.0,407338000.0,0.510703333241391,6732526000.0,5097333000.0,4279404000.0,1063195000.0,1556707000.0,0.0,0.0,19802413787.80756,18073498787.80756,88.96565308880366,4.0250415022644015,0.054341862177732396,0.07177439653246119,0.030423994491752475,88.96565308880366,0.03521155082471559,24.827437478601556,27.5822684177056,3.884857785003954,,0.0,,0.11846994723822826,3.5699095650374577,0.026659384605421502,0.0,0.510703333241391,-0.3243243243243244,0.9278016516987508,1.7962018920574176,2.981398342694888,-0.1337031003432538,-0.3314398524947386,-0.1943010748771595,0.03902492692386568,0.35311759823030936,1.2820896924640148,Asset Management,Financial Services,NOAH
2018Q1,2018,Q1,2018-04-30,2018-03-31,268465000.0,830919000.0,274543000.0,4.44,470206000.0,0.5658866869093137,6853227000.0,4743809000.0,4427141000.0,1395838000.0,2030932000.0,0.0,0.0,16972540713.004513,15291840713.004513,82.98297968752361,3.171672500677013,0.06868983035291258,0.09923397000174332,0.041032101955044496,82.98297968752361,0.056592708517564684,20.426227722563226,15.80517079787357,3.5778296961375373,,0.0,,0.1212449259305142,2.994534466034024,0.03917351635951939,0.0,0.5658866869093137,0.6323529411764706,3.3095458317133333,2.931424711750105,3.0723838836777992,0.3729403966935392,0.7545929271209814,1.0243697417028588,1.005233676591774,0.8311742491365587,1.336782227258065,Asset Management,Financial Services,NOAH
2017Q4,2017,Q4,2018-03-07,2017-12-31,153007000.0,722117000.0,135619000.0,2.72,342481000.0,0.4742735595478295,6494854000.0,4429260000.0,4036092000.0,1823327000.0,1987108000.0,0.0,2883169000.0,17127807094.68075,15712884094.68075,78.00344734217843,2.213586482293083,0.07572610562146585,0.11104112199329008,0.02202039900158314,78.00344734217843,0.034544596614332866,23.71888086650882,27.985332525114455,3.866968092792193,,0.0,,0.1111829457598277,2.073359304173086,0.023558189298789473,0.0,0.4742735595478295,-0.13099041533546316,2.862575061680832,3.598778932678274,2.9665002152083995,0.043729352821425524,-0.17685951302439182,-0.15413114120163912,0.6159154873533438,0.7793366718833752,1.3239499530192307,Asset Management,Financial Services,NOAH
2017Q3,2017,Q3,2017-10-20,2017-09-30,185882000.0,684313000.0,160331000.0,3.13,328132000.0,0.4795057232582166,6076001000.0,3997206824.0,4339823000.0,1943428000.0,2019659000.0,0.0,0.0,12111980486.4903,10927046486.4903,70.62881454935547,2.233076296111819,0.13213691044487977,0.2008562567189293,0.025617173870446236,70.62881454935547,0.04650297274685129,17.699474489729553,16.2898781034343,3.03011102997414,,0.0,,0.11262555750073115,2.110185198525492,0.03059281919143858,0.0,0.4795057232582166,-0.11079545454545459,2.8263750787132076,3.1279379269198726,2.6864565682074972,-0.1280923000069087,-0.10220148568889405,-0.2850473124225209,0.6649741436152938,0.7450501431455832,1.2206019208524732,Asset Management,Financial Services,NOAH
2017Q2,2017,Q2,2017-07-25,2017-06-30,207042000.0,707311000.0,224254000.0,3.52,376338000.0,0.5320686374169212,6070888000.0,3758773824.0,4407133000.0,1810739000.0,2252979000.0,0.0,0.0,10976719209.71166,9515534209.71166,66.57220172884898,2.4338863856138295,0.0893352010447236,0.1442874792138597,0.03920177188611747,66.57220172884898,0.05508232463417304,15.518943166035394,13.254217996483394,2.9202925538175872,,0.0,,0.11650865573537182,2.390528397521675,0.03410407176017742,0.0,0.5320686374169212,-0.046070460704607026,4.191251380935881,4.763364106794181,2.6506819468134375,0.01006563099632363,-0.04586832208634139,-0.12684715547724285,0.43473323657425267,0.5690888721961879,1.2491369783773048,Asset Management,Financial Services,NOAH
2017Q1,2017,Q1,2017-04-21,2017-03-31,216995206.0,713169698.0,256832468.0,3.69,372587670.0,0.5224390086186752,6169137287.0,3535826774.0,4822553372.0,2142822002.0,2574175337.0,0.0,0.0,9854973237.337559,7796439633.337559,62.7311621563247,2.2505618140465593,0.08925980641740255,0.1557361361843684,0.048538172360075287,62.7311621563247,0.061370429002809514,13.818552954471656,11.35390663577328,2.787176484381008,,0.0,,0.11560282496919573,2.107316944097721,0.0351743195044899,0.0,0.5224390086186752,0.9838709677419354,11.486985414759557,5.686064444014011,2.544801586070634,0.21871327670666948,0.8081504038401497,2.0802063367017793,1.0393840564821284,1.2505413708097197,1.353010768072778,Asset Management,Financial Services,NOAH
2016Q4,2016,Q4,2017-02-28,2016-12-31,120009489.0,646230879.0,83381579.0,1.86,305722172.0,0.47308505664892564,5956489700.0,3332136241.0,4732530196.0,1575711768.0,2565218283.0,0.0,2241693736.0,8602815623.408623,6175746058.408623,58.99453418159708,3.0034237809919055,0.09324955266857927,0.16669186366560695,0.016776637098981438,58.99453418159708,0.036015780964581516,13.312294263500558,17.921115436564815,2.581771872817196,,0.0,,0.10849189901226557,2.946447064295835,0.020147686816280402,0.0,0.47308505664892564,-0.29811320754716975,1.681886750304465,2.5395853687814656,0.6532906757029378,0.054008298508447156,-0.2267977799691889,-0.48677055199114666,0.5200869067057992,1.4037552038966372,1.393831847980237,Asset Management,Financial Services,NOAH
2016Q3,2016,Q3,2016-10-13,2016-09-30,155210999.0,608459341.0,162464526.0,2.65,290056703.0,0.47670679609140887,4851468899.0,3041190083.0,3770929251.0,1081377843.0,1725167996.0,0.0,0.0,9817282474.047005,8593907505.047005,53.93868207853244,3.487152317212773,0.10996257238915054,0.17541817033473472,0.03669596157822788,53.93868207853244,0.0510362702639393,16.13465652102957,15.812800860277635,3.2281055133399255,,0.0,,0.12541754954368925,2.867334026743139,0.031992578378064546,0.0,0.47670679609140887,-0.1451612903225807,3.186070267526677,3.881113314881429,2.0197923777088937,-0.1035964603382849,-0.1483859298524941,-0.16300497037861492,0.7652874864759732,1.3343188356172886,1.2476350212680272,Asset Management,Financial Services,NOAH
2016Q2,2016,Q2,2016-07-05,2016-06-30,182255090.0,651724958.0,194104529.0,3.1,323578266.0,0.4964951273202583,4856659314.0,2850823630.0,3781218009.0,1291642034.0,1920724864.0,0.0,0.0,9036475726.767263,8169235011.767263,50.66194125538212,2.9274504154143997,0.10947278069667787,0.186497682425903,0.04446843544090266,50.66194125538212,0.06393067886840828,13.865474408864458,12.395368116697405,3.169777194097154,,0.0,,0.13419202704239758,2.289275957397342,0.037526842674474654,0.0,0.4964951273202583,-0.08284023668639048,0.0,3.2827031204065027,1.9434077530841576,0.10131182706701823,-0.08414205477104693,-0.1461906999234682,0.9931774578517591,1.326369823448487,1.2672274293377694,Asset Management,Financial Services,NOAH
2016Q1,2016,Q1,2016-04-27,2016-03-31,198999300.0,607157592.0,227339441.0,3.38,293811669.0,0.4839133577036784,4926656690.0,2659740093.0,3840212636.0,1581145549.0,2181805777.0,0.0,0.0,9053416297.6204,7088952935.620399,47.34613224938783,2.4287534050415243,0.10470386561479687,0.1939437621584178,0.05566707131935892,47.34613224938783,0.07481907744434636,14.911147314815096,11.373678572764327,3.403872551851028,,0.0,,0.12323927365030178,2.317601581535363,0.040392361904153705,0.0,0.4839133577036784,1.3150684931506849,4.210088173047667,5.047623511948665,0.0,0.27633724314259983,1.366390051147907,4.021538999379315,2.2507146963068716,1.9233188021917096,1.3235081055528028,Asset Management,Financial Services,NOAH
2015Q4,2015,Q4,2016-01-15,2015-12-31,84094040.16192,568498657.75312,45272861.77168,1.46,230199087.72431993,0.4049245931980507,4096994415.0,2448885729.0,3261832080.0,966830381.0,1562997866.0,0.0,1597865303.0,10199329171.75855,8584629497.758551,43.669233630352664,3.373737673226882,0.1264888226605015,0.21161624401789308,0.01394751545863903,43.669233630352664,0.03433971588223503,17.940814868533568,30.32120097964171,4.16488570739617,,0.0,,0.138759929882189,3.2949837816484586,0.020525788332547677,0.0,0.4049245931980507,-0.4404994117579432,0.5297785764750074,2.136549924650661,0.42055418177900056,0.017363918424454686,-0.44810438838388506,-0.7457440159263234,1.1495882416941838,2.6659693977520886,1.2205944800483006,Asset Management,Financial Services,NOAH
2015Q3,2015,Q3,2015-11-06,2015-09-30,152373090.83808,525901034.24688,178060162.22832,2.60947,226270151.27568,0.4302523412978483,3803306129.88048,2350625032.09899,3123319677.20856,782402489.1072,1365662160.0696,0.0,0.0,8395607557.952101,7113793206.026821,41.803418469868014,3.991960302647531,0.1338742616587639,0.2166082608017415,0.04930538265423715,41.803418469868014,0.06482237224455084,15.964234734725489,13.774754308281596,3.5716490053946397,,0.0,,0.13827470529263092,3.8979449548657814,0.04006332533712409,0.0,0.4302523412978483,-0.08674276122887094,3.421484688266283,3.6948624936912293,11.616624870348147,-0.16718251384640306,-0.10151224930750988,-0.08071352507260575,2.1569058063390663,2.1929016153189838,1.181920899777835,Asset Management,Financial Services,NOAH
2015Q2,2015,Q2,2015-07-09,2015-06-30,169588389.73669,578688185.3315,193693877.89849,2.857322,271692363.6182501,0.4694969942450299,3568265518.7633,2192826246.14463,2998307769.60564,731144338.2545,1288420334.90678,0.0,0.0,10552551473.553576,9484887609.567566,38.98429294106569,4.100842491324846,0.13926250649985988,0.2266142157289852,0.05633916235265058,38.98429294106569,0.07733781462843027,18.235297939439654,15.556123107746211,4.812306260975669,,0.0,,0.16217632412401403,3.944718051668191,0.047526841499022324,0.0,0.4694969942450299,0.24386170965784382,0.0,4.227207998142937,7.671805288569712,0.19849619442374464,0.2894327621190743,0.3696204847087687,3.268236116254849,3.7331359121352827,1.1378180494751635,Asset Management,Financial Services,NOAH
2015Q1,2015,Q1,2015-04-24,2015-03-31,131521700.64144,445762723.81328,141421569.012,2.297138,226694389.92159998,0.5085539409449525,3199437498.36624,1994268754.76059,2653072738.4704,574372684.5856,1118149805.89376,0.0,0.0,8135210909.286718,6926110596.480959,35.51164448254737,4.619078883224654,0.15523928823539254,0.24905289159967095,0.0430282148847665,35.51164448254737,0.0659498376673053,18.250092425167377,15.463628567777711,4.079295175169779,,0.0,,0.139325342045564,4.445026905053082,0.041107757444425845,0.0,0.5085539409449525,0.5430061085130935,2.444551898167778,3.4414917287585105,0.0,3.9187509267080665,0.4291535675810031,0.27080103038770237,6.596256605396811,3.194461095457237,1.0066858218251373,Asset Management,Financial Services,NOAH
2014Q4,2014,Q4,2014-12-31,2014-12-31,92027689.41343,394434869.36661,111285374.83862,1.488742,-77668288.80369002,-0.19691030087783828,2674152483.59158,1852380773.39267,2272601227.51837,692585779.47042,734752772.48702,0.0,1051579601.43316,7183994998.039199,5484203855.666919,33.56502890298385,3.2813281688458806,0.01869296182100758,0.026985720753177737,0.04297840012819194,33.56502890298385,0.04968076258148565,18.213387192606415,19.5158518154396,3.878249602473242,,0.0,,0.14749901951621527,3.1638793925447,0.03441377781487994,0.0,-0.19691030087783828,-0.24357960125824316,0.719279838508036,3.4023881204526494,19.564039172641603,-1.2607649482878183,-0.16433729358592614,-0.20888978410028963,1.1048012883530476,1.2110966203722018,-0.059357784838423855,Asset Management,Financial Services,NOAH
2014Q3,2014,Q3,2014-10-16,2014-09-30,110125399.52672,386816092.56744,140669874.56616,1.968141,297847886.81784,0.7699986958684023,2439372917.80588,1775593566.87024,2143020738.04032,566751852.1992,598511844.84628,0.0,0.0,4599127312.3117075,3059586393.9745874,31.80615754949972,3.7812328794773804,0.020538613126239093,0.028216669379891597,0.05779274855169034,31.80615754949972,0.062021738297257496,11.889700042688546,10.440659766223616,2.590191470685707,,0.0,,0.15857193860927415,3.693640623178884,0.04514496275779493,0.0,0.7699986958684023,-0.2283446198144396,12.108577397416036,6.0286939975496985,0.0,-0.10462024464782281,-0.22598837736555608,-0.2007076748155441,1.9997315767631203,2.1340270353831334,0.7806885231705444,Asset Management,Financial Services,NOAH
2014Q2,2014,Q2,2014-08-18,2014-06-30,142278741.43788,444442507.89004,175993025.49752,2.550544,332649789.13967997,0.7484652868127124,2277331931.46148,1647718461.31888,2015048782.06888,531414479.395,564345964.05324,0.0,0.0,4889752186.44864,3604618505.5929203,29.59899835752962,3.7918590106219066,0.022062401107806995,0.030492715659266065,0.07795674170982138,29.59899835752962,0.08634893932304194,11.001990357903432,8.591853106501409,2.9675896102631185,,0.0,,0.19515930100045562,3.7093949157081005,0.06247606660772217,0.0,0.7484652868127124,0.3701530429980505,0.0,3.0564798334208056,5.584106857631646,0.37024498003885553,0.35875953298134733,0.3712538330542058,0.0,1.952240519213545,0.719671988286127,Asset Management,Financial Services,NOAH
2014Q1,2014,Q1,2014-05-14,2014-03-31,104712230.51933,311854612.98019,128344600.58028,1.861503,242766654.12796998,0.7784610008106287,1975435912.60939,1478813330.22278,1684298289.17672,403987761.79706,431355076.29725,0.0,0.0,4961991145.4862,4018961302.0034103,26.659955410108193,4.169181466499011,0.025322391509858704,0.03382628527847675,0.06332794180994313,26.659955410108193,0.07080828146413538,15.911232154200658,11.84673251843826,3.3553870823836074,,0.0,,0.15786622638051337,4.092469491545157,0.05300715140943938,0.0,0.7784610008106287,0.27986026409837883,1.776461720958181,2.145837205872561,0.0,0.18756195402434694,0.35743166907102686,0.6994660743155949,1.776461720958181,2.145837205872561,0.0,Asset Management,Financial Services,NOAH
2013Q4,2013,Q4,2013-12-31,2013-12-31,77139964.32026,262681649.08267,75520542.90461,1.454458,204424411.96882,0.7782211383349602,1837796002.53768,1360070355.87936,1592067445.43904,380661915.7224,412458140.56896,0.0,588562145.6688,6013927121.040001,4825433364.944401,24.64439356146628,4.1823659780036015,0.0,0.0,0.04889678472738997,24.64439356146628,0.05671762786887947,22.894355742175673,19.490309510878607,4.42177648754918,,0.0,,0.14293297445415698,4.092492908714293,0.041974171351849165,0.0,0.7782211383349602,-0.051286784490096764,0.4411443582294016,1.931856844298444,14.098699186251464,0.024639604232570153,-0.10049484632190993,-0.27514293720299376,0.4259112686969221,0.4726590339613099,-0.19832125684900237,Asset Management,Financial Services,NOAH
2013Q3,2013,Q3,2013-10-08,2013-09-30,85758223.84656,254237795.72786,104186807.00054,1.533085,199508599.0473,0.7847322561782161,1679417098.59006,1319734291.44744,1494839987.0326,314473729.47864,345361136.38468,0.0,0.0,5740234962.2376,4720201426.0809,23.997971898525748,4.753465383295662,0.0,0.0,0.05837327395709184,23.997971898525748,0.0649814317945041,22.5782124400655,16.733774047454975,4.3495383877173515,,0.0,,0.15138454642465124,4.588524768416088,0.051064279337490116,0.0,0.7847322561782161,-0.043473079596346796,9.362492742251417,3.6895439803296983,0.0,-0.07687533362308915,-0.037107570613989026,-0.08206408398221095,1.544457633600538,1.320697661438593,6.242790665818289,Asset Management,Financial Services,NOAH
2013Q2,2013,Q2,2013-08-13,2013-06-30,89063140.62646,272866300.79579,113501177.13285,1.602762,216123137.33348,0.7920477417078485,1533205939.06389,1224727780.62245,1382687890.13979,265393693.27497,294156487.6835,0.0,0.0,3091317677.8624,2072441630.1974702,22.345328307085573,5.209950067303257,0.0,0.0,0.06763393897122055,22.345328307085573,0.07272076459406755,11.329056277183552,8.677320539446574,2.5240855370254462,,0.0,,0.17797106953707115,5.037203019194092,0.058089483191565344,0.0,0.7920477417078485,0.5164014225825039,0.0,1.5295123188308737,3.9705745973422824,0.3070251287780665,0.49064260203322896,0.5366578507645317,0.0,1.5295123188308737,3.9705745973422824,Asset Management,Financial Services,NOAH
2013Q1,2013,Q1,2013-04-26,2013-03-31,59748151.90776,202710867.6136,73862361.1472,1.056951,165354997.83047998,0.8157184653053412,1400681423.10424,1117240808.70542,1266559121.84352,244283842.12016,269118943.64088,0.0,0.0,2467674824.904016,1716672518.062976,20.377003263400866,5.184784678556497,0.0,0.0,0.047096131746101715,20.377003263400866,0.053478311427768155,12.173372123332861,10.325318633761448,2.2087224219489294,,0.0,,0.14472303570953698,4.959066525978246,0.04265648913608351,0.0,0.8157184653053412,0.41111750467612873,0.6027515976615337,1.068752647646422,0.0,0.34231329613826006,0.5578545500324773,0.8085790074653569,0.6027515976615337,1.068752647646422,0.0,Asset Management,Financial Services,NOAH
2012Q4,2012,Q4,2013-02-26,2012-12-31,38352843.59924,152029629.6811,40839996.94916,0.749017,123186590.12482001,0.8102801433063959,1281877199.05708,1081152342.78531,1183994876.10207,164313888.05958,186403185.51383,0.0,333044468.39154,1998158178.0896122,1251880183.9244924,19.66555984116596,7.205689610806088,0.0,0.0,0.025508870189262293,19.66555984116596,0.035474041984160896,13.143215452678426,13.024837212651997,1.8481744884739122,0.0,0.0,0.0,0.11859921511431015,6.957149892355923,0.029919280589007655,11.282654873459132,0.8102801433063959,-0.14870695043973003,-0.28073607016700164,0.7033501155975519,11.048353781983899,-0.04982543378212418,-0.19142703190532548,-0.2980534383538205,-0.28073607016700164,0.7033501155975519,11.048353781983899,Asset Management,Financial Services,NOAH
2012Q3,2012,Q3,2012-11-15,2012-09-30,47432755.1286,161863969.3974,58181062.7484,0.879858,129646271.85839999,0.8009581894047044,1235732531.238,1058707653.2262,1168882039.0746,156752849.1366,177024878.0118,0.0,0.0,1500325103.4350402,733510888.4777403,19.158998144306914,7.456847167454001,0.0,0.0,0.03978177540624382,19.158998144306914,0.044802505190227125,9.26904924561389,7.907642616201341,1.4171287974192868,,0.0,,0.13098624929396252,7.1908062784755895,0.038384321792580965,0.0,0.8009581894047044,0.25691665726207946,4.703947463931676,1.971319744554067,0.0,0.3707117721675723,0.20248020303645742,0.2726253912492962,4.703947463931676,1.971319744554067,0.0,Asset Management,Financial Services,NOAH
2012Q2,2012,Q2,2012-07-18,2012-06-30,39445768.0125,121380347.4675,45717351.82125,0.700013,94583175.31875,0.779229729459087,1147536097.71375,1018324557.67875,1079076415.24125,108335442.70875,129211540.035,0.0,0.0,1746674320.160112,1017073278.1663619,18.23555234302394,9.960511428768967,0.0,0.0,0.03269930679394309,18.23555234302394,0.03873594888295322,14.390091613700397,11.070099583348249,1.7152432463591178,,0.0,,0.10577475315097062,7.3534017624816315,0.03437431562378585,0.0,0.779229729459087,1.2187627774590564,0.0,0.10438578041693328,3.056381360751748,0.15985565123546772,1.2871060163654604,1.7571510097327887,0.0,0.10438578041693328,3.056381360751748,Asset Management,Financial Services,NOAH
2012Q1,2012,Q1,2012-04-26,2012-03-31,17247022.1014,105862929.75986,16581373.91092,0.315497,81547367.74183999,0.7703108909494801,1170030840.29286,989966808.40694,1107862901.01578,160612190.54972,180064031.88592,0.0,0.0,2815049847.87936,2038162273.8531601,17.696663870504914,6.897751018922962,0.0,0.0,0.012195254447742963,17.696663870504914,0.017421818544759094,26.59145986479907,40.80486810025675,2.8435800311420074,,0.0,,0.09047875159714797,6.651841659399263,0.01474065597884843,0.0,0.7703108909494801,-0.6017709056484695,-0.5465461375119196,0.05889448672412693,0.0,0.20632200801538447,-0.23346568438222226,0.24671984292631577,-0.5465461375119196,0.05889448672412693,0.0,Asset Management,Financial Services,NOAH
2011Q4,2011,Q4,2012-01-13,2011-12-31,22500000.0,91800000.0,13300000.0,0.79225,67600000.0,0.7363834422657952,1138800000.0,1013400000.0,1074400000.0,105700000.0,125400000.0,0.0,241600000.0,1101929940.0,240529940.0,35.683098591549296,10.16461684011353,0.0,0.0,0.011729051186541292,35.683098591549296,0.022202486678507993,12.003594117647058,12.243666,1.087359325044405,0.0,0.0,0.0,0.08061116965226554,9.857142857142858,0.01975763962065332,9.63225472027972,0.7363834422657952,0.23646482649694567,-0.18316287241855125,0.9910428517192431,20.861701336792837,-0.3095524002085829,-0.3872606150897452,-0.644234652085752,-0.18316287241855125,0.9910428517192431,20.861701336792837,Asset Management,Financial Services,NOAH
2011Q3,2011,Q3,2011-09-30,2011-09-30,36720342.3741,123453502.15296,37384191.79376,0.640738,97907502.35126,0.7930718905807284,1135060120.25322,997372117.24724,1078839794.66018,120880862.1944,137688003.00598,0.0,0.0,3281351215.45,2380219630.9437,17.86171873162205,8.924818826368027,0.0,0.0,0.02756851956478741,17.86171873162205,0.0368170933787969,26.57965272936831,22.34014583810389,3.289996941669647,,0.0,,0.10876384426704976,8.06125402048566,0.03235101094548901,0.0,0.7930718905807284,-0.3610810023862065,3.369916794875671,1.2427036902349,0.0,-0.1995370317059994,0.0,-0.4531975225879775,3.369916794875671,1.2427036902349,0.0,Asset Management,Financial Services,NOAH
2011Q2,2011,Q2,2011-06-30,2011-06-30,0.0,150759132.60342,68368731.5586,1.002847,122313593.79426,0.8113179724641457,1078320180.72702,959526928.93068,1033556569.49028,99870747.14958,118793251.79634,0.0,0.0,4049731566.61776,3220766388.43464,17.2120023813546,10.34894199742278,0.0,0.0,0.052398322359743225,17.2120023813546,0.0,26.86226364323014,0.0,4.220550194595246,0.0,0.0,,0.1398092471030041,9.117548427797553,0.0,0.0,0.8113179724641457,0.5267333274467236,0.0,0.374034333253248,2.8286992533928235,0.4851515621127567,-1.0,0.5747391228575573,0.0,0.374034333253248,2.8286992533928235,Asset Management,Financial Services,NOAH
2011Q1,2011,Q1,2011-03-31,2011-03-31,37855153.4977,99502781.00252,43415909.69972,0.656858,82357650.83817999,0.8276919499978017,,,,,,,,5334159760.782006,,,0.0,0.0,0.0,0.0,,0.0,53.6081475013941,35.22743449650851,0.0,,0.0,,0.0,0.0,0.0,0.0,0.8276919499978017,-0.3299182339381029,0.0,0.0,0.0,0.09825935867778178,0.3597622440596855,0.0876876963161178,0.0,0.0,0.0,Asset Management,Financial Services,NOAH
2010Q4,2010,Q4,2010-12-31,2010-12-31,27839538.61278,91791534.28178,39915786.3482,0.9802654441119719,74989254.75794001,0.8169517520835782,986176715.89652,873043950.74102,936356155.56062,97709277.24012,113132765.1555,0.0,95626050.88956,3671336728.0000005,2787409490.1817207,30.74098418102183,9.583083428808198,0.0,0.0,0.03181768020491278,30.74098418102183,0.03188790047643126,39.9964632547681,32.968728209405725,4.205214095904167,0.0,0.0,0.0,0.09307818041347037,9.344398371232069,0.028229766698021713,37.69339556468173,0.8169517520835782,1.0968783029980917,0.010683055718046477,0.9908592394344219,17.833852481738557,0.34182412809311996,0.32821180122619237,0.37807173406268324,0.010683055718046477,0.9908592394344219,17.833852481738557,Asset Management,Financial Services,NOAH
2010Q3,2010,Q3,2010-09-30,2010-09-30,20960165.0784,68129577.3888,28964955.424,0.467488,55886053.31199999,0.820290620519646,205969122.0992,113316907.3632,194600441.7088,54220426.96,92652214.736,0.0,0.0,3652136467.2,3506816820.64,3.3133598644210522,3.5890614039679627,0.0,0.0,0.18138813487602098,3.3133598644210522,0.18496944159638157,53.60574081295247,43.5604449385232,32.229404703874245,,0.0,,0.330775684696986,3.416610633993429,0.10176362779419455,0.0,0.820290620519646,0.71638371614874,3.0725742906506794,1.0207474925547453,0.0,0.2755867404488481,0.0,0.7971711472750025,3.0725742906506794,1.0207474925547453,0.0,Asset Management,Financial Services,NOAH
2010Q2,2010,Q2,2010-06-30,2010-06-30,0.0,53052713.62957,16116971.08977,0.272368,43812036.87672,0.8258208464627995,161785372.42906,121179029.90982,152203690.43941,32231232.11396,40606342.51924,0.0,47878299.62163,2918856476.40288,2802745078.46978,4.495522171427304,4.722242385933719,0.0,0.0,0.0952800312099516,4.495522171427304,0.0,55.01804293712879,0.0,24.08714179817299,0.0,0.0,,0.3279203356461207,4.517811012456807,0.0,0.0,0.8258208464627995,0.0,0.0,0.0,0.0,0.0,0.0,0.0,0.0,0.0,0.0,Asset Management,Financial Services,NOAH
2009Q4,2009,Q4,2009-12-31,2009-12-31,22211854.71742,37179183.64593,14574751.41461,0.6703846515632794,30599991.457769997,0.8230409723135428,110992309.50912,37379605.93133,95668668.05951,35423127.33271,73612703.57779,0.0,20453360.12083,2501066752.3296003,2418340389.0993104,1.6322196539889284,2.7007403146804823,0.0,0.0,0.33049891970151296,1.6322196539889284,0.5942238866355454,67.27062046730528,28.150134062961644,66.9099282888189,,0.0,,0.3349708084313271,2.6252034289598023,0.20012066435643364,0.0,0.8230409723135428,8.818889074526245,0.0,0.0,0.0,0.6379051419609408,5.4450921513710595,2.4062418542467476,0.0,0.0,0.0,Asset Management,Financial Services,NOAH
2009Q3,2009,Q3,2009-09-30,2009-09-30,3446320.73456,22576346.18624,4278836.33584,0.068275,18682395.380439997,0.8275207700272901,,,,,,,,2496086590.128768,,,0.0,0.0,0.0,0.0,,0.0,110.56202671316679,181.06894151622322,0.0,,0.0,,0.0,0.0,0.0,0.0,0.8275207700272901,0.0,0.0,0.0,0.0,0.0,0.0,0.0,0.0,0.0,0.0,Asset Management,Financial Services,NOAH
