Quarters,Year,Quarter,FillingDate,Date,NetIncome,Revenue,OperatingIncome,EPSDiluted,GrossProfit,GrossProfitRatio,TotalAssets,CommonStockEquity,CurrentAssets,CurrentLiability,TotalLiability,Inventory,RetainedEarnings,MarketCap,EnterpriseValue,bookValuePerShare,currentRatio,debtToAssets,debtToEquity,roic,shareholdersEquityPerShare,roe,priceToSalesRatio,peRatio,pbRatio,payoutRatio,inventoryTurnover,dividendYield,assetTurnover,quickRatio,returnOnAssets,priceToFreeCashFlowsRatio,grossProfitMargin,epsdilutedGrowth,fiveYNetIncomeGrowthPerShare,fiveYRevenueGrowthPerShare,fiveYShareholdersEquityGrowthPerShare,grossProfitGrowth,netIncomeGrowth,operatingIncomeGrowth,threeYNetIncomeGrowthPerShare,threeYRevenueGrowthPerShare,threeYShareholdersEquityGrowthPerShare,Industry,Sector,Symbol
2023Q1,2023,Q1,2023-05-15,2023-03-31,-1697000.0,64000.0,-1686000.0,-1.0,-59000.0,-0.921875,5189000.0,2879000.0,3689000.0,2221000.0,2310000.0,0.0,-54445000.0,9277240.34,6150240.34,1.697501565427807,1.6609635299414678,0.038735787242243205,0.06981590830149358,-0.550974025974026,1.697501565427807,-0.5894407780479333,144.9568803125,-1.3667118945197405,3.2223828898923235,0.0,0.0,0.0,0.012333783002505299,1.6375506528590724,-0.3270379649258046,-6.384886675843084,-0.921875,0.849624060150376,-1.0258712090785258,-0.9999256452902481,1.0240869105744603,-1.3259668508287292,0.8148794589287662,0.03103448275862069,0.9252745493149409,-0.9545097424373385,-0.9563358267713253,Software—Application,Technology,CUEN
2022Q4,2022,Q4,2023-03-31,2022-12-31,-9167000.0,787000.0,-1740000.0,-6.65,181000.0,0.2299872935,1499000.0,-724000.0,689000.0,2134000.0,2223000.0,0.0,-52750000.0,3256896.5494,2899896.5494,-0.5250889532598305,0.32286785379568883,0.07271514342895263,-0.1505524861878453,4.776409288954768,-0.5250889532598305,12.661602209944752,4.138369186022872,-0.08882122148467328,-4.498475896961326,0.0,0.0,0.0,0.5250166777851901,0.31630740393626994,-6.1154102735156775,-2.0179036861214374,0.22998729351969505,-2.614130434782609,-1.1031526627907902,-0.9996990988360163,0.9968248979134986,0.5603448275862069,-3.032996040475143,0.2321270962047661,0.7332413345058189,-0.6809923005921886,-1.0077978974036481,Software—Application,Technology,CUEN
2022Q3,2022,Q3,2022-11-14,2022-09-30,-2273000.0,1143000.0,-2266000.0,-1.84,116000.0,0.1014873141,7410000.0,4601000.0,2429000.0,2720000.0,2809000.0,0.0,-47304000.0,8499669.36,6586669.359999999,3.7296615500346944,0.893014705882353,0.02631578947368421,0.04238209084981526,-0.4741458573829921,3.7296615500346944,-0.49402303846989787,7.436281154855642,-0.9348514474263088,1.8473526103021083,0.0,0.0,0.0,0.154251012145749,0.8720588235294118,-0.3067476383265857,-3.5742932548359962,0.10148731408573929,0.3309090909090909,-1.0399249452292683,-0.9457611915923908,1.0212158169564962,1.1090909090909091,0.28656622724419334,0.27857370264247056,0.8179880598238513,-0.7435776860309355,1.1122148786255597,Software—Application,Technology,CUEN
2022Q2,2022,Q2,2022-08-15,2022-06-30,-3186000.0,670000.0,-3141000.0,-2.75,55000.0,0.0820895522,7470000.0,3844000.0,2026000.0,3537000.0,3626000.0,0.0,-45029000.0,9424070.1282,7818070.1282,3.3210134447479778,0.5728018094430308,0.02570281124497992,0.04994797086368366,-0.7809420725283471,3.3210134447479778,-0.8288241415192508,14.06577631074627,-0.7394907508003766,2.4516311467741936,0.0,0.0,0.0,0.08969210174029452,0.5448119875600792,-0.42650602409638555,-4.9083698584375,0.08208955223880597,0.12698412698412695,0.9676780496491254,-0.9711426664462647,1.0109009272587333,-0.5895522388059702,0.12086092715231789,0.12943458980044345,-1.1144494186345706,-0.8286752262344945,1.1338520314898268,Software—Application,Technology,CUEN
2022Q1,2022,Q1,2022-05-16,2022-03-31,-3624000.0,394000.0,-3608000.0,-3.15,134000.0,0.3401015228,9676000.0,6363000.0,4619000.0,3224000.0,3313000.0,0.0,-41843000.0,19305741.39,15159741.39,5.527242277018816,1.4326923076923077,0.019532864820173624,0.0297029702970297,-0.5529602936086726,5.527242277018816,-0.5695426685525695,48.999343629441626,-1.3317978331953644,3.0340627675624705,0.0,0.0,0.0,0.04071930549813973,1.373138957816377,-0.37453493178999586,-8.649525712365591,0.3401015228426396,0.21836228287841197,-1.0641232167608212,-0.9886992740655803,1.0126471011197118,34.5,0.2199741713301765,0.22391912239191225,0.4618886959512929,-0.9380097791631389,1.0655408958493235,Software—Application,Technology,CUEN
2021Q4,2021,Q4,2022-04-01,2021-12-31,-4646000.0,104000.0,-4649000.0,-4.03,-4000.0,-0.0384615385,12258000.0,9450000.0,6780000.0,2719000.0,2808000.0,0.0,-38219000.0,19914552.84,13404552.84,8.204577894002062,2.493563810224347,0.00791319954315549,0.010264550264550264,-0.48716896965707623,8.204577894002062,-0.49164021164021166,191.486085,-1.071596687473095,2.107360088888889,0.0,0.0,0.0,0.008484255180290423,2.433983082015447,-0.3790177843041279,-9.469592410841654,-0.038461538461538464,-0.9190476190476191,0.9679473217165305,-0.9947681703139742,1.03153029379423,-1.2222222222222223,-0.9310058187863675,-0.929045643153527,0.9542217538809711,-0.9997160933185585,1.058633439985853,Software—Application,Technology,CUEN
2021Q3,2021,Q3,2021-11-15,2021-09-30,-2406000.0,109000.0,-2410000.0,-2.1,18000.0,0.1651376147,14968000.0,11892000.0,9074000.0,2987000.0,3076000.0,0.0,-33573000.0,43051538.14,34486538.14,10.377850810976854,3.037830599263475,0.012359700694815607,0.015556676757484024,-0.19922111037165166,10.377850810976854,-0.20232088799192735,394.96823981651374,-4.473351843308396,3.6202100689539187,0.0,0.0,0.0,0.007282202030999466,2.933712755272849,-0.16074291822554784,-17.564887042023663,0.1651376146788991,-0.076923076923077,0.946970150414482,-0.9955680211442369,1.153315437392611,-0.8636363636363636,-0.20239880059970014,-0.2086258776328987,0.834347955947637,-0.9998299302335515,1.1127820529309973,Software—Application,Technology,CUEN
2021Q2,2021,Q2,2021-08-23,2021-06-30,-2001000.0,155000.0,-1994000.0,-1.95,132000.0,0.8516129032,12936000.0,9482000.0,6590000.0,3365000.0,3454000.0,0.0,-31167000.0,82974731.58,76914731.58,9.240337454551124,1.9583952451708766,0.01422387136672851,0.019405188778738664,-0.20701174345581194,9.240337454551124,-0.21103142796878296,535.3208489032259,-10.36665811844078,8.750762663994937,0.0,0.0,0.0,0.011982065553494126,1.860624071322437,-0.15468460111317253,-58.43290956338028,0.8516129032258064,-0.11428571428571425,0.9845364317666598,0.2943209293956058,1.0517791122372047,7.0,-0.19462686567164178,-0.2369727047146402,0.9261937471898068,-0.9997350526895075,1.0919154278283616,Software—Application,Technology,CUEN
2021Q1,2021,Q1,2021-05-05,2021-03-31,-1675000.0,225000.0,-1612000.0,-1.75,-22000.0,-0.0977777778,13526000.0,10188000.0,6727000.0,3249000.0,3338000.0,0.0,-29166000.0,42661103.94,36612103.94,10.617598659356211,2.0704832256078793,0.03201242052343634,0.04250098154691794,-0.1574833299841064,10.617598659356211,-0.16440910875539852,189.60490639999998,-6.367328946268657,4.187387508833923,0.0,0.0,0.0,0.016634629602247524,2.0233918128654973,-0.12383557592784267,-12.711890327771155,-0.09777777777777778,0.19354838709677416,0.953247263238545,-0.9424514891195118,1.0433132434654122,-1.2291666666666667,0.4318181818181818,0.4365606431317721,-1.045135529854547,-0.9995379596787958,1.150659742902192,Software—Application,Technology,CUEN
2020Q4,2020,Q4,2021-03-25,2020-12-31,-2948000.0,173000.0,-2861000.0,-2.17,96000.0,0.5549132948,7500000.0,931000.0,296000.0,6480000.0,6569000.0,0.0,-27491000.0,118129807.78749,118714807.78749,0.6864490822153652,0.04567901234567901,0.10826666666666666,0.8721804511278195,-1.689863738730849,0.6864490822153652,-3.1664876476906554,682.8312588872254,-10.017792383606682,126.88486335928033,0.0,0.0,0.0,0.023066666666666666,0.043827160493827164,-0.3930666666666667,-322.7590376707377,0.5549132947976878,0.4628712871287129,0.9080034953576496,0.0,1.0149253351377128,1.9320388349514563,-0.6807297605473204,-1.634438305709024,-1.0337244614703913,-0.9999327550661553,1.0041508127331342,Software—Application,Technology,CUEN
2020Q3,2020,Q3,2020-11-13,2020-09-30,-1754000.0,134000.0,-1086000.0,-4.04,-103000.0,-0.7686567164,8060000.0,3720000.0,405000.0,4251000.0,4340000.0,0.0,-24543000.0,29946696.86928,30561696.86928,8.558807288790723,0.09527170077628794,0.11885856079404467,0.2575268817204301,-0.3574995279869045,8.558807288790723,-0.471505376344086,223.48281245731343,-4.26834333940707,8.050187330451614,0.0,0.0,0.0,0.01662531017369727,0.09480122324159021,-0.21761786600496277,-82.95483897307479,-0.7686567164179104,0.38036809815950917,0.5440521323035092,1.2332159515292505,1.081260842723078,-0.13186813186813187,-0.4190938511326861,0.1312,-1.0874435136808946,-0.9819523015619733,1.0486859427776283,Software—Application,Technology,CUEN
2020Q2,2020,Q2,2020-08-12,2020-06-30,-1236000.0,117000.0,-1250000.0,-6.52,-91000.0,-0.7777777778,8193000.0,5124000.0,88000.0,3595000.0,3684000.0,0.0,-22789000.0,12688095.631452,12866095.631452,27.037295004115748,0.02447844228094576,0.02441108263151471,0.039032006245121,-0.2321264883448948,27.037295004115748,-0.24121779859484777,108.44526180728205,-2.566362385002427,2.4762091396276347,0.0,0.0,0.0,0.014280483339436104,0.02447844228094576,-0.1508604906627609,-46.47654077454945,-0.7777777777777778,0.5130694548170277,-3.6138100163237294,18.18597756261691,1.836200402461848,-1.1162790697674418,0.42857142857142855,0.5158791634391944,0.9234161629418715,-0.9692224445660009,1.0887474835667657,Software—Application,Technology,CUEN
2020Q1,2020,Q1,2020-05-14,2020-03-31,-2163000.0,134000.0,-2582000.0,-13.39,-43000.0,-0.3208955224,8668000.0,6280000.0,113000.0,3003000.0,3003000.0,0.0,-21553000.0,12221965.726152001,12310965.726152001,38.87630155133777,0.03762903762903763,0.012690355329949238,0.01751592356687898,-0.3256869819741494,38.87630155133777,-0.3444267515923567,91.20869944889553,-1.4126173978446603,1.9461728863299361,0.0,0.0,0.0,0.01545916012921089,0.030636030636030636,-0.2495385325334564,-16.560929168227645,-0.3208955223880597,0.4626805778491172,-5.343183863655332,-0.18453604329916592,2.25732074489844,-0.22857142857142856,0.004601932811780948,-2.813884785819793,-1.2727484877271789,-0.9726098986546194,1.0889543993619486,Software—Application,Technology,CUEN
2019Q4,2019,Q4,2020-03-30,2019-12-31,-2173000.0,156000.0,-677000.0,-24.92,-35000.0,-0.2243589744,9170000.0,5871000.0,165000.0,3917000.0,3917000.0,0.0,-19390000.0,12921261.338436,13264261.338436,67.33724824517135,0.04212407454684708,0.03914940021810251,0.06114801567024357,-0.13249838078341922,67.33724824517135,-0.37012433997615396,82.82859832330769,-1.4865694130736309,2.200862091370465,0.0,0.0,0.0,0.017011995637949837,0.018126116926219044,-0.23696837513631408,-52.31279894103644,-0.22435897435897437,-1.462450592885376,-1.0568714037577884,-0.84675327308318,1.0437511151534342,-1.3608247422680413,-2.1401734104046244,-0.196113074204947,0.8019550850674254,-0.8963274675692908,1.2587778735110038,Software—Application,Technology,CUEN
2019Q3,2019,Q3,2019-11-14,2019-09-30,-692000.0,247000.0,-566000.0,-10.12,97000.0,0.3927125506,256000.0,-2272000.0,251000.0,3153000.0,3153000.0,0.0,-17217000.0,4176673.663284,4219673.663284,-33.236782819860146,0.07960672375515382,0.421875,-0.04753521126760563,0.30842050153323436,-33.236782819860146,0.3045774647887324,16.909609972809715,-1.5089138956950865,-1.8383246757411973,0.0,0.0,0.0,0.96484375,0.056137012369172214,-2.703125,-14.706597405929578,0.39271255060728744,-1.4207900207900208,-1.0016089169583173,-0.839632302964007,0.9950495438482256,2.03125,-1.3710455764075067,-0.18410041841004185,0.7443245691943577,-0.8316449047674472,0.5089819666553457,Software—Application,Technology,CUEN
2019Q2,2019,Q2,2019-08-07,2019-06-30,1865000.0,262000.0,-478000.0,24.05,32000.0,0.1221374046,249000.0,-1924000.0,244000.0,2798000.0,2798000.0,0.0,-16525000.0,2358949.3200000003,2405949.3200000003,-24.811079875170865,0.08720514653323802,0.42971887550200805,-0.055613305613305616,0.5901021710623533,-24.811079875170865,-0.9693347193347194,9.003623358778627,0.31621304557640756,-1.2260651351351353,0.0,0.0,0.0,1.0522088353413654,0.04110078627591136,7.48995983935743,-7.3948254545454555,0.12213740458015267,5.111111111111112,-0.9907492218371142,0.0,0.9948750983482467,-0.5076923076923077,6.828125,-0.12470588235294118,1.1907190965854308,27.951047729544694,0.8609687475266422,Software—Application,Technology,CUEN
2019Q1,2019,Q1,2019-05-14,2019-03-31,-320000.0,302000.0,-425000.0,-5.85,65000.0,0.2152317881,334000.0,-4613000.0,328000.0,5565000.0,5599000.0,0.0,-18390000.0,3157284.0547,3084284.0547,-84.3327239488117,0.05893980233602875,0.31736526946107785,-0.022978538911771082,0.04567547703572221,-84.3327239488117,0.06936917407327119,10.454582962582782,-2.4666281677343753,-0.6844318349663994,0.0,0.0,0.0,0.9041916167664671,0.0431266846361186,-0.9580838323353293,-6.789858182150538,0.2152317880794702,0.9336057201225741,0.9997620968667658,0.0,0.9970187011870801,1.1036682615629985,0.9123527800602574,0.8784324942791762,0.843318576011439,0.35498291738284327,0.6559745831721095,Software—Application,Technology,CUEN
2018Q4,2018,Q4,2019-04-15,2018-12-31,-3651000.0,13178000.0,-3496000.0,-88.11,-627000.0,-0.0475792988,5970000.0,-5798000.0,4033000.0,11581000.0,12420000.0,0.0,-18070000.0,3231930.0,3187930.0,-139.93001086038373,0.34824281150159747,0.018425460636515914,-0.018972059330803724,0.9294240785314223,-139.93001086038373,0.62969989651604,0.2452519350432539,-0.22130443714050946,-0.5574215246636771,0.0,0.0,0.0,2.2073701842546063,0.33727657369829894,-0.6115577889447236,-10.527459283387621,-0.04757929883138564,-5.954222573007104,0.9932414576420913,36.799872207506525,0.9977417078584738,-6.9714285714285715,-6.834763948497854,-2.447731755424063,-2.7293203389375353,0.0,-2.042472285307462,Software—Application,Technology,CUEN
2018Q3,2018,Q3,2018-12-19,2018-09-30,-466000.0,20563000.0,-1014000.0,-12.67,105000.0,0.0051062588,8586000.0,-3383000.0,4542000.0,12457000.0,12618000.0,0.0,-14419000.0,5735340.0,5787340.0,-92.01686386508908,0.36461427309946215,0.011646866992778943,-0.029559562518474726,0.27000890417587015,-92.01686386508908,0.13774756133609223,0.2789155278898993,-3.0768991416309013,-1.6953414129470883,0.0,0.0,0.0,2.3949452597251337,0.35433892590511357,-0.05427440018634987,-52.05710966289687,0.005106258814375334,0.520439061317184,0.9999360340802426,0.0,0.9992365321247807,-0.5859474508164721,0.5190918472652218,-0.7657168827957532,-0.4320778857623236,424.0922311846895,0.12635398249884305,Software—Application,Technology,CUEN
2018Q2,2018,Q2,2018-11-21,2018-06-30,-969000.0,20909422.0,-574271.0,-26.42,253591.0,0.0121280732,9383360.0,-3687070.0,5132441.0,11108970.0,13716640.0,0.0,-13953044.0,7151820.0,7286065.0,-100.53086487076017,0.4620087190801668,0.015667628653275586,-0.03987312418804091,0.1581858202862138,-100.53086487076017,0.26281030737143585,0.3420381491176561,-1.8451547987616097,-1.9397027992416742,0.0,0.0,0.0,2.2283512515772603,0.4538391948128404,-0.1032679125601064,-65.43892396376613,0.012128073171989164,-1.683040330920372,0.9952558325680863,-0.8157503259879276,0.9942338846226676,-0.6571913294446059,-1.6358267716535433,-1.4082337577956112,-17.690844794293895,17716.56422071971,-2.1091849111374006,Software—Application,Technology,CUEN
2018Q1,2018,Q1,2018-06-04,2018-03-31,1524000.0,19998220.0,1406721.0,38.68,739745.0,0.0369905422,11160213.0,-2777029.0,6714693.0,11882770.0,14574405.0,0.0,-12983815.0,7991334.118215,8053488.118215,-70.47402613881488,0.5650780920610262,0.008960402458268494,-0.03600970677655869,-0.7055931246081315,-70.47402613881488,-0.5487879312747544,0.39960227051282565,1.3109143894709647,-2.8776559835043134,0.0,0.0,0.0,1.7919209964899416,0.52011450192169,0.13655653346401184,17222.702840980604,0.036990542158252086,-0.3998448409619861,1.0067977809634272,-0.9280104640776267,0.9965574902846948,-0.6268834380521444,-0.13898305084745763,-0.0631497066684071,19.32141944163238,497.9013546976143,-1.279240861526802,Software—Application,Technology,CUEN
2017Q4,2017,Q4,2018-06-04,2017-12-31,1770000.0,52092757.0,1501543.0,64.45,1982611.0,0.038059245,12494621.0,-4541584.0,7934821.0,15010537.0,17666138.0,0.0,-14207568.0,12423808.635228,12526039.635228,-165.37703007792587,0.5286167310336732,0.01560231398775521,-0.042924451028539826,-0.14387095668015598,-165.37703007792587,-0.3897318644772397,0.23849397403228245,1.754775230964407,-2.7355672900089485,0.0,0.0,0.0,4.169214656450964,0.5236625445178943,0.141660959544111,163.9673833341428,0.03805924497334629,0.39653304442036846,1.0201288876558334,-0.9746937238284665,0.9940314730442036,15.256639635281287,0.047957371225577264,4.751737768160989,6.3191866881071,161.4682508644374,0.8925493738572676,Software—Application,Technology,CUEN
2017Q3,2017,Q3,2017-11-20,2017-09-30,1689000.0,625188.0,-400226.0,46.15,121957.0,0.1950725222,916368.0,-6433792.0,824812.0,7975896.0,7975896.0,0.0,-13436542.0,8563932.0,9679855.0,-175.79627302038364,0.10341308362094992,1.2804408272659018,-0.18237378516433234,0.1770891067824536,-175.79627302038364,-0.2625201436415725,13.6981707902263,1.2676039076376555,-1.3310862396546235,0.0,0.0,0.0,0.6822455607354251,0.10235890738795993,1.843145985019119,-31.974656038232492,0.19507252218532664,1.5419210897134805,1.0022621138282837,-0.9998292121867127,0.9919344338604791,-0.015594604847888029,1.693010360689531,0.49857613392484645,-0.992665184748933,-0.2418370320596828,0.973816005419371,Software—Application,Technology,CUEN
2017Q2,2017,Q2,2017-08-21,2017-06-30,-2437193.0,574064.0,-798179.0,-85.16,123889.0,0.2158104323,237612.0,-8718899.0,161223.0,9580835.0,9580835.0,0.0,-15125038.0,12947235.428286,17174801.428286,-304.65421573080823,0.016827656462093336,18.06069558776493,-0.4921995311563995,0.28388301746708855,-304.65421573080823,0.2795299039477347,22.553644590648428,-1.328088853476725,-1.484962198585624,0.0,0.0,0.0,2.4159722572934026,0.01647977446642177,-10.257028264565763,-165.8222496226386,0.2158104322862956,-0.004245283018867918,0.9949879074292411,-0.9997911366215281,0.9803730002363835,-0.250674392441966,-4.003473993724875,-0.24909077820621964,-1.032756259172677,0.0,0.9370715462096868,Software—Application,Technology,CUEN
2017Q1,2017,Q1,2017-07-06,2017-03-31,811458.0,500591.0,-639008.0,-84.8,165334.0,0.3302776119,294086.0,-7223773.0,196864.0,8142897.0,8142897.0,0.0,-12687845.0,4899195.500826,9061205.500826001,-437.03629983665076,0.024176162365801755,14.551875981855648,-0.5924193631222908,0.7069643508234761,-437.03629983665076,-0.11233160288951494,9.786822976893312,1.5093804919127052,-0.6782045201068748,0.0,0.0,0.0,1.702192555919017,0.0203896721277452,2.759254095740702,-126.26141695855884,0.3302776118627782,0.326128417037508,-0.9802633319604592,-0.9996755006764715,0.9711846731125451,5.150679085180629,1.2602003662553802,0.7783473382068559,1.0019964432810569,0.0,0.9845500567170493,Software—Application,Technology,CUEN
2016Q4,2016,Q4,2017-07-03,2016-12-31,-3118589.0,427684.0,-2882925.0,-125.84,-39833.0,-0.0931365214,718994.0,-6448327.0,600938.0,10324057.0,10324057.0,0.0,-13499303.0,5218878.748686,6393885.748686,-260.21254186675276,0.058207543797946876,1.990710631799431,-0.22196594558557592,1.041440315382471,-260.21254186675276,0.4836276137981216,12.202651370371582,-0.4183685914275655,-0.809338414240779,0.0,0.0,0.0,0.5948366745758658,0.02924848245219878,-4.337433970241754,136.28450275985793,-0.09313652135688967,-2.1785804496084866,-1.0085070774915623,-0.9806281639406095,0.9664929709039007,-1.5432538221294818,-2.2810329409041654,-0.6060085110081016,0.9903473209717458,1.0512204948132526,0.9958005010161077,Software—Application,Technology,CUEN
2016Q3,2016,Q3,2016-11-21,2016-09-30,-950490.0,515230.0,-1795087.0,-39.59,73323.0,0.1423112008,4791172.0,-1624955.0,569016.0,9043900.0,9043900.0,0.0,-8515517.0,6553638.0,7889681.0,-67.689535949346,0.06291710434657614,0.3069480703260079,-0.905034908659009,-2.7568101762136368,-67.689535949346,0.5849331212248955,12.7198299788444,-1.7237524855600797,-4.0331196863913155,0.0,0.0,0.0,0.10753736246580169,0.04541005539645507,-0.19838361052368814,-26.068879103569255,0.14231120082293344,0.6860428231562252,0.9151560324204664,0.0,0.9808468002784257,2.8597625932126007,0.6820998421017953,0.3468154521055175,0.9998001863961463,0.0,0.9994383770103098,Software—Application,Technology,CUEN
2016Q2,2016,Q2,2016-08-19,2016-06-30,-2989901.0,2767.0,-2748208.0,-126.1,-39426.0,-14.2486447416,1596516.0,-4231212.0,1341342.0,5849794.0,5849794.0,0.0,-7455259.0,25521444.56904,26619869.56904,-178.45685364824968,0.2292973051700624,0.7567835211172328,-0.2855486796690877,0.7962935449401062,-178.45685364824968,0.7066299206941179,9223.507252996025,-2.133970704133682,-6.031710197702219,0.0,0.0,0.0,0.0017331489317989922,0.046143163331905365,-1.872766073124228,-73.65496268121213,-14.248644741597397,-2.377075522228173,0.9092058743146352,0.0,-1.0504955413221695,-0.5860487569394158,-2.9644395237211274,-5.092385316423145,0.9773565055897783,-0.9999622841178877,0.9897643096044743,Software—Application,Technology,CUEN
2016Q1,2016,Q1,2016-06-30,2016-03-31,-754180.0,82303.0,-451089.0,-37.34,-24858.0,-0.3020303027,538295.0,-4951485.0,225204.0,5507729.0,5507729.0,0.0,-4465358.0,38285185.084776,42322652.084776,-245.13515520570326,0.04088872201228492,7.56830362533555,-0.8227794287976233,0.5318942422273538,-245.13515520570326,0.15231390178905924,465.1736277508232,-12.690997203842585,-7.732061206845219,0.0,0.0,0.0,0.1528957170324822,0.036349646106407923,-1.4010533257786157,-103.51851774630582,-0.3020303026621144,-0.16251556662515587,0.9904172747142491,-0.9995149019936955,0.9881315387309022,0.0,-0.4216908805404906,0.16117353029778972,0.9934373586045898,-0.9994220168725131,0.9880256571166194,Software—Application,Technology,CUEN
2015Q4,2015,Q4,2016-04-01,2015-12-31,-530481.0,0.0,-537762.0,-32.12,0.0,0.0,388387.0,-1032617.0,1184.0,1421004.0,1421004.0,0.0,-4658793.0,56040192.0,56173112.0,-45.992205594156424,0.0008332136996095718,0.3452844714163965,-0.1298680924292356,0.3790183312309453,-45.992205594156424,0.5137248369918372,0.0,-26.41008443280721,-54.27006528073816,0.0,0.0,0.0,0.0,0.0008332136996095718,-1.3658567356785887,-129.11683374536608,0.0,-2.629378531073446,-1.0062229974216668,-1.0,0.9972553255022981,1.0,-1.6638060900654803,-3.7351959636161913,0.9926210686065731,-1.0,0.998340121849353,Software—Application,Technology,CUEN
2015Q3,2015,Q3,2016-02-29,2015-09-30,-199144.0,-29744.0,-113567.0,-8.85,-17403.0,0.5850927918,98952.0,-2369815.0,0.0,2468767.0,2468767.0,0.0,-4128312.0,2281500.045,2507579.045,-105.32511111111111,0.0,2.284734012450481,-0.09539942991330547,0.10132289479671475,-105.32511111111111,0.08403356380139378,-76.70454696745561,-2.8641335478347325,-0.9627333969107293,0.0,0.0,0.0,-0.30059018514027,0.0,-2.012531328320802,-14.54083124605648,0.5850927918235611,0.1416100872938895,0.9911775833425629,0.0,0.9948756047853047,-158.6605504587156,-5.261405439396321,0.13956571809558443,0.9995661627227459,-1.0000132166214657,0.9951676640509862,Software—Application,Technology,CUEN
2015Q2,2015,Q2,2015-09-02,2015-06-30,-31805.0,724.0,-131988.0,-10.31,-109.0,-0.1505524862,50931.0,-727504.0,27409.0,778435.0,778435.0,27219.0,-2254353.0,87750000.0,87908468.0,-32.333511111111115,0.03521039007752735,3.1114252616284777,-0.21782423189425762,-0.5912486910472801,-32.333511111111115,0.04371797268468627,121201.65745856354,-689.7500393019966,-120.61789350986385,0.0,0.030603622469598444,0.0,0.014215310910840157,0.00024407946713598437,-0.6244723253028608,-3360.3952054532224,-0.1505524861878453,-3.8862559241706167,0.9987233316608128,0.0,0.9983461495618172,-1.0318806668616554,0.3303646622873505,-0.01724071490778491,0.9999168051394832,-0.9999996649477887,0.9979169504895496,Software—Application,Technology,CUEN
2015Q1,2015,Q1,2015-05-20,2015-03-31,-47496.0,22888.0,-129751.0,-2.11,3419.0,0.1493795876,83220.0,-695699.0,57514.0,778919.0,778919.0,27712.0,-2222548.0,87750000.0,87898837.0,-30.919955555555557,0.07383822964903924,1.788476327805816,-0.2139387867454172,-0.38293844756952183,-30.919955555555557,0.06827090451473986,3833.886752883607,-461.8810005053057,-126.13213473068093,0.0,0.7025476327944573,0.0,0.27503004085556354,0.03826071773830141,-0.5707281903388608,-658.546469740634,0.1493795875567983,-1.0236706304689254,0.9986473193307226,0.0,0.9983235057744789,-0.10380078636959371,-3.1699736611062335,-0.25394785163422695,-1.0008486505320147,-0.9999891005981504,0.9979613395340114,Software—Application,Technology,CUEN
2014Q4,2014,Q4,2015-02-10,2014-12-31,-11390.0,10975.0,-103474.0,89.14,3815.0,0.3476082005,66172.0,-1446752.0,59035.0,1512924.0,1512924.0,40181.0,-2133513.0,3666000.0,3947944.0,-1539.0978723404255,0.03902046632877792,4.395031130991961,-0.2010213222445865,-0.6585300637027824,-1539.0978723404255,0.007872807502598925,334.03189066059224,-80.46532045654082,-2.5339519143571256,0.0,0.17819367362683855,0.0,0.16585564891494892,0.012461961076696516,-0.17212718370307684,-59.26668391101914,0.3476082004555809,-0.9858179046964468,0.9858739389262484,0.0,0.908835618049651,1.7390546299883767,-1.0081543177792764,0.6934848422013022,-1.0008191000346756,-0.9868948111159357,0.8018135604829421,Software—Application,Technology,CUEN
2014Q3,2014,Q3,2015-01-07,2014-09-30,1396806.0,5002.0,-337582.0,6285.39,-5162.0,-1.0319872051,52835.0,-1490482.0,49258.0,1543317.0,1543317.0,39560.0,-2122123.0,865800.0,1123128.0,-6713.882882882883,0.03191696845171796,5.036945206775812,-0.17855096539240325,0.7315907551652311,-6713.882882882883,-0.9371505325123014,173.0907636945222,0.1549606745675491,-0.5808859147577764,0.0,0.25692618806875633,0.0,0.09467209236301694,0.006283867799032863,26.437134475253146,-6.381332134407453,-1.0319872051179528,1.4176343655882546,8.741253625464152,0.0,0.5810340446392699,0.0,0.16292832219503442,-4.012576655233344,14.482683397683399,0.0,-0.8997373517133317,Software—Application,Technology,CUEN
2014Q2,2014,Q2,2014-08-14,2014-06-30,1201111.0,0.0,-67347.0,2599.81,0.0,0.0,40819.0,-2236671.0,37043.0,2277490.0,2277490.0,36943.0,-2648552.0,1801800.0,2127719.0,-4841.279220779221,0.016264835410912892,7.98694235527573,-0.14576082043358188,0.07465047748547282,-4841.279220779221,-0.5370083485680281,0.0,0.3750277867740784,-0.8055722097706816,0.0,0.0,0.0,0.0,4.39079864236506e-05,29.425292143364608,-22.582909282330235,0.0,1.1057253656128332,2.065058320076755,0.0,0.6817483657976248,0.0,1.4564958949571176,0.45110680054769514,2.871861298701299,0.0,-2.3698718202600997,Software—Application,Technology,CUEN
2014Q1,2014,Q1,2014-05-15,2014-03-31,-2631154.0,0.0,-122696.0,-24590.22,0.0,0.0,41213.0,-3026735.0,37238.0,3067948.0,3067948.0,36196.0,-3215688.0,417300.0,880776.0,-28287.242990654206,0.012137754616440696,11.271152306311116,-0.15347164518862735,0.09078763091186474,-28287.242990654206,0.86930438244511,0.0,-0.03964990266628255,-0.1378713366052859,0.0,0.0,0.0,0.0,0.00033964069795185576,-63.84281658699925,-3.0781373322809786,0.0,-0.8861276894720655,-7.182195308029754,0.0,-1.2149398548450308,-1.0,-5.959159977253792,0.304243290293679,-5.311119248626595,-1.0,-0.36955487907239193,Software—Application,Technology,CUEN
2013Q4,2013,Q4,2014-02-19,2013-12-31,-378085.0,244.0,-176349.0,-13037.41,244.0,1.0,34661.0,-1796920.0,34661.0,1831581.0,1831581.0,34608.0,-1827865.0,226200.0,572600.0,-61962.75862068965,0.01892408798737266,9.995470413432965,-0.1928037976092425,0.16446944051456536,-61962.75862068965,0.21040725240967878,927.0491803278688,-0.1495695412407263,-0.12588206486654943,0.0,0.0,0.0,0.0070396122443091656,2.893674918007994e-05,-10.908081128646028,-4.823644815967928,1.0,0.9342056450760274,-4.0773138960593265,74.72413793103449,-5.344887220522993,0.0,0.8727975456118459,-0.5222183858437635,-4.433810076905301,-0.99881250567791,-2.6977483727170704,Software—Application,Technology,CUEN
2013Q3,2013,Q3,2014-01-14,2013-09-30,-2972309.0,0.0,-115850.0,-198153.93,0.0,0.0,27222.0,-1807873.0,27222.0,1835095.0,1835095.0,15553.0,-1548373.0,526500.0,900436.0,-120524.86666666667,0.014834109405780083,13.907684960693556,-0.20941459936621654,0.1555957377225574,-120524.86666666667,1.6440917033442062,0.0,-0.04428375380890749,-0.2912262089206487,0.0,0.0,0.0,0.0,0.002538833139428749,-109.18775255308206,-4.600824915236464,0.0,-32.694605229149374,-78.59409979469784,0.0,-15.744215985922015,-1.0,-30.395198259289774,-0.3277328260022463,-196.51748809391958,0.0,-4.863910737743468,Software—Application,Technology,CUEN
2013Q2,2013,Q2,2013-08-14,2013-06-30,-94674.0,52602.0,-87254.0,-5880.88,24532.0,0.4663701,488200.0,-296391.0,2509.0,66531.0,784591.0,2426.0,-299391.0,198900.0,253017.0,-17434.764705882353,0.03771174339781455,0.11102007374027038,-0.1828665512785476,0.3804416279317257,-17434.764705882353,0.31942265453404456,3.781225048477244,-0.5252233981874643,-0.6710730082897254,0.0,11.570486397361913,0.0,0.10774682507169193,0.001247538741338624,-0.19392462105694389,-2.8995859816898943,0.4663700999961979,-0.033655570007382236,-4.679493417763706,0.0,-2.7028714921875867,-0.4377005592738608,-0.6640419024853236,-0.5336239322248392,-4.029757090994954,0.0,0.108216452294684,Software—Application,Technology,CUEN
2013Q1,2013,Q1,2013-05-15,2013-03-31,-56894.0,70497.0,-56894.0,-5689.4,43628.0,0.618863214,505707.0,-204717.0,3000.0,20608.0,710424.0,3000.0,-204717.0,312000.0,321345.0,-20471.7,0.1455745341614907,0.018479079783352812,-0.04564838288954996,0.291208566222386,-20471.7,0.2779153660907497,4.425720243414613,-1.3709705768622351,-1.5240551590732572,0.0,8.956333333333333,0.0,0.1394028558038548,0.0,-0.11250388070562599,-9.884991920920065,0.6188632140374768,-0.7644012342807521,-1.7393858335116628,0.0,-4.491499508211381,-0.7189822866344605,-0.6152972573959458,0.030006478671531354,-2.6457529369882518,0.0,-0.10998499900595825,Software—Application,Technology,CUEN
2012Q4,2012,Q4,2013-04-02,2012-12-31,-35222.0,824536.0,-58654.0,-3224.55,155250.0,0.1882877158,1412757.0,-304790.0,522054.0,1351452.0,1717547.0,0.0,-566540.0,643500.0,1502517.0,-27708.18181818182,0.38629118903224086,0.6080429967786393,-2.818389710948522,-0.14919765496083415,-27708.18181818182,0.11556153417106861,0.7804389377783384,-4.567457838850718,-2.1112897404770496,0.0,0.0,0.0,0.5836361101024451,0.3859167769184551,-0.02493139301380209,-11.793706357788245,0.188287715757711,0.8419438957321348,-348.20481927710847,74958.81818181818,-15.782666152744893,-0.24789264606142816,0.827354139197012,-0.2988905374582014,-2.732901554404145,0.0,-0.641220688961962,Software—Application,Technology,CUEN
2012Q3,2012,Q3,2012-11-14,2012-09-30,-204013.0,1000222.0,-45157.0,-20401.3,206420.0,0.2063741849,1599420.0,-217959.0,711951.0,1413278.0,1817379.0,0.0,-541556.0,1950000.0,2770026.0,-21795.9,0.5037586377202503,0.5127021045128859,-3.762294743506806,-0.12282091935039752,-21795.9,0.9360154891516295,1.9495671960824696,-2.389553606877993,-8.94663675278378,0.0,0.0,0.0,0.625365444973803,0.5035237228627347,-0.12755436345675308,-16.458196181698487,0.20637418493094534,-0.07453308192265953,-18.05080929653455,11251.4975,0.0,0.1764974095626749,-0.20071920851750055,0.6988650004001173,-24.100710868079286,0.0,-0.36012799534058143,Software—Application,Technology,CUEN
2012Q2,2012,Q2,2012-08-13,2012-06-30,-169909.0,960381.0,-149956.0,-18986.2,175453.0,0.1826910362,1539274.0,-155222.0,649962.0,1442357.0,1694496.0,0.0,-416972.0,3705000.0,4432044.0,-15522.2,0.45062491463625165,0.4827210750002923,-4.7869503034363685,-0.28506417016616054,-15522.2,1.09461931942637,3.857843918194966,-5.451447539565296,-23.869039182590097,0.0,0.0,0.0,0.623918158820327,0.45036700345337527,-0.11038255697166327,-64.40901900109522,0.18269103616169,-4.10019267822736,-5.575142967708647,8818.825510204082,0.0,-0.5754046231583838,-7.83078716732331,-12.046459022098485,-5.960630888979927,0.0,-0.020384342884689866,Software—Application,Technology,CUEN
2012Q1,2012,Q1,2012-05-18,2012-03-31,24874.0,933303.0,-11494.0,6124.2,413224.0,0.4427543895,1253665.0,-151668.0,412810.0,771541.0,1405333.0,0.0,-273918.0,3900000.0,4526944.0,-15166.8,0.5350460960597039,0.5326869618279205,-4.403110741883588,-0.054828313356393814,-15166.8,-0.1640029538201862,4.178707236556616,39.19755568063037,-25.714059656618403,0.0,0.0,0.0,0.7444596443228454,0.5071797869458655,0.019841026111441253,58.12826971517148,0.44275438951765933,-0.6004845695140018,1.6158793914550607,0.0,0.0,96.99004031301874,-0.84713994247929,-8.926896551724138,1.8276619343389529,0.0,-0.1875865669044718,Software—Application,Technology,CUEN
2011Q4,2011,Q4,2012-04-16,2011-12-31,162724.0,9800.0,1450.0,15329.07,4217.0,0.4303061224,1212329.0,-85425.0,331357.0,629955.0,1297754.0,0.0,-207175.0,4290000.0,4991820.0,-7765.909090909091,0.5260010635680327,0.5849080571363054,-8.300860403863037,0.004608782333998944,-7765.909090909091,-1.9048756218905472,437.7551020408163,6.590914677613628,-50.21949078138718,0.0,0.0,0.0,0.008083614266424378,0.4923415164575247,0.13422429060098373,-8.924002446299971,0.4303061224489796,33.8477725159106,1603.0700985761227,891.9090909090909,-3.703760806123011,0.0,39.743809523809524,1.3452380952380953,6.761047952480234,8017.181818181819,0.20478334981361418,Software—Application,Technology,CUEN
2011Q3,2011,Q3,2011-11-22,2011-09-30,-4200.0,0.0,-4200.0,-466.67,0.0,0.0,54766.0,-31807.0,10243.0,27159.0,86573.0,0.0,-31553.0,3510000.0,3506757.0,-3534.1111111111113,0.3771493795795132,0.0,0.0,0.13204640487942906,-3534.1111111111113,0.13204640487942906,0.0,-208.92857142857142,-110.35306693495141,0.0,0.0,0.0,0.0,0.11940793107257262,-0.07668991710185151,-835.7142857142857,0.0,0.663997868801705,0.5642249429342187,-1.0,0.0,0.0,0.664,0.664,0.8125502097652414,0.0,0.5090148498039578,Software—Application,Technology,CUEN
2011Q2,2011,Q2,2011-08-22,2011-06-30,-12500.0,0.0,-12500.0,-1388.89,0.0,0.0,54766.0,31807.0,10243.0,22959.0,22959.0,0.0,-27353.0,5265000.0,5261757.0,3534.1111111111113,0.4461431247005532,0.0,0.0,-0.39299525261734836,3534.1111111111113,-0.39299525261734836,0.0,-105.3,165.52960040242712,0.0,0.0,0.0,0.0,0.14125179668104013,-0.2282438008983676,2520.3446625179513,0.0,0.7096194856784445,0.4625274111020338,-1.0,0.0,-1.0,0.6435395100807026,0.5385240152102485,-0.4164305949008499,0.0,1.7505899565791956,Software—Application,Technology,CUEN
2011Q1,2011,Q1,2011-05-24,2011-03-31,-35067.0,75596.0,-27087.0,-4783.0,56568.0,0.7482935605,953733.0,-185889.0,321311.0,1139622.0,1139622.0,296675.0,-307639.0,7020000.0,7157384.0,-20654.333333333332,0.2819452414923545,0.1560363330198284,-0.8005691568624287,0.8969312762575382,-20654.333333333332,0.1886448364346465,92.86205619344939,-50.04705278466935,-37.764472346400275,0.0,0.06413752422684756,0.0,0.0792632738932175,0.013859858795284752,-0.03676815209288134,-374.2004264392324,0.7482935605058468,-2.3028224642220927,0.035269195851330135,0.0,0.0,-0.04778898109650378,-2.0262210646454597,-1.792689707646835,-0.8760432270490052,0.0,-4.540490596405473,Software—Application,Technology,CUEN
2010Q4,2010,Q4,2011-04-15,2010-12-31,34171.0,63768.0,34171.0,3671.26,59407.0,0.9316114666,1054559.0,-150812.0,331841.0,1205371.0,1205371.0,314621.0,-272562.0,7020000.0,7139564.0,-16756.88888888889,0.27530196097301163,0.1194812239049688,-0.8354772829748296,-1.377196517813961,-16756.88888888889,-0.22658011298835637,110.08656379375235,51.35933979105089,-46.548020051454785,0.0,0.013861121794158686,0.0,0.06046887846009564,0.005339434912570487,0.03240311827029118,11.504952701861114,0.9316114665663029,4.659476485715995,410.6987951807229,7086.333333333333,-9.149538999932702,0.0,4.784583010300144,4.784583010300144,410.6987951807229,7086.333333333333,-9.149538999932702,Software—Application,Technology,CUEN
2010Q3,2010,Q3,2010-11-22,2010-09-30,-9029.0,0.0,-9029.0,-1003.22,0.0,0.0,0.0,-184983.0,0.0,184983.0,184983.0,0.0,-306733.0,2303437.5,2314236.5,-20553.666666666668,0.0,0.0,-0.05837833746884849,0.051835989528314884,-20553.666666666668,0.048809890638599224,0.0,-63.7788653228486,-12.452157765848753,0.0,0.0,0.0,0.0,0.0,0.0,-2303.4375,0.0,0.09392893914488538,0.06318738327453835,-1.0,0.0,0.0,0.09392875062719519,0.09392875062719519,0.06318738327453835,-1.0,0.0,Software—Application,Technology,CUEN
2010Q2,2010,Q2,2010-08-13,2010-06-30,-9965.0,0.0,-9965.0,-1107.22,0.0,0.0,0.0,-175954.0,0.0,174327.0,175954.0,0.0,-297704.0,2303437.5,2433437.5,-19550.444444444445,0.0,0.0,0.0,0.056634120281437196,-19550.444444444445,0.056634120281437196,0.0,-57.78819618665329,-13.09113461472885,0.0,0.0,0.0,0.0,0.0,0.0,-658.125,0.0,0.29049828266776023,0.5715268521305414,-1.0,0.0,0.0,0.2904948380206479,0.2904948380206479,0.5715268521305414,-1.0,0.0,Software—Application,Technology,CUEN
2010Q1,2010,Q1,2010-05-24,2010-03-31,-14045.0,0.0,-14045.0,-1560.56,0.0,0.0,3500.0,-165989.0,3500.0,169489.0,169489.0,0.0,-287739.0,10727437.5,10733736.5,-18443.222222222223,0.020650307689584573,2.799714285714286,-0.059034032375639346,0.08992253025161662,-18443.222222222223,0.08461404068944328,0.0,-190.94762370950514,-64.6274000084343,0.0,0.0,0.0,0.0,0.020650307689584573,-4.0128571428571425,-2296.1124785958905,0.0,-0.8815075594994093,0.6136069768081652,0.0,0.0,0.0,-0.819300518134715,-0.819300518134715,0.6136069768081652,0.0,0.0,Software—Application,Technology,CUEN
2009Q4,2009,Q4,2010-04-15,2009-12-31,-7720.0,0.0,-7720.0,-829.42,0.0,0.0,0.0,-151944.0,0.0,151944.0,151944.0,0.0,-273694.0,658125.0,659752.0,-16882.666666666668,0.0,0.0,-0.010707892381403674,0.05135812981898255,-16882.666666666668,0.05080819249197072,0.0,-21.312338082901555,-4.3313655030800815,0.0,0.0,0.0,0.0,0.0,0.0,0.0,0.0,-0.02047294470828513,-94.01204819277109,1.0,-9.225721784776903,0.0,-0.05536568694463431,-0.05536568694463431,-94.01204819277109,1.0,-9.225721784776903,Software—Application,Technology,CUEN
2009Q3,2009,Q3,2009-11-16,2009-09-30,-7315.0,0.0,-7315.0,-812.78,0.0,0.0,0.0,-144224.0,0.0,144224.0,144224.0,0.0,-265974.0,658125.0,658125.0,-16024.888888888889,0.0,0.0,0.0,0.050719713778566676,-16024.888888888889,0.050719713778566676,0.0,-22.492310321257687,-4.563214166851564,0.0,0.0,0.0,0.0,0.0,0.0,-403.01592161665644,0.0,0.6670299057763212,0.24102510894376425,-1.0,0.0,0.0,0.6670308161500296,0.6670308161500296,0.24102510894376425,-1.0,0.0,Software—Application,Technology,CUEN
2009Q2,2009,Q2,2009-05-15,2009-06-30,-21969.0,0.0,-21969.0,-2441.0,0.0,0.0,6.0,-136909.0,6.0,136915.0,136915.0,0.0,-258659.0,592312.5,592306.5,-15212.111111111111,4.382280977248658e-05,0.0,0.0,0.1604642499762616,-15212.111111111111,0.1604642499762616,0.0,-6.740321589512495,-4.326322593839704,0.0,0.0,0.0,0.0,4.382280977248658e-05,-3661.5,-1196.590909090909,0.0,0.18777638395783489,0.055381175560046514,-1.0,0.0,0.0,0.18777728482697426,0.18777728482697426,0.055381175560046514,-1.0,0.0,Software—Application,Technology,CUEN
2009Q1,2009,Q1,2009-03-31,2009-03-31,-27048.0,0.0,-27048.0,-3005.33,0.0,0.0,501.0,-114940.0,501.0,115441.0,115441.0,0.0,-236690.0,1974375.0,1973874.0,-12771.111111111111,0.00433987924567528,0.0,0.0,0.23532277710109623,-12771.111111111111,0.23532277710109623,0.0,-18.24880767524401,-17.17744040368888,0.0,0.0,0.0,0.0,0.00433987924567528,-53.98802395209581,-600.4790145985402,0.0,-0.2104160877042479,0.2558804918979889,0.0,0.0,-1.0,-0.17040242319342275,-0.17040242319342275,0.2558804918979889,0.0,0.0,Software—Application,Technology,CUEN
2008Q4,2008,Q4,2009-03-30,2008-12-31,-23110.0,1.0,-23110.0,-2482.89,1.0,1.0,3789.0,-87892.0,3789.0,91681.0,91681.0,0.0,-209642.0,3948750.0,4014961.0,-9765.777777777777,0.0413280832451653,0.0,0.0,0.26293633095162244,-9765.777777777777,0.26293633095162244,3948750.0,-42.71689744699264,-44.9272971373959,0.0,0.0,0.0,0.0002639218791237794,0.0413280832451653,-6.099234626550541,1974375.0,1.0,0.002679188290300323,-279.43373493975906,1.1111111111111112,-4.915068308769096,0.0,-0.03142015531554048,-0.03142015531554048,-279.43373493975906,1.1111111111111112,-4.915068308769096,Software—Application,Technology,CUEN
2008Q3,2008,Q3,2008-11-05,2008-09-30,-22406.0,0.0,-22406.0,-2489.56,0.0,0.0,3787.0,-64782.0,3787.0,68569.0,68569.0,0.0,-186532.0,5923125.0,5969338.0,-7198.0,0.05522903936181073,0.0,0.0,0.34586767929363094,-7198.0,0.34586767929363094,0.0,-66.08860349906274,-91.43164767991108,0.0,0.0,0.0,0.0,0.05522903936181073,-5.916556641140745,-14807.8125,0.0,-1.538916537488782,-1.324756173479975,-1.0,0.0,0.0,-1.5389235127478753,-1.5389235127478753,-1.324756173479975,-1.0,0.0,Software—Application,Technology,CUEN
2008Q2,2008,Q2,2008-08-04,2008-06-30,-8825.0,0.0,-8825.0,-980.56,0.0,0.0,4187.0,-42376.0,4187.0,46563.0,46563.0,0.0,-164126.0,5923125.0,5948938.0,-4708.444444444444,0.08992118205442089,0.0,0.0,0.20825467245610724,-4708.444444444444,0.20825467245610724,0.0,-167.79390934844193,-139.7754625259581,0.0,0.0,0.0,0.0,0.08992118205442089,-2.107714353952711,-2092.97703180212,0.0,0.5278709994270279,0.6205443522380358,-1.0,0.0,0.0,0.5278728867964905,0.5278728867964905,0.6205443522380358,-1.0,0.0,Software—Application,Technology,CUEN
2008Q1,2008,Q1,2008-05-15,2008-03-31,-18692.0,0.0,-18692.0,-2076.89,0.0,0.0,7017.0,-33551.0,7017.0,40568.0,40568.0,0.0,-155301.0,5923125.0,5936108.0,-3727.8888888888887,0.17296884243738908,0.0,0.0,,-3727.8888888888887,0.5571219933832077,0.0,-79.22005403381127,-176.5409376769694,0.0,0.0,0.0,0.0,0.17296884243738908,-2.6638164457745477,-759.8620910840282,0.0,-233.83520179372198,0.48576301961539525,0.0,0.0,1.0,-226.20481927710844,-226.20481927710844,0.48576301961539525,0.0,0.0,Software—Application,Technology,CUEN
2007Q4,2007,Q4,2007-12-31,2007-12-31,83.0,-9.0,83.0,8.92,-9.0,1.0,14812.0,-14859.0,14812.0,29671.0,29671.0,0.0,-136609.0,5923125.0,5908313.0,-1651.0,0.4992079808567288,0.0,0.0,-0.005585840231509523,-1651.0,-0.005585840231509523,-658125.0,17840.73795180723,-398.62204724409446,0.0,0.0,0.0,-0.0006076154469349176,0.4992079808567288,0.0056035646772886845,-2178.420375137918,1.0,1.0083295203055402,0.0,0.0,0.0,-1.1125,1.0086117451753476,1.0086117451753476,0.0,0.0,0.0,Software—Application,Technology,CUEN
2007Q3,2007,Q3,2007-09-30,2007-09-30,-9638.0,80.0,-9638.0,-1070.89,80.0,1.0,,,,,,,,5923125.0,,,0.0,0.0,0.0,0.0,,0.0,74039.0625,-153.6398889811164,0.0,0.0,0.0,0.0,0.0,0.0,0.0,-4453.477443609023,1.0,0.5855865268893352,0.0,0.0,0.0,-0.1836734693877551,0.5855871350561122,0.5855871350561122,0.0,0.0,0.0,Software—Application,Technology,CUEN
2007Q2,2007,Q2,2007-06-30,2007-06-30,-23257.0,98.0,-23257.0,-2584.11,98.0,1.0,,,,,,,,5923125.0,,,0.0,0.0,0.0,0.0,,0.0,60440.051020408166,-63.670346562325314,0.0,0.0,0.0,0.0,0.0,0.0,0.0,-4249.013629842181,1.0,0.36017559758144785,0.0,0.0,0.0,0.0,0.3601749704255963,0.3659314594181957,0.0,0.0,0.0,Software—Application,Technology,CUEN
2007Q1,2007,Q1,2007-03-31,2007-03-31,-36349.0,0.0,-36679.0,-4038.78,0.0,0.0,,,,,,,,5923125.0,,,0.0,0.0,0.0,0.0,,0.0,0.0,-40.73788137225233,0.0,0.0,0.0,0.0,0.0,0.0,0.0,-688.7354651162791,0.0,0.0,0.0,0.0,0.0,0.0,0.0,0.0,0.0,0.0,0.0,Software—Application,Technology,CUEN
