Quarters,Year,Quarter,FillingDate,Date,NetIncome,Revenue,OperatingIncome,EPSDiluted,GrossProfit,GrossProfitRatio,TotalAssets,CommonStockEquity,CurrentAssets,CurrentLiability,TotalLiability,Inventory,RetainedEarnings,MarketCap,EnterpriseValue,bookValuePerShare,currentRatio,debtToAssets,debtToEquity,roic,shareholdersEquityPerShare,roe,priceToSalesRatio,peRatio,pbRatio,payoutRatio,inventoryTurnover,dividendYield,assetTurnover,quickRatio,returnOnAssets,priceToFreeCashFlowsRatio,grossProfitMargin,epsdilutedGrowth,fiveYNetIncomeGrowthPerShare,fiveYRevenueGrowthPerShare,fiveYShareholdersEquityGrowthPerShare,grossProfitGrowth,netIncomeGrowth,operatingIncomeGrowth,threeYNetIncomeGrowthPerShare,threeYRevenueGrowthPerShare,threeYShareholdersEquityGrowthPerShare,Industry,Sector,Symbol
2023Q1,2023,Q1,2023-05-12,2023-03-31,8151000.0,22094000.0,17023000.0,1.01,20498000.0,0.9277631936,2055008000.0,204988000.0,298287000.0,0.0,117344000.0,0.0,91991000.0,176579333.36999997,68589333.36999997,27.269148818850816,0.0,0.057101480870147464,0.5724432649716081,0.042587126344956615,27.269148818850816,0.03976330321774933,7.992184908572462,5.415879443319837,0.8614130259820086,0.15838547417494786,0.0,0.007311161365044178,0.010751296345318363,0.0,0.003966407916660178,24.212166923076918,0.9277631936272291,0.06315789473684216,2.734150555247639,1.343163215693381,1.2438297547398558,-0.05342876933733549,0.07561361836896278,0.047569230769230766,1.5896347469103544,1.0793434337592016,0.6108063764353133,Banks—Regional,Financial Services,MNSB
2022Q4,2022,Q4,2023-03-23,2022-12-31,7578000.0,21655000.0,16250000.0,0.95,21655000.0,1.0,1925751000.0,198282000.0,1800404000.0,0.0,1727469000.0,0.0,86830000.0,204349856.42999998,327663856.42999995,26.67372649643706,0.0,0.08944302768114881,0.8686870215148123,0.03380917615840566,26.67372649643706,0.03821829515538475,9.436613088432232,6.741549763460015,1.0306021546585167,0.16930588545790445,0.0,0.006278448257385938,0.011244963653141034,0.0,0.0039350881811823024,24.703802759912957,1.0,-0.020618556701030948,6.370959164585316,1.4082353987207186,1.133248517079237,0.11371117054104093,-0.021309569934134055,0.2666614701067893,1.36337613795705,1.1173020389440904,0.6078629344230824,Banks—Regional,Financial Services,MNSB
2022Q3,2022,Q3,2022-11-10,2022-09-30,7743000.0,19444000.0,12829000.0,0.97,19444000.0,1.0,1860115000.0,190000000.0,221228000.0,0.0,1670115000.0,0.0,80534000.0,170247430.39,191757430.39,25.45647819806721,0.0,0.03878577399784422,0.37971578947368423,0.03967436495618312,25.45647819806721,0.04075263157894737,8.755782266508948,5.4968174606095825,0.8960391073157894,0.11765465581815833,0.0,0.005351035242723466,0.01045311714598291,0.0,0.004162645857917387,26.143647172911546,1.0,0.36619718309859156,3.1092816943391908,0.9114414685864625,1.304426101371554,0.22737028153010982,0.3057335581787521,0.26982084529347716,1.3080175253293604,0.8803992655246391,0.5768145834660865,Banks—Regional,Financial Services,MNSB
2022Q2,2022,Q2,2022-08-12,2022-06-30,5930000.0,17385000.0,10103000.0,0.71,15842000.0,0.9112453264,1793379000.0,188404000.0,206189000.0,0.0,1604975000.0,0.0,73702000.0,172493770.68,188904770.68,24.870226113605415,0.0,0.040173884047934094,0.38240695526634255,0.031038605697778443,24.870226113605415,0.031474915606887324,9.921988534943917,7.27208139460371,0.915552592726269,0.1548060708263069,0.0,0.005321931316018467,0.00969399106379633,0.0,0.003306607248105392,32.091864312558144,0.9112453264308312,0.0,2.7337929202036184,0.8730284643442502,1.3111953508830452,-0.031603398740754324,0.09349068781117463,0.23087231968810917,0.8822989207077415,0.6865696273157968,0.5901344445327547,Banks—Regional,Financial Services,MNSB
2022Q1,2022,Q1,2022-05-12,2022-03-31,5423000.0,16359000.0,8208000.0,0.71,16359000.0,1.0,1761748000.0,188796000.0,194768000.0,0.0,1572952000.0,0.0,68691000.0,185911186.89,233880186.89,24.687222091242926,0.0,0.06354768105313587,0.5929945549693849,0.02243826253913442,24.687222091242926,0.02872412551113371,11.36445912891986,8.570495431034482,0.9847199458145298,0.1707541950949659,0.0,0.004980872939872608,0.009285664010970923,0.0,0.003078192794883264,33.174729994646675,1.0,0.12698412698412692,2.1210164857898928,0.7988923946050573,1.344100589263394,0.05610071013557134,0.12674007895283607,-0.06833144154370034,0.8001776265079226,0.7162289952115278,0.6281705225583468,Banks—Regional,Financial Services,MNSB
2021Q4,2021,Q4,2022-03-23,2021-12-31,4813000.0,15490000.0,8810000.0,0.63,15490000.0,1.0,1647402000.0,188788000.0,169441000.0,0.0,1458614000.0,0.0,64194000.0,186762574.58,154229574.58,24.85667661435812,0.0,0.01778193786337518,0.15516876072631736,0.030033037174542365,24.85667661435812,0.025494205140157215,12.056977054874114,9.700944035944318,0.9892714292221964,0.11198836484521088,0.0,0.0028860171863240116,0.00940268374082343,0.0,0.0029215698414837422,86.10538247118488,1.0,0.1249999999999999,1.6344791020836615,0.7258991963220469,1.3966161091992022,0.054530601130097354,0.006272214091574326,0.0,0.17138969662604178,0.33204834749335205,0.3903441258735834,Banks—Regional,Financial Services,MNSB
2021Q3,2021,Q3,2021-11-05,2021-09-30,4783000.0,14689000.0,0.0,0.56,14689000.0,1.0,1657199000.0,184029000.0,0.0,0.0,1473170000.0,0.0,59920000.0,181633423.85999998,154276423.85999998,24.306405815500657,0.0,0.024520289959141902,0.2208075901080808,0.0,24.306405815500657,0.02599046889348961,12.365268150316563,9.493697671963202,0.9869826161094175,0.11269077984528539,0.0,0.0029675154965721076,0.008863751426352538,0.0,0.0028861953211412753,35.74053991735537,1.0,-0.3563218390804597,1.7923949099537735,0.6973578271886931,1.4009817747454478,0.009830881341949677,-0.32879595846197024,0.0,0.8224129940242958,0.5211609741906967,0.3790824504935115,Banks—Regional,Financial Services,MNSB
2021Q2,2021,Q2,2021-08-12,2021-06-30,7126000.0,14546000.0,0.0,0.87,14546000.0,1.0,1707695000.0,179628000.0,0.0,0.0,1528067000.0,0.0,55676000.0,170398886.16,90853886.16,23.80297390084771,0.0,0.02376068326018405,0.2258890596120872,0.0,23.80297390084771,0.039670875364642484,11.714484130345111,5.978069259051361,0.9486209619881086,0.0756385068762279,0.0,0.0031631662163207654,0.008517914498783448,0.0,0.004172876304023845,35.104838516687266,1.0,0.3384615384615384,3.8395115754476588,0.7432979984595345,1.4120905768000884,-0.025132363782588298,0.3075229357798165,0.0,2.6464390427341877,0.3826857993752873,0.9145983760741354,Banks—Regional,Financial Services,MNSB
2021Q1,2021,Q1,2021-05-14,2021-03-31,5450000.0,14921000.0,0.0,0.65,14921000.0,1.0,1743029000.0,172178000.0,0.0,0.0,1570851000.0,0.0,49090000.0,156188835.72,52630835.72,22.885216241754055,0.0,0.008514488284474899,0.08619568121362775,0.0,22.885216241754055,0.03165328903808849,10.46771903491723,7.164625491743119,0.9071358461592074,0.09889908256880733,0.0,0.0034509508795255136,0.008560385398062798,0.0,0.003126740863175541,3.551037552746453,1.0,-0.29347826086956524,2.5318558129150093,0.8876400352016679,1.3636311934798426,-0.0003349859305909152,-0.29303411596834866,0.0,1.4946616511460171,0.5811036432340243,0.8830998168672429,Banks—Regional,Financial Services,MNSB
2020Q4,2020,Q4,2021-03-23,2020-12-31,7709000.0,14926000.0,0.0,0.92,14926000.0,1.0,1643165000.0,167665000.0,0.0,0.0,1475500000.0,0.0,44179000.0,130214947.7,69113947.7,21.773346302238693,0.0,0.00902769959194603,0.08847404049742046,0.0,21.773346302238693,0.045978588256344495,8.72403508642637,4.222822275911272,0.776637626815376,0.0,0.0,0.0,0.009083689099999088,0.0,0.004691555625880542,25.147730339899574,1.0,0.46031746031746035,3.6958957920997384,0.8516941754396122,1.293626191394426,0.012344004340748779,0.4905259087393658,0.0,6.238520584559366,0.602383811982418,0.7413374436941784,Banks—Regional,Financial Services,MNSB
2020Q3,2020,Q3,2020-11-12,2020-09-30,5172000.0,14744000.0,0.0,0.63,14744000.0,1.0,1630188000.0,173261000.0,0.0,0.0,1456927000.0,0.0,37105000.0,101256256.8,13603256.799999997,20.94403552946666,0.0,0.009095269993399534,0.08557609617859761,0.0,20.94403552946666,0.029850918556397574,6.867624579489962,4.894443967517401,0.5844145930128534,0.0,0.0,0.0,0.00904435562033336,0.0,0.00317264021082231,14.784093561103811,1.0,8.875,6.871572187604497,0.7864764896716839,1.2640092339285813,0.2241780139488542,9.157728706624606,0.0,1.4764524872497364,0.307692229907114,0.8959410554214299,Banks—Regional,Financial Services,MNSB
2020Q2,2020,Q2,2020-08-12,2020-06-30,-634000.0,12044000.0,0.0,-0.08,12044000.0,1.0,1528867000.0,140170000.0,0.0,0.0,1388697000.0,0.0,31933000.0,109076484.0,78622484.0,16.962812992762032,0.0,0.016233589972182015,0.17706356567025755,0.0,16.962812992762032,-0.004523079118213598,9.056499833942212,-43.01123186119874,0.7781728187201256,0.0,0.0,0.0,0.00787772906341755,0.0,-0.00041468616956216595,-100.71697506925207,1.0,-1.1904761904761905,-1.84047748359874,0.6819841362164056,0.0,0.028171418815093052,-1.1827089337175793,0.0,-1.3659636736713066,0.18957989430936695,0.5763577841104999,Banks—Regional,Financial Services,MNSB
2020Q1,2020,Q1,2020-05-12,2020-03-31,3470000.0,11714000.0,0.0,0.42,11714000.0,1.0,1329742000.0,140295000.0,0.0,0.0,1189447000.0,0.0,32567000.0,138895432.92000002,101609432.92000002,16.928880601526405,0.0,0.018659258713344392,0.1768559107594711,0.0,16.928880601526405,0.02473359706333084,11.857216400887827,10.006875570605189,0.9900241129049504,0.0,0.0,0.0,0.008809227654687902,0.0,0.002609528765730495,28.9969588559499,1.0,-0.023255813953488393,2.9962415193686796,0.5773382481267574,0.0,0.030708315002199737,-0.026101599775470108,0.0,0.8428608598445719,0.18866716489507337,0.6074307124123162,Banks—Regional,Financial Services,MNSB
2019Q4,2019,Q4,2020-03-23,2019-12-31,3563000.0,11365000.0,0.0,0.43,11365000.0,1.0,1277358000.0,137034000.0,0.0,0.0,1140324000.0,0.0,29097000.0,189985957.0,191414957.0,16.589552458343015,0.0,0.04290496477886387,0.399937241852387,0.0,16.589552458343015,0.026000846505246873,16.7167582050154,13.330476915520629,1.3864147364887545,0.0,0.0,0.0,0.008897270772954801,0.0,0.0027893511450979287,42.54051880877743,1.0,-0.04444444444444448,1.1591885862635727,0.16136724266466146,0.22801874383269563,-0.00586074177746676,-0.039363709894850364,0.0,0.7932150585360795,0.16431664846675303,0.599521500114942,Banks—Regional,Financial Services,MNSB
2019Q3,2019,Q3,2019-11-12,2019-09-30,3709000.0,11432000.0,0.0,0.45,11432000.0,1.0,1234276000.0,133217000.0,0.0,0.0,1101059000.0,0.0,25535000.0,173697695.6,145915695.6,16.144243251549504,0.0,0.02009113034685921,0.18614741361838205,0.0,16.144243251549504,0.027841791963488145,15.193990167949615,11.707852224319224,1.303870343875031,0.0,0.0,0.0,0.009262109933272623,0.0,0.003005000502318768,34.34118141557928,1.0,0.0714285714285715,1.0299543280209051,0.12618651704750564,0.0,0.018350258328879387,0.08102593995919558,0.0,0.9868123695430281,0.21206792157627424,0.5947250329091545,Banks—Regional,Financial Services,MNSB
2019Q2,2019,Q2,2019-08-06,2019-06-30,3431000.0,11226000.0,0.0,0.42,11226000.0,1.0,1184764000.0,129036000.0,0.0,0.0,1055728000.0,0.0,21826000.0,188599800.6,178414800.6,15.640329155257866,0.0,0.029365341958398464,0.26962243094950245,0.0,15.640329155257866,0.026589478905111753,16.800267290219132,13.742334640046632,1.4616060680740257,0.0,0.0,0.0,0.00947530478643848,0.0,0.0028959353930403018,97.36695952503872,1.0,0.07692307692307684,3.5556435849613215,0.5702484825554915,0.0,0.09266108623710337,0.056667693255312596,0.0,1.1313474015871245,0.23063963157116213,0.5849234104359384,Banks—Regional,Financial Services,MNSB
2019Q1,2019,Q1,2019-05-15,2019-03-31,3247000.0,10274000.0,0.0,0.39,10274000.0,1.0,1146081000.0,124983000.0,0.0,0.0,1021098000.0,0.0,18395000.0,178458200.45,193500200.45,15.162553153493933,0.0,0.03907489959261169,0.35831273053135226,0.0,15.162553153493933,0.025979533216517445,17.369885190772823,13.740237176624575,1.4278597925317842,0.0,0.0,0.0,0.008964462372205804,0.0,0.002833133085706857,42.079273862296624,1.0,-0.279089304987735,2.7595847934265443,0.39089555426950306,0.0,-0.01059322033898305,-0.11501771599890978,0.0,0.9205816778535786,0.1863281631147608,0.566019006672385,Banks—Regional,Financial Services,MNSB
2018Q4,2018,Q4,2018-12-31,2018-12-31,3669000.0,10384000.0,0.0,0.5409824028111622,10384000.0,1.0,1100613000.0,121251000.0,0.0,0.0,979362000.0,0.0,15186000.0,115702721.577894,142592721.577894,17.878075040407804,0.0,0.04976862893678341,0.45175709891052446,0.0,17.878075040407804,0.030259544251181433,11.142403849951272,7.883804958973427,0.9542413800949601,0.0,0.0,0.0,0.00943474227544105,0.0,0.0033335968228614416,24.60189699721327,1.0,0.545664008031892,1.708018062681475,0.2923909351250796,0.3233998511049113,0.20046242774566475,0.5606125053168864,0.0,1.5375860424937176,0.4626592521540117,0.883294400189565,Banks—Regional,Financial Services,MNSB
2018Q3,2018,Q3,2018-09-30,2018-09-30,2351000.0,8650000.0,0.0,0.35,8650000.0,1.0,1056981000.0,119535000.0,0.0,0.0,937446000.0,0.0,11371000.0,142085127.482106,148220127.482106,17.62505628782564,0.0,0.04235553903050291,0.3745262893713138,0.0,17.62505628782564,0.019667879700506128,16.426026298509363,15.109009727999362,1.188648742896273,0.0,0.0,0.0,0.008183685421024597,0.0,0.002224259471078477,37.758471294739834,1.0,0.34615384615384603,0.565522976769362,0.03676803458088656,0.0,0.06908911135829934,0.5642049234863606,0.0,3.364469601367917,0.27842121178167023,0.9052340762126461,Banks—Regional,Financial Services,MNSB
2018Q2,2018,Q2,2018-06-30,2018-06-30,1503000.0,8091000.0,0.0,0.26,8091000.0,1.0,936155000.0,72157000.0,0.0,0.0,863998000.0,0.0,9020000.0,120432315.25,153148315.25,12.43235876427278,0.0,0.06396269848475947,0.8298432584503236,0.0,12.43235876427278,0.020829579943733804,14.884725651958966,20.031988564537592,1.6690316289479885,0.0,0.0,0.0,0.008642799536401558,0.0,0.0016055033621569079,194.5594753634895,1.0,-0.08999908999909004,1.8367957690932166,0.6087390889384846,0.0,0.11094329259920363,-0.10854092526690391,0.0,1.8367957690932166,0.6087390889384846,0.0,Banks—Regional,Financial Services,MNSB
2018Q1,2018,Q1,2018-03-31,2018-03-31,1686000.0,7283000.0,0.0,0.285714,7283000.0,1.0,843679000.0,70563000.0,0.0,0.0,773116000.0,0.0,13368000.0,121654657.41934499,178941657.419345,12.1529491091058,0.0,0.09350001600134648,1.1179229908025452,0.0,12.1529491091058,0.023893541941243993,16.70392110659687,18.038946829677492,1.724057330603078,0.0,0.0,0.0,0.008632430106711202,0.0,0.001998390383072235,57.08806073174331,1.0,1.0408142857142857,1.7713949243582805,0.3997436913881646,0.0,0.09420072115384616,1.2155059132720105,0.0,1.7713949243582805,0.3997436913881646,0.0,Banks—Regional,Financial Services,MNSB
2017Q4,2017,Q4,2017-12-31,2017-12-31,761000.0,6656000.0,0.0,0.14,6656000.0,1.0,807951483.0,68801182.0,0.0,0.0,739150301.0,0.0,11685788.0,91811795.24458499,122846370.24458499,12.503806416777785,0.0,0.08481597279276236,0.9960176410922708,0.0,12.503806416777785,0.011060856483541227,13.793839429775389,30.161562169705974,1.3344508419140966,,0.0,,0.008238118426722412,0.0,0.0009418882395937134,0.0,1.0,-0.4555558580245233,-0.30769189352690796,0.021065146772194086,-0.0744229726741934,0.07772020725388601,-0.3347902097902098,0.0,-0.30769189352690796,0.021065146772194086,-0.0744229726741934,Banks—Regional,Financial Services,MNSB
2017Q3,2017,Q3,2017-09-30,2017-09-30,1144000.0,6176000.0,0.0,0.257143,6176000.0,1.0,705545000.0,50058000.0,0.0,0.0,655487000.0,0.0,10922000.0,70345493.01498,106885493.01498,11.046775673524944,0.0,0.08127617657272038,1.1455511606536417,0.0,11.046775673524944,0.022853489951656078,11.390138117710492,15.372703893133739,1.405279735806065,,0.0,,0.008753516784896782,0.0,0.0016214415806220723,0.0,1.0,0.22727229338882432,0.14014334211854315,0.10789701610164132,0.0,0.11239193083573487,0.20421052631578948,0.0,0.14014334211854315,0.10789701610164132,0.0,Banks—Regional,Financial Services,MNSB
2017Q2,2017,Q2,2017-06-30,2017-06-30,950000.0,5552000.0,0.0,0.209524,5552000.0,1.0,644260000.0,48761000.0,0.0,0.0,595499000.0,0.0,9777000.0,69265225.84818,109364225.84818,10.76076330116499,0.0,0.08521404401949524,1.125899796968889,0.0,10.76076330116499,0.019482783371957097,12.475725116747117,18.227691012678946,1.4205046214839727,,0.0,,0.008617638841461522,0.0,0.0014745599602644895,0.0,1.0,-0.08333078124521487,1.2966145113999006,0.413931207363683,0.0,0.03293023255813954,-0.07497565725413827,0.0,1.2966145113999006,0.413931207363683,0.0,Banks—Regional,Financial Services,MNSB
2017Q1,2017,Q1,2017-03-31,2017-03-31,1027000.0,5375000.0,0.0,0.228571,5375000.0,1.0,568262000.0,47604000.0,0.0,0.0,520658000.0,0.0,8827000.0,71245292.21907,114283292.21907,10.53163938626055,0.0,0.0966191651034206,1.1533694647508612,0.0,10.53163938626055,0.021573817326275103,13.254938087268838,17.34306042333739,1.496624069806529,,0.0,,0.00945866519316794,0.0,0.0018072649587690184,0.0,1.0,-0.04000084000084002,1.1684987762482109,0.32698058355636744,0.0,0.016836927733636018,-0.04553903345724907,0.0,1.1684987762482109,0.32698058355636744,0.0,Banks—Regional,Financial Services,MNSB
2016Q4,2016,Q4,2016-12-31,2016-12-31,1076000.0,5286000.0,0.0,0.238095,5286000.0,1.0,575710892.0,46394562.0,0.0,0.0,529316330.0,0.0,7800365.0,60495288.415829994,97432866.41582999,10.371572033980716,0.0,0.09416256797170341,1.1684648731030158,0.0,10.371572033980716,0.023192373278575193,11.444435946997729,14.055596750889869,1.303930585999066,,0.0,,0.009181691841258407,0.0,0.0018689936475963008,0.0,1.0,0.04166757812670901,0.20408791794680872,-0.002533164673008467,-0.23225868252196052,0.03383532172892627,0.06324110671936758,0.0,0.20408791794680872,-0.002533164673008467,-0.23225868252196052,Banks—Regional,Financial Services,MNSB
2016Q3,2016,Q3,2016-09-30,2016-09-30,1012000.0,5113000.0,0.0,0.228571,5113000.0,1.0,535909000.0,45285000.0,0.0,0.0,490624000.0,0.0,6724000.0,53678916.0,80740916.0,10.12352782980938,0.0,0.07502019932488538,0.8877994921055538,0.0,10.12352782980938,0.022347355636524235,10.49851672208097,13.260601778656126,1.1853575356078172,,0.0,,0.009540798904291587,0.0,0.0018883803033724008,0.0,1.0,0.19999894999894993,0.0217141583871857,-0.07085527386706289,0.0,0.03355569031736406,0.15922107674684993,0.0,0.0217141583871857,-0.07085527386706289,0.0,Banks—Regional,Financial Services,MNSB
2016Q2,2016,Q2,2016-06-30,2016-06-30,873000.0,4947000.0,0.0,0.190476,4947000.0,1.0,512925000.0,44152000.0,0.0,0.0,468773000.0,0.0,5712000.0,50707292.508609,77633292.508609,9.868192401143183,0.0,0.08657990934347126,1.0058208008697227,0.0,9.868192401143183,0.019772603732560245,10.250109664161915,14.520988690896047,1.1484710207603053,,0.0,,0.009644684895452551,0.0,0.001702003216844568,0.0,1.0,-0.09091082644470315,1.137447692276222,0.27596124996458105,0.0,0.05659974369927381,-0.044857768052516414,0.0,1.137447692276222,0.27596124996458105,0.0,Banks—Regional,Financial Services,MNSB
2016Q1,2016,Q1,2016-03-31,2016-03-31,914000.0,4682000.0,0.0,0.209524,4682000.0,1.0,497808000.0,43147000.0,0.0,0.0,454661000.0,0.0,4839000.0,50717038.826168,91483038.826168,9.682228050164385,0.0,0.10090034712178189,1.1641365564233899,0.0,9.682228050164385,0.021183396296382134,10.832344900932934,13.872275390089715,1.1754476284832782,,0.0,,0.009405232539452961,0.0,0.0018360492398675795,0.0,1.0,0.0,0.9575240338792649,0.172437439753298,0.0,0.007965554359526372,-0.03382663847780127,0.0,0.9575240338792649,0.172437439753298,0.0,Banks—Regional,Financial Services,MNSB
2015Q4,2015,Q4,2015-12-31,2015-12-31,946000.0,4645000.0,0.0,0.209524,4645000.0,1.0,478250143.0,42124166.0,0.0,0.0,436125977.0,0.0,3925032.0,52192300.77081,94489717.77081001,9.49297945058843,0.0,0.10352044160287893,1.1753031739548268,0.0,9.49297945058843,0.022457417910659645,11.236232674017224,13.792891324209831,1.2390108986563675,,0.0,,0.009712490561659905,0.0,0.001978044364118465,0.0,1.0,1.7500196876230478,0.06716305076310707,-0.11641010493604947,-0.2972952869335229,0.04758682904826342,1.679886685552408,0.0,0.06716305076310707,-0.11641010493604947,-0.2972952869335229,Banks—Regional,Financial Services,MNSB
2015Q3,2015,Q3,2015-09-30,2015-09-30,353000.0,4434000.0,0.0,0.07619,4434000.0,1.0,480972000.0,41115000.0,0.0,0.0,439857000.0,0.0,2980000.0,49058272.360845,81576272.360845,9.250861354979502,0.0,0.10448425272157215,1.2222789736106043,0.0,9.250861354979502,0.008585674328104097,11.064111944259134,34.7438189524398,1.1931964577610361,,0.0,,0.009218831865472418,0.0,0.000733930457490249,0.0,1.0,-0.2000042000042001,-0.6413028111643408,-0.18902469309313477,0.0,0.15049299429164503,-0.13054187192118227,0.0,-0.6413028111643408,-0.18902469309313477,0.0,Banks—Regional,Financial Services,MNSB
2015Q2,2015,Q2,2015-06-30,2015-06-30,406000.0,3854000.0,0.0,0.095238,3854000.0,1.0,,,,,,,,43204694.985011995,,,0.0,0.0,0.0,0.0,,0.0,11.210351578882198,26.603876222298027,0.0,,0.0,,0.0,0.0,0.0,0.0,1.0,-0.09091082644470315,0.8205472815976024,-0.09498537336671091,0.0,-0.030927835051546393,-0.12688172043010754,0.0,0.0,0.0,0.0,Banks—Regional,Financial Services,MNSB
2015Q1,2015,Q1,2015-03-31,2015-03-31,465000.0,3977000.0,0.0,0.104762,3977000.0,1.0,,,,,,,,39730836.973239005,,,0.0,0.0,0.0,0.0,,0.0,9.99015262087981,21.360665039375807,0.0,,0.0,,0.0,0.0,0.0,0.0,1.0,-0.47619000000000006,1.481765984515586,0.1386063658219014,0.0,0.14052193862919415,-0.20918367346938777,0.0,0.0,0.0,0.0,Banks—Regional,Financial Services,MNSB
2014Q4,2014,Q4,2014-12-31,2014-12-31,588000.0,3487000.0,0.0,0.2,3487000.0,1.0,344975859.0,39762659.0,0.0,0.0,305213200.0,0.0,1755340.0,24948614.21744,19271501.21744,13.509201338870739,0.0,0.004329772536344347,0.037564565287246006,0.0,13.509201338870739,0.014787743445427028,7.154750277441928,10.607404004013606,0.6274382761333944,,0.0,,0.010107953669882739,0.0,0.0017044670943192,0.0,1.0,-0.08695810963807012,1.0551784897341439,0.5982795683541524,0.6302264435947533,-0.0005732301519059903,-0.06369426751592357,0.0,0.0,0.0,0.0,Banks—Regional,Financial Services,MNSB
2014Q3,2014,Q3,2014-09-30,2014-09-30,628000.0,3489000.0,0.0,0.219048,3489000.0,1.0,,,,,,,,21608854.413776,,,0.0,0.0,0.0,0.0,,0.0,6.193423449061622,8.60225096089809,0.0,,0.0,,0.0,0.0,0.0,0.0,1.0,0.0,4.034323103102193,0.9695685884617127,0.0,0.0,0.0,0.0,0.0,0.0,0.0,Banks—Regional,Financial Services,MNSB
2010Q2,2010,Q2,2010-06-30,2010-06-30,136094.0,2598789.0,0.0,0.047619,2598789.0,1.0,241723033.0,22619845.0,0.0,0.0,219103188.0,0.0,-2310817.0,16026451.115634,6745990.115634,8.334022313373913,0.0,0.0435070951637447,0.46493099311688474,0.0,8.334022313373913,0.006016575268309752,6.166892008406223,29.440039817394595,0.7085128618535627,0.0,0.0,0.0,0.010751102068126043,0.0,0.00056301626829248,-196.8029461359383,1.0,0.250006562541016,1.291585584754074,1.817659456468689,0.11995849881929897,0.22067442688463668,0.19167454730132044,0.0,1.8039812313174037,0.8186752645003003,-0.0033468937102926377,Banks—Regional,Financial Services,MNSB
2010Q1,2010,Q1,2010-03-31,2010-03-31,114204.0,2128978.0,0.0,0.038095,2128978.0,1.0,252276192.0,22592519.0,0.0,0.0,229683673.0,0.0,-2446911.0,17879218.477156002,3672089.477156002,8.351919673768025,0.0,0.0615562129620222,0.6873588111179634,0.0,8.351919673768025,0.005054947613411324,8.39802876176081,39.138774642648244,0.7913778218867937,0.0,0.0,0.0,0.008439076169343796,0.0,0.0004526943232122356,301.40795490746643,1.0,-0.6080903637751403,1.201412971870777,1.7459670063464177,0.10539227107303302,0.06548842814560057,-0.5641567759416861,0.0,1.8066050053818135,0.649078182483985,-0.009330897924867574,Banks—Regional,Financial Services,MNSB
2009Q4,2009,Q4,2009-12-31,2009-12-31,262030.0,1998124.0,0.0,0.09720352979058376,1998124.0,1.0,236063737.0,22338331.0,0.0,0.0,213725406.0,0.0,-2561115.0,12964956.894415999,33506623.894415997,8.28670237312682,0.0,0.08701746088176178,0.9195703564424755,0.0,8.28670237312682,0.011730061659485662,6.4885647209162185,12.369725694019769,0.5803905804071038,0.0,0.0,0.0,0.008464341136817639,0.0,0.0011099968310677045,-21.749050343248626,1.0,1.0412761668784258,7.450980934022685,0.4649585488792541,-0.331755739156165,0.18673739927018398,1.2100113861594906,0.0,6.0727959662053825,0.5873732984906629,-0.019575163191619338,Banks—Regional,Financial Services,MNSB
2009Q3,2009,Q3,2009-09-30,2009-09-30,118565.0,1683712.0,0.0,0.047619,1683712.0,1.0,212297263.0,21746152.0,0.0,0.0,190551111.0,0.0,-2823145.0,15403909.341624001,25175368.341624,8.067025660277688,0.0,0.09681786147191168,0.9451863943561142,0.0,8.067025660277688,0.00545222897365934,9.14877921023548,32.47988306334922,0.7083510379962397,0.0,0.0,0.0,0.007930917131041864,0.0,0.0005584857681372934,-9.24188351079886,1.0,0.6666900003500054,1.270490971316822,0.6358368233652288,-0.35256408413207824,0.030341527295869974,0.6559126269186184,0.0,0.5590823060606469,0.37842391364081557,-0.0392077093813203,Banks—Regional,Financial Services,MNSB
2009Q2,2009,Q2,2009-06-30,2009-06-30,71601.0,1634130.0,0.0,0.028571,1634130.0,1.0,204900094.0,21395813.0,0.0,0.0,183504281.0,0.0,-2941710.0,12909374.7248,18323382.724799998,7.939666394537628,0.0,0.10037412183910467,0.9612472776799834,0.0,7.939666394537628,0.0033464958774878056,7.899845621095017,45.07400289381433,0.6033598594640923,0.0,0.0,0.0,0.00797525256381776,0.0,0.00034944347072871524,-42.25433275114887,1.0,0.0,1.154509286084412,0.784483403470742,0.06696340878316616,-0.00969500547836289,0.07058911483253588,0.0,23.142482876335986,0.3872400750666868,-0.047643955236347804,Banks—Regional,Financial Services,MNSB
2009Q1,2009,Q1,2009-03-31,2009-03-31,66880.0,1650128.0,0.0,0.028571,1650128.0,1.0,199882007.0,21585025.0,0.0,0.0,178296982.0,0.0,-3013311.0,9022560.45736,12674408.45736,8.430148770375277,0.0,0.10295657577622783,0.9534001929578493,0.0,8.430148770375277,0.0030984444076390923,5.467794290721689,33.72667635077752,0.41800092690928087,0.0,0.0,0.0,0.008255510462229849,0.0,0.00033459740075553673,27.740982764763576,1.0,-0.24695131541155693,1.1246130187524637,1.2485513244673656,0.11574603908570706,0.1206789293388643,-0.3090266657023897,0.0,2.050173431103201,0.7456242459236541,-0.0013583454442443435,Banks—Regional,Financial Services,MNSB
2008Q4,2008,Q4,2008-12-31,2008-12-31,96791.0,1472436.0,0.0,0.037940442078608305,1472436.0,1.0,186326219.0,21428707.0,0.0,0.0,164897512.0,0.0,-3080191.0,12148238.70265,21488082.70265,8.399692293219083,0.0,0.11051406028906753,0.9609383804631796,0.0,8.399692293219083,0.004516884756509107,8.25043581021518,31.377500755881226,0.5669142194463717,0.0,0.0,0.0,0.007902462723187658,0.0,0.0005194706387510606,38.45365015288729,1.0,0.32793539178216746,3.517944245489774,0.14071123333186142,-0.32264416953110947,-0.055934088832609356,0.10829812327527967,0.0,3.517944245489774,0.14071123333186142,-0.32264416953110947,Banks—Regional,Financial Services,MNSB
2008Q3,2008,Q3,2008-09-30,2008-09-30,87333.0,1559675.0,0.0,0.028571,1559675.0,1.0,177342763.0,21158407.0,0.0,0.0,156184356.0,0.0,-3176982.0,14577886.44318,31010206.443180002,8.293739244962037,0.0,0.11618273365911187,0.9738052113280551,0.0,8.293739244962037,0.0041275791698306965,9.346746240838636,41.7307502409742,0.6889879017442098,0.0,0.0,0.0,0.008794692118335836,0.0,0.0004924531372052661,31.533936220354235,1.0,14.332570008,1.2105285686772984,0.6011892839832396,-0.33436871405130936,0.0922093837535014,16.4666,0.0,1.2105285686772984,0.6011892839832396,-0.33436871405130936,Banks—Regional,Financial Services,MNSB
2008Q2,2008,Q2,2008-06-30,2008-06-30,5000.0,1428000.0,0.0,0.0018634188518358403,1428000.0,1.0,175414000.0,20858000.0,0.0,0.0,154556000.0,0.0,0.0,17888267.56108,17888267.56108,7.773438082318391,0.0,0.0,0.0,0.0,7.773438082318391,0.0002397161760475597,12.526798011960786,894.4133780540001,0.857621419171541,0.0,0.0,0.0,0.008140741331934737,0.0,2.850399626027569e-05,730.2227848748827,1.0,1.048915050579757,1.0108360879567673,0.5661059400254408,0.04462499834771881,0.055175012746336814,1.0565457341898128,0.0,1.0108360879567673,0.5661059400254408,0.04462499834771881,Banks—Regional,Financial Services,MNSB
2008Q1,2008,Q1,2008-03-31,2008-03-31,-88424.0,1353330.0,0.0,-0.038095,1353330.0,1.0,160259406.0,21236682.0,0.0,0.0,139022724.0,0.0,-3269025.0,18315085.347984,36313238.347984,8.282275501226156,0.0,0.12872359579318546,0.9713931300567574,0.0,8.282275501226156,-0.004163738949427222,13.533347629908448,-51.78199738754185,0.8624268776065865,0.0,0.0,0.0,0.00844462134097764,0.0,-0.0005517554457926794,-441.18915395138873,1.0,-0.17064891742067798,0.8354804035814867,0.841489328835679,0.09617473390072843,-0.06594684580285863,-0.06676318011822897,0.0,0.8354804035814867,0.841489328835679,0.09617473390072843,Banks—Regional,Financial Services,MNSB
2007Q4,2007,Q4,2007-12-31,2007-12-31,-82890.0,1448879.0,0.0,-0.03254178040324483,1448879.0,1.0,146064459.0,21265640.0,0.0,0.0,124798819.0,0.0,-3180601.0,20013612.506741,26712238.506741,8.348676402635535,0.0,0.07724900415370724,0.5305899093561257,,8.348676402635535,-0.0038978370742662814,13.81317039362224,-60.36196316425685,0.9411243915885438,0.0,0.0,0.0,0.009919449330243985,0.0,-0.0005674891795546239,235.3158437006584,1.0,0.3166219281537867,-1.1596582489622855,0.12419893460928402,-0.32675811915295755,0.0014508080012164946,0.31704141914327383,0.0,-1.1596582489622855,0.12419893460928402,-0.32675811915295755,Banks—Regional,Financial Services,MNSB
2007Q3,2007,Q3,2007-09-30,2007-09-30,-121369.0,1446780.0,0.0,-0.047619,1446780.0,1.0,139496595.0,21259971.0,0.0,0.0,118236624.0,0.0,-3097711.0,23895038.982024003,27850894.982024003,8.346450810246754,0.0,0.04053265242782449,0.2659536553460021,,8.346450810246754,-0.005708803647944769,16.516014170795838,-49.21981515466059,1.1239450412243743,0.0,0.0,0.0,0.010371435947952708,0.0,-0.0008700499105372428,1069.7993813585244,1.0,0.23687499999999995,0.7069699273218897,0.48758852912649725,-0.3301382377910209,0.07932893876954203,0.2356682683527404,0.0,0.7069699273218897,0.48758852912649725,-0.3301382377910209,Banks—Regional,Financial Services,MNSB
2007Q2,2007,Q2,2007-06-30,2007-06-30,-158791.0,1340444.0,0.0,-0.0624,1340444.0,1.0,135261571.0,21290135.0,0.0,0.0,113971436.0,0.0,-2976342.0,25581790.593044996,29130929.593044996,8.362009068932132,0.0,0.04189413857983359,0.2661639768841297,,8.362009068932132,-0.007458430864811331,19.08456495985285,-40.27588243830727,1.2015795387415344,0.0,0.0,0.0,0.00991001353961799,0.0,-0.0011739550178668263,-87.0131891368508,1.0,-0.3104013104013103,0.637322895863773,0.5492922301568058,0.12371946844035539,0.1033359919861783,-0.19177568129451586,0.0,0.637322895863773,0.5492922301568058,0.12371946844035539,Banks—Regional,Financial Services,MNSB
2007Q1,2007,Q1,2007-03-31,2007-03-31,-133239.0,1214901.0,0.0,-0.047619,1214901.0,1.0,118980177.0,21460854.0,0.0,0.0,97519323.0,0.0,-2817551.0,30910796.064914998,34370920.064915,8.430584598099855,0.0,0.04773204363278095,0.26462912426504553,,8.430584598099855,-0.006208466820565482,25.443057553590783,-57.99877675627068,1.4403339244987639,0.0,0.0,0.0,0.01021095303968156,0.0,-0.0011198420052779044,-841.6826702495574,1.0,-4.46488930844732,0.750295410359577,0.6651527110802007,0.11580372170444454,0.023198602609495383,-4.812711039890116,0.0,0.750295410359577,0.6651527110802007,0.11580372170444454,Banks—Regional,Financial Services,MNSB
