Quarters,Year,Quarter,FillingDate,Date,NetIncome,Revenue,OperatingIncome,EPSDiluted,GrossProfit,GrossProfitRatio,TotalAssets,CommonStockEquity,CurrentAssets,CurrentLiability,TotalLiability,Inventory,RetainedEarnings,MarketCap,EnterpriseValue,bookValuePerShare,currentRatio,debtToAssets,debtToEquity,roic,shareholdersEquityPerShare,roe,priceToSalesRatio,peRatio,pbRatio,payoutRatio,inventoryTurnover,dividendYield,assetTurnover,quickRatio,returnOnAssets,priceToFreeCashFlowsRatio,grossProfitMargin,epsdilutedGrowth,fiveYNetIncomeGrowthPerShare,fiveYRevenueGrowthPerShare,fiveYShareholdersEquityGrowthPerShare,grossProfitGrowth,netIncomeGrowth,operatingIncomeGrowth,threeYNetIncomeGrowthPerShare,threeYRevenueGrowthPerShare,threeYShareholdersEquityGrowthPerShare,Industry,Sector,Symbol
2023Q1,2023,Q1,2023-05-10,2023-03-31,-1307666.0,2597598.0,-1342676.0,-0.0181,1889463.0,0.7273885336,12273353.0,9482816.0,11581290.0,2652955.0,3021478.0,2038298.0,-117718071.0,64893810.6,63088494.6,0.13151538368745447,4.365430246649491,0.03850919956429184,0.04984141841410821,-0.12761729068260616,0.13151538368745447,-0.13789848922514156,24.982237667260293,-12.40641926149338,6.843305891414533,0.0,0.34741485298028063,0.0,0.2116453425563495,2.8725462738719654,-0.10654513073974162,-32.3695420943944,0.7273885335606203,0.3345588235294117,0.66354539471807,-0.3063453119710649,-0.21116354888605518,0.7414325279607007,0.3189573010488028,0.3335328749831854,0.43639039279192676,-0.010944125222511519,10.517824835920267,Medical Instruments & Supplies,Healthcare,MLSS
2022Q4,2022,Q4,2023-03-30,2022-12-31,-1920094.0,2240937.0,-2014617.0,-0.0272,1085005.0,0.4841747001,13702086.0,10225710.0,12970504.0,3299675.0,3695652.0,1792335.0,-116410405.0,33891522.24,25673286.240000002,0.1448250322084087,3.930842886041807,0.03627498761867354,0.04860718717820083,-0.17352798903381197,0.1448250322084087,-0.18777121588623186,15.123817510264681,-4.412742584477635,3.314344161921275,0.0,0.644930774659871,0.0,0.16354714165419776,2.8514917378226645,-0.1401315099029447,-30.969941809462544,0.48417470013659464,0.007299270072992783,0.471748765859705,-0.5019245858592358,-0.3049323957550966,-0.2531294420524046,0.012191125486227685,-0.0005572400229451774,0.5276999787092779,-0.3140400482192918,3.246769364629768,Medical Instruments & Supplies,Healthcare,MLSS
2022Q3,2022,Q3,2022-11-14,2022-09-30,-1943791.0,2215699.0,-2013495.0,-0.0274,1452735.0,0.6556553936,15278459.0,11387450.0,14514945.0,3675462.0,4097580.0,1551842.0,-114436281.0,56070581.800000004,46779112.800000004,0.16044216434365588,3.949148433584676,0.034048198185432185,0.04568222033905747,-0.15861259376657824,0.16044216434365588,-0.17069589767682844,25.30604644403414,-7.21149827836429,4.923892688881181,0.0,0.491650567519116,0.0,0.1450211045498764,2.966539172490424,-0.12722428354849138,-49.12891215680433,0.6556553936252172,0.32512315270935954,0.3483241349075027,-0.6327378489509172,-0.38698835535284193,1.1343410984826225,0.31999163191919067,0.3020521831244915,0.5393170582222251,-0.21583707691686002,6.638132258056083,Medical Instruments & Supplies,Healthcare,MLSS
2022Q2,2022,Q2,2022-08-15,2022-06-30,-2858481.0,1648368.0,-2884879.0,-0.0406,680648.0,0.4129223571,16512466.0,12868552.0,15713681.0,3389138.0,3836805.0,1505435.0,-112464478.0,64411646.738,53995355.738,0.18290417886567772,4.636483082128848,0.03287461727400377,0.042183533936063666,-0.20509924440545266,0.18290417886567772,-0.2221291874952209,39.07601138702037,-5.6333806957261565,5.005353107171654,0.0,0.6428175245028845,0.0,0.09982567110206313,3.55678966155996,-0.1731104851328687,-28.083734887774753,0.41292235714355047,-0.4710144927536231,0.10986179346404808,-0.6992215207475927,-0.19443299763112964,-0.5954365897816606,-0.4993619080339791,-0.5068710456034344,-0.7700796865141576,-0.5292551257822715,8.524026012137615,Medical Instruments & Supplies,Healthcare,MLSS
2022Q1,2022,Q1,2022-05-16,2022-03-31,-1906465.0,2700902.0,-1914483.0,-0.0276,1682426.0,0.6229126418,19065176.0,14935955.0,18227602.0,3826606.0,4299264.0,1799908.0,-109605997.0,104899761.52,92209972.52,0.21642233758245058,4.76338614427511,0.02963444974229454,0.037827243052084715,-0.11837191388131646,0.21642233758245058,-0.1276426582699265,38.838788493621756,-13.755794299921583,7.023304604225173,0.0,0.5658489211670819,0.0,0.14166677506674996,3.812349899623844,-0.09999724104304099,-69.58487883314716,0.6229126417767101,-0.23766816143497754,-0.7511839857830624,-0.6604667042321957,-0.19122250165722704,-0.05482534988449542,-0.22985522728709534,-0.7139246761687602,-0.4304386022584046,-0.1720606580699602,2.1917289477549744,Medical Instruments & Supplies,Healthcare,MLSS
2021Q4,2021,Q4,2022-03-31,2021-12-31,-1550154.0,2846033.0,-1117017.0,-0.0223,1780016.0,0.6254375828,19809744.0,16367923.0,18933751.0,3097320.0,3594362.0,1541513.0,-107704274.0,143322017.70000002,129144259.70000002,0.23525988484601135,6.112946353621841,0.029611084322947335,0.035837656372161575,-0.06387596621138818,0.23525988484601135,-0.0947068238285334,50.35852279295427,-23.11415796430548,8.756273945081487,0.0,0.6915394161450471,0.0,0.14366833816731805,5.071357819017732,-0.0782520965440038,-372.98285193059894,0.625437582768717,0.25666666666666665,0.5899073578055167,-0.13199095254018842,-0.11421308864148123,0.3086082121043701,0.24131328837459934,0.4361122932211835,-6.0207746629292815,-0.5597076694793262,5.193450068995355,Medical Instruments & Supplies,Healthcare,MLSS
2021Q3,2021,Q3,2021-11-12,2021-09-30,-2043207.0,2108233.0,-1980921.0,-0.03,1360236.0,0.645201929767725,20077487.0,16164005.0,19159331.0,3529243.0,4049448.0,1676532.0,-106582501.0,130102996.65,116219283.65,0.23232892499252053,5.428736700759908,0.030234461115576865,0.03755455408483232,-0.11398970737197556,0.23232892499252053,-0.12640474931800627,61.71186801933183,-15.918969131615153,8.048933209931574,0.0,0.4461573056762412,0.0,0.10500482455797382,4.380217514067464,-0.10176607261655804,-83.12621261802565,0.645201929767725,0.25000000000000006,0.49670549587742696,-0.7227512742476919,-0.025710693475823134,-0.006658614207867359,0.2377424390069197,0.3104016191761251,0.7620891288022179,-0.33526657185171915,8.029558653131833,Medical Instruments & Supplies,Healthcare,MLSS
2021Q2,2021,Q2,2021-08-13,2021-06-30,-2680468.0,2425738.0,-2872572.0,-0.04,1369354.0,0.5645102645050702,21059666.0,17691909.0,20105174.0,2948655.0,3491496.0,1479391.0,-104539294.0,169590947.75,154240628.75,0.25558661959892254,6.818421958486157,0.029773074273827516,0.03544055081902128,-0.15162430768177598,0.25558661959892254,-0.1515081272461892,69.91313478619702,-15.817288972485404,9.585791321332255,0.0,0.7140668018123674,0.0,0.11518406797144835,5.694009980821765,-0.12727970139697373,-152.83213949380664,0.5645102645050702,-3.0,0.36577250102509995,-0.6159837396833777,-0.21201680834332323,-0.24021608017337903,-1.7552198703011401,-1.9181743099414552,-0.017758433934074665,-0.49064743109237274,0.7445245182970033,Medical Instruments & Supplies,Healthcare,MLSS
2021Q1,2021,Q1,2021-05-14,2021-03-31,-972869.0,2924707.0,-984373.0,-0.01,1802294.0,0.6162306172891848,22641034.0,19144503.0,21659337.0,3038979.0,3603944.0,2020549.0,-101858826.0,237685012.95,221657020.95,0.28754810773188044,7.1271756073339105,0.0407542341043258,0.04819754265754509,-0.04753470182997103,0.28754810773188044,-0.050817145788532615,81.26797417655854,-61.078370507745646,12.415313834472485,0.0,0.5554990252649156,0.0,0.12917727167407636,5.987790965320919,-0.04296928311666331,-244.0974530413975,0.6162306172891848,-580.8634232246293,0.5595329620564832,-0.721743842184475,-0.3500687920179631,0.29788519550437514,-859.0752866124915,0.17618313941080918,0.7289114370899564,-0.15417418826990942,0.7247292481524691,Medical Instruments & Supplies,Healthcare,MLSS
2020Q4,2020,Q4,2021-03-31,2020-12-31,-1131.144,2212066.0,-1194893.0,-1.7186163626819838e-05,1388639.0,0.6277565859246514,18884118.0,16201394.0,18554869.0,2877894.0,3464482.0,0.0,0.0,139532319.84,125316198.84,0.24615770252644859,6.447377492013257,0.00041283368383951,0.000481193161526718,2.382022440477454,0.24615770252644859,-6.981769593406592e-05,63.07782852772024,-30838.76143090535,8.612365074264599,0.0,0.0,0.0,0.1171389630164353,5.317976617623859,-5.989922325204704e-05,-218.4397462615535,0.6277565859246514,0.999140691818659,0.9997236352770241,-0.6953943812895489,-0.4601130218814281,0.6600804075128304,0.9992413465156349,0.19085098948486112,0.999666153513128,-0.4725583486587597,0.18139966518546502,Medical Instruments & Supplies,Healthcare,MLSS
2020Q3,2020,Q3,2020-11-16,2020-09-30,-1490989.0,1246110.0,-1476728.0,-0.02,836489.0,0.6712802240572662,19945621.0,15922978.0,18891789.0,3494000.0,4101031.0,2229760.0,-99806352.0,91485813.47999999,77996958.47999999,0.24192755770640387,5.406923010875787,0.013846648344516323,0.017344745436437832,-0.08893165715248826,0.24192755770640387,-0.09363757206723516,73.41712487661601,-15.339786792524961,5.745521565124312,0.0,0.18370631816877153,0.0,0.06247536740019275,4.410957641671437,-0.07475269885053967,-40.83103527411245,0.6712802240572662,0.6666666666666666,0.6908007107521229,-0.835156590144702,-0.5331056267072407,6.465452306154505,0.5291312328199531,0.5345795158357207,0.4609543733928922,-0.7772637977957267,-0.0756518983537568,Medical Instruments & Supplies,Healthcare,MLSS
2020Q2,2020,Q2,2020-08-14,2020-06-30,-3166464.0,167674.0,-3172890.0,-0.06,112048.0,0.6682491024249436,20963688.0,17035952.0,19881055.0,3368087.0,3995099.0,1852453.0,-98315363.0,110554846.35,94916530.35,0.3004853020629249,5.902773592249844,0.012979538714752862,0.015972045471835093,-0.17626412220101967,0.3004853020629249,-0.18586950702843022,659.3440029461932,-8.728572814186423,6.489502104138354,0.0,0.030028292215780912,0.0,0.007998306404865404,4.963500942820064,-0.15104517869184086,-35.121461989474504,0.6682491024249436,-1.0,0.39632234808547795,-0.9624934106246488,-0.46396562063935165,-0.9127444445136652,-0.9787741022300128,-0.9724469509625104,-0.2236566282498055,-0.9620316968009374,0.3234309108732895,Medical Instruments & Supplies,Healthcare,MLSS
2020Q1,2020,Q1,2020-05-15,2020-03-31,-1600215.0,1811386.0,-1608606.0,-0.03,1284136.0,0.7089245472803698,6374601.0,567841.0,5261182.0,5240233.0,5886772.0,1722825.0,-95124512.0,62162815.0,62115139.0,0.01141842192957317,1.0039977230020116,0.0,0.0,-1.2509177576983508,0.01141842192957317,-2.8180687903832236,34.317817958182296,-9.711634842817997,109.47222021657471,0.0,0.30603804797353185,0.0,0.28415676526264155,0.3922560313634909,-0.2510298291610722,-63.48216483169716,0.7089245472803698,0.4789653958501842,-0.7145776157527188,-0.7061805071146592,-0.9821700110723489,-0.16578197383405366,0.44114004685411107,-0.42829262575427707,-1.0398185194690617,-0.683994382916184,-0.9573289761750947,Medical Instruments & Supplies,Healthcare,MLSS
2019Q4,2019,Q4,2020-03-30,2019-12-31,-2863356.0,2300921.0,-1126244.0,-0.057577749656285676,1539329.0,0.6690055851548141,6556289.0,1695921.0,6093148.0,4927642.0,4927642.0,1620509.0,-93524297.0,69125050.28,67624755.28,0.03410240108978334,1.2365240819036774,0.0,0.0,-0.657497201476075,0.03410240108978334,-1.68837817327576,30.042339689194023,-6.035317498068699,40.75959333011384,0.0,0.4699708548363508,0.0,0.35094868453785366,0.6548643347061333,-0.4367342562232995,-137.26127036826702,0.6690055851548141,0.04037083906190536,0.06010035883792263,-0.6128002773362541,-0.9479747884446166,0.11857727615250965,-0.009298633474516527,-0.18960975310910985,-0.05975997325026926,-0.018227051348166195,-0.8715996118462747,Medical Instruments & Supplies,Healthcare,MLSS
2019Q3,2019,Q3,2019-11-14,2019-09-30,-2836976.0,1899821.0,-946734.0,-0.06,1376149.0,0.7243571894404789,6242520.0,-1357999.0,5755787.0,7647264.0,7647264.0,1617062.0,-90660941.0,39609037.559999995,37952605.559999995,-0.02845661595015034,0.7526596440243203,0.0,0.0,0.7267975068060023,-0.02845661595015034,2.089085485335409,20.848826052559687,-3.4904276208187874,-29.16720672106533,0.0,0.32384163377780195,0.0,0.304335588832715,0.3858255710800621,-0.45446005779717163,-60.4516010066863,0.7243571894404789,-1.9999999999999996,-2.5138069803170935,-0.6672506495780753,-1.0394897035682171,-0.08602095548288202,-1.7244978315233885,0.14541658429850762,-0.018814172616400775,-0.6357553920820969,-1.119335018749772,Medical Instruments & Supplies,Healthcare,MLSS
2019Q2,2019,Q2,2019-08-14,2019-06-30,-1041284.0,2257851.0,-1107831.0,-0.02,1505668.0,0.6668588848422682,6788289.0,871236.0,6296499.0,5950857.0,5950857.0,1270480.0,-87823965.0,17243706.6837,14998943.683699999,0.01920450223808512,1.0580827265719879,0.0,0.0,-1.163949503061646,0.01920450223808512,-1.1951801808006097,7.6372208279908635,-4.140010478337322,19.792233888062476,0.0,0.5920463132044581,0.0,0.3326097342054824,0.6715859581233425,-0.15339417635283353,-42.883271866513475,0.6668588848422682,0.0,-1.7423455958893457,-0.5980562985871873,-0.9746107705737713,0.16069271477742703,-0.330285965414333,-0.35401702068368734,0.6240695866286049,-0.4546129437638851,-0.9407917950028402,Medical Instruments & Supplies,Healthcare,MLSS
2019Q1,2019,Q1,2019-04-01,2019-03-31,-782752.0,1915909.0,-818181.0,-0.02,1297215.0,0.6770754769668079,7961631.0,2748347.0,7314404.0,5219205.0,5235129.0,1861291.0,-86782681.0,14596298.13144,11986580.13144,0.06780724213272545,1.401440257663763,0.0,0.0,-0.2858844749570208,0.06780724213272545,-0.2848082865809885,7.618471509575873,-4.661852710513674,5.310937131097346,0.0,0.33240046827712594,0.0,0.24064277784288168,0.8243489190403519,-0.0983155335885323,-63.94172875452853,0.6770754769668079,-5.506834122801166,-2.76309313678202,-0.6791875757638431,-0.7949533453158357,-0.3177188552409915,-5.351813552160473,-31.197906418480187,0.41786818763379413,-0.7005837301615728,-0.8467385400764136,Medical Instruments & Supplies,Healthcare,MLSS
2018Q4,2018,Q4,2019-04-01,2018-12-31,179868.0,3765725.0,-25411.0,0.0044377049287914,1901291.0,0.5048937455602839,6400968.0,1539610.0,5856260.0,4872760.0,4872760.0,1921051.0,-85999929.0,13440332.2792,12696903.2792,0.037985271896149,1.201836330950016,0.0,0.0,-0.020822702966293613,0.037985271896149,0.11682698865297056,3.569122089159458,18.68082743901083,8.729699260981677,0.0,0.9705281119553828,0.0,0.5883055500355571,0.5791143007248459,0.028100124856115512,40.901802432136336,0.5048937455602839,1.0369808744065951,-0.9227379358348211,-0.4096736518900968,-0.8775948596323792,16.81707083731958,1.0409458792216304,0.9944121928586193,1.0713611903112632,-0.1579615929029568,-0.9166885559682182,Medical Instruments & Supplies,Healthcare,MLSS
2018Q3,2018,Q3,2018-11-14,2018-09-30,-4392823.0,1622246.0,-4547580.0,-0.12,-120205.0,-0.0740978865104306,7625221.0,915647.0,7055225.0,6579274.0,6579274.0,2245958.0,-86179797.0,26156441.325,25741612.325,0.025729820683089426,1.0723409604159972,0.0,0.0,-4.968292272461925,0.025729820683089426,-4.7975071179177124,16.123597361312648,-1.4885895314357078,28.566075490882405,0.0,0.7758163776882738,0.0,0.2127474075833343,0.40855419610127197,-0.5760912372244686,-59.06988702702092,-0.0740978865104306,-1.9999999999999996,-10.791574828166445,-0.6767140300883776,-0.8824408193464668,-1.0854381008227163,-2.270886153236729,-2.191985327303471,-0.684827291216505,-0.6031014093080774,-0.9503441913907763,Medical Instruments & Supplies,Healthcare,MLSS
2018Q2,2018,Q2,2018-08-14,2018-06-30,-1343007.0,2428498.0,-1424687.0,-0.04,1406925.0,0.5793395753259833,13429489.0,5171422.0,10976690.0,8109980.0,8109980.0,2310330.0,-81784998.0,27885345.740000002,27019691.740000002,0.14650789766395775,1.3534792934137938,0.0,0.0,-0.27628038986282355,0.14650789766395775,-0.2596978161905952,11.482548365285869,-5.190841473648313,5.392200779592151,0.0,0.44217622590712147,0.0,0.18083323944790453,0.6811100643898013,-0.10000432630012951,-28.495607673945212,0.5793395753259833,0.3333333333333333,-9.608523690496039,-0.4943218722134973,-0.07845100208143423,0.13194317615889564,0.2833389719623176,0.2882500994170861,0.5887527074171485,-0.12748313392631436,-0.7386452200604232,Medical Instruments & Supplies,Healthcare,MLSS
2018Q1,2018,Q1,2018-04-02,2018-03-31,-1873978.0,1805605.0,-2001668.0,-0.06,1242929.0,0.6883725953350815,14352140.0,5796215.0,11007378.0,7000588.0,8400588.0,3265058.0,-80442262.0,25031530.08,22937292.08,0.16672072329027998,1.5723504939870765,0.0,0.0,-0.34731933230628204,0.16672072329027998,-0.32331064323873426,13.86323702027852,-3.3393575164703106,4.3185993066164725,0.0,0.17233262012497175,0.0,0.12580737088685032,0.7361558771920301,-0.1305713294324052,-46.122535239295544,0.6883725953350815,-0.16551835809687285,-6.846983300431411,-0.6588727181937833,0.12750950510505613,0.01609577842451195,-0.04707419227949722,-0.1487986978887179,-1.8721628456605481,-0.5810539443074211,-0.7396637934199385,Medical Instruments & Supplies,Healthcare,MLSS
2017Q4,2017,Q4,2018-04-02,2017-12-31,-1789728.0,2215336.0,-1742401.0,-0.051479240617000266,1223240.0,0.5521690614877383,15628787.0,7243884.0,12020401.0,6728159.0,8128159.0,3379209.0,-78568284.0,41058662.534,38421706.534,0.20836107354728672,1.7865809948902813,0.0,0.0,-0.24063824026014421,0.20836107354728672,-0.2470674571818102,18.533830775105898,-5.735321587135029,5.668045282613582,0.0,0.29358823322262695,0.0,0.14174714902698463,0.9509167366585718,-0.11451483726792105,124.62449814392687,0.5521690614877383,-0.28698101542500665,-1.301620259941441,-0.5411200018831945,0.759374940742963,-0.32390523707588625,-0.2684640959473146,-0.23259222683532269,0.15965246866968105,-0.4667403859993321,-0.6821329705593094,Medical Instruments & Supplies,Healthcare,MLSS
2017Q3,2017,Q3,2017-11-14,2017-09-30,-1410941.0,2853813.0,-1413607.0,-0.04,1809273.0,0.6339844271506226,15541646.0,8787163.0,11592624.0,5053894.0,6453894.0,4165721.0,-76778556.0,41967095.0,39659598.0,0.26172775956972955,2.293800384416452,0.0,0.0,-0.16161002555391912,0.26172775956972955,-0.16056843374818472,14.705621917063242,-7.436011675895733,4.775954992527168,0.0,0.2507465094277797,0.0,0.18362360074344763,1.0922138454031682,-0.09078452822821985,-54.99308771460844,0.6339844271506226,0.20000000000000004,-46.05915357011175,-0.35149076405853236,1.1677006805661392,0.09642011339478986,0.04590401163085558,0.08942596630454737,-1.483981720424765,-0.28952737837120474,-0.6367961791701506,Medical Instruments & Supplies,Healthcare,MLSS
2017Q2,2017,Q2,2017-08-14,2017-06-30,-1478825.0,2523750.0,-1552435.0,-0.05,1650164.0,0.6538539871223378,13096766.0,7356427.0,11499244.0,4035643.0,5435643.0,4498371.0,-75365184.0,48599995.5,45654364.5,0.2270502370725528,2.849420526047522,0.0,0.0,-0.21166558131360583,0.2270502370725528,-0.20102489972373816,19.25705616641902,-8.21598152249252,6.606467446764578,0.0,0.19420052281147998,0.0,0.19270024370901948,1.2939107844772195,-0.11291528000118503,-401.9052917534981,0.6538539871223378,-1.5,-3.431603477547343,-0.4652230611622161,0.9179443513996317,-0.27836540206576893,-1.9291319711290873,-1.951778937201007,-4.45327702714358,-0.37092262174316354,-0.69982921250192,Medical Instruments & Supplies,Healthcare,MLSS
2017Q1,2017,Q1,2017-05-15,2017-03-31,-504868.0,3688988.0,-525932.0,-0.02,2286703.0,0.6198727130584323,12149255.0,8564159.0,11337436.0,3622107.0,3622107.0,4533834.0,-73886359.0,43206139.800000004,40264584.800000004,0.2675919372459189,3.130066560706241,0.0,0.0,-0.062250926244010296,0.2675919372459189,-0.05895126421636964,11.712193100113094,-21.394770415237254,5.044995054388879,0.0,0.3092934148008066,0.0,0.30363902971828316,1.449689365885657,-0.04155546986214381,-49.43437695220879,0.6198727130584323,0.6318855878958177,0.31876720670418296,-0.07983358841854343,1.2119414950723486,1.267884097756814,0.7096519110186866,0.7126097046655596,-2.4401664831934373,-0.21771080858382588,-0.19081163269653975,Medical Instruments & Supplies,Healthcare,MLSS
2016Q4,2016,Q4,2017-03-31,2016-12-31,-1738837.0,1508279.0,-1830027.0,-0.05433093446593903,1008298.0,0.6685089429740784,13550650.0,8500223.0,12713812.0,5014321.0,5014321.0,4602719.0,-73381491.0,44806367.199999996,41204138.199999996,0.26559422117131604,2.535500220269105,0.0,0.0,-0.20362222745199152,0.26559422117131604,-0.20456369203490307,29.706948913297868,-6.44200221182319,5.271199026190254,0.0,0.10862731355096845,0.0,0.11130676388217539,1.2959327893048729,-0.1283212982403058,-35.013262670772846,0.6685089429740784,-0.0866186893187805,-1.0573898405176678,-0.5850714788053009,1.1038815635068098,-0.3958796550102305,-0.02209375459221161,-0.16697285967262748,-1.945921419341586,-0.7005605363933699,-0.14413939138869833,Medical Instruments & Supplies,Healthcare,MLSS
2016Q3,2016,Q3,2016-11-09,2016-09-30,-1701250.0,3186596.0,-1568183.0,-0.05,1669035.0,0.5237673680629737,11618143.0,6952468.0,10740743.0,4396504.0,4396504.0,4319255.0,-71642654.0,62976337.92,60653632.92,0.23845989423959188,2.4430190442224093,0.0,0.0,-0.2279328853513315,0.23845989423959188,-0.24469727872174313,19.762887394574022,-9.254421443056577,9.058126973040366,0.0,0.3513478597582222,0.0,0.27427756742191933,1.1090382267365162,-0.14643045794840018,-57.464618989611424,0.5237673680629737,0.1666666666666666,-0.38439982000129186,-0.05337750436018495,0.6886025614357251,0.05507649302203856,-0.07209994208612217,0.22306561951304582,-5.628546663406476,-0.22488736253531447,0.08951982723917713,Medical Instruments & Supplies,Healthcare,MLSS
2016Q2,2016,Q2,2016-08-11,2016-06-30,-1586839.0,2371710.0,-2018424.0,-0.06,1581909.0,0.6669909052961787,12602221.0,8429951.0,11693684.0,3990639.0,3990639.0,4268768.0,-69813638.0,72771599.6,69587872.6,0.32435542065506556,2.9302785844572763,0.0,0.0,-0.24142567993697367,0.32435542065506556,-0.1882382234487484,30.68317779155124,-11.464868143523066,8.632505645643729,0.0,0.1850184877697734,0.0,0.18819777878835803,1.4619365470041263,-0.12591740773312896,-44.223591068696074,0.6669909052961787,-1.0,-2.0821843187022075,-0.4427653837218172,1.3130240999289353,-0.2813372257839417,-1.1156189046461678,-1.1395480968594047,-14.81428210521406,-0.3292772206674562,1.0402273026928086,Medical Instruments & Supplies,Healthcare,MLSS
2016Q1,2016,Q1,2016-04-06,2016-03-31,-750059.0,3569374.0,-943388.0,-0.03,2201184.0,0.6166862872873506,11606985.0,10003021.0,10656290.0,3241523.0,3241523.0,3898237.0,-68185043.0,35044490.95,32372712.950000003,0.4424285281278997,3.287433098577428,0.0,0.0,-0.09898765866603247,0.4424285281278997,-0.07498324756091185,9.818105625804414,-11.680578111188586,3.5033907206632877,0.0,0.3509766081436301,0.0,0.30751948072647634,1.5421985282843897,-0.06462134654262067,-24.882661017189843,0.6166862872873506,0.5175804286922376,-2.4840305578460966,-0.03197155480704303,1.8768083790166872,0.26174887506806915,0.46652873370284575,-0.2808043890577673,-4.598567347226179,0.03693755531660723,1.9920837730850327,Medical Instruments & Supplies,Healthcare,MLSS
2015Q4,2015,Q4,2016-04-06,2015-12-31,-1405997.0,2494648.0,-736559.0,-0.06218653177497503,1744550.0,0.6993170980434915,12809327.0,10308575.0,11824151.0,3643835.0,3643835.0,4258094.0,-67434984.0,53131970.15,48937586.15,0.4559430260464377,3.2449743196385126,0.0,0.0,-0.07177222816536413,0.4559430260464377,-0.13639101427694905,21.29838363969586,-9.44738327144368,5.154152746621138,0.0,0.17615815902608067,0.0,0.19475246435663637,1.659330073946817,-0.10976353402485549,67.41686152077563,0.6993170980434915,0.11162097464321391,-2.132987099905318,-0.19615191750473965,1.9082585383228423,0.04735443271278336,0.10400509303454877,0.11827039217963098,-1.7803397974271633,-0.20542363926562437,2.8499260959632564,Medical Instruments & Supplies,Healthcare,MLSS
2015Q3,2015,Q3,2015-11-12,2015-09-30,-1569202.0,2459958.0,-835357.0,-0.07,1665673.0,0.6771144060183142,14064771.0,11098098.0,13271491.0,2131787.0,2131787.0,2804906.0,-66028987.0,65753705.15,61362922.15,0.51816336101936,6.225523938367201,0.0,0.0,-0.07658845558386787,0.51816336101936,-0.14139377756440788,26.72960479406559,-10.475659785993136,5.924772438484504,0.0,0.2831770476443774,0.0,0.17490210114334603,4.140230238762128,-0.1115696800182527,-48.36737504634179,0.6771144060183142,0.22222222222222213,-0.8660792618062627,-0.1141046138907087,1.7389741308362596,0.39266824410758927,0.24300983767569775,0.4090933848864706,-79.55431922133226,-0.12373515911376261,3.2915702643565234,Medical Instruments & Supplies,Healthcare,MLSS
2015Q2,2015,Q2,2015-08-13,2015-06-30,-2072949.0,1766759.0,-1413687.0,-0.09,1196030.0,0.6769627323251218,15340274.0,12560095.0,14409204.0,1939638.0,1939638.0,3240398.0,-64459785.0,76180049.8,74732723.8,0.56057095147764,7.428810943072882,0.0,0.0,-0.11328348408428557,0.56057095147764,-0.16504246186036015,43.11852935233385,-9.187400389493423,6.065244713515304,0.0,0.17612929029088403,0.0,0.11517128051298171,5.143206103406924,-0.13513115867421924,-43.06651097607374,0.6769627323251218,-3.4999999999999996,-8.589509447461353,-0.6375348053489794,1.5850248559540743,-0.3489420028567447,-3.942948435171386,-18.87106250790661,-7.982875135227852,-0.4586398471356761,3.735268739674117,Medical Instruments & Supplies,Healthcare,MLSS
2015Q1,2015,Q1,2015-04-01,2015-03-31,-419375.0,2770204.0,-71143.0,-0.02,1837056.0,0.6631482735567489,16653549.0,14310573.0,15068461.0,1856707.0,1856707.0,2766013.0,-62386837.0,67038342.0,57706937.0,0.640405441411424,8.115691382646805,0.0,0.0,-0.004971359287989377,0.640405441411424,-0.029305255631622857,24.199785286570954,-39.963244113263784,4.68453233843257,0.0,0.3373621165193367,0.0,0.1663431620491224,6.117783796797233,-0.025182319996776663,-98.06489938737178,0.6631482735567489,0.6735198416843753,-4.102890112322371,-0.3287653891683858,2.0397095320899714,0.10372738464237499,0.6936433413129123,0.9291914993570374,0.18954309500628783,-0.010352404273357868,4.293654898974937,Medical Instruments & Supplies,Healthcare,MLSS
2014Q4,2014,Q4,2015-04-01,2014-12-31,-1368911.0,2670226.0,-1004724.0,-0.061259465516017686,1664411.0,0.6233221457659389,17477428.0,14647824.0,15582334.0,2435076.0,2435076.0,2497099.0,-61967462.0,51396062.199999996,41028069.199999996,0.6554975956893445,6.399116085083176,0.0,0.0,-0.06859203114401156,0.6554975956893445,-0.09345490497428151,19.247832280863115,-9.386304551574206,3.5087847997081334,0.0,0.40279340146305775,0.0,0.15278140467807963,4.8908005335357085,-0.07832451090629583,147.91468122519575,0.6233221457659389,-2.062973275800884,-14.850512704560263,-0.3086073460097519,2.4436935560776116,-0.024121809244162594,-2.8185472398114313,-5.194123521941235,-1.3197576707834906,0.05208132622251724,4.192467292442706,Medical Instruments & Supplies,Healthcare,MLSS
2014Q3,2014,Q3,2014-11-13,2014-09-30,-358490.0,2535098.0,-162206.0,-0.02,1705552.0,0.6727755692284875,17269807.0,15269150.0,15610634.0,2000657.0,2000657.0,2241466.0,-60598551.0,39200103.25,38418606.25,0.7206084973768532,7.8027537953782184,0.0,0.0,-0.010623119165113971,0.7206084973768532,-0.023478058700058615,15.462953799024731,-27.336957272169382,2.5672747500679476,0.0,0.3700908244871883,0.0,0.14679364974953107,5.95089862980011,-0.020758193765570164,-178.239810347885,0.6727755692284875,-1.0,0.38872286425350105,-0.1548901002791151,11.608896184678075,0.0696294698236341,-1.1155219318175111,-4.414359989054245,0.5985988515915497,0.03622182682966583,4.10283441307034,Medical Instruments & Supplies,Healthcare,MLSS
2014Q2,2014,Q2,2014-08-14,2014-06-30,-169457.0,2506932.0,47507.0,-0.01,1594526.0,0.636046769517482,17261868.0,15314358.0,15644362.0,1947510.0,1947510.0,1964390.0,-60240061.0,38467933.9,37346212.9,0.7564035093654978,8.033007275957505,0.0,0.0,0.003102121551553124,0.7564035093654978,-0.011065236949534547,15.344625981079663,-56.75176283658981,2.5118868123626203,0.0,0.4644729407093296,0.0,0.1452294734266303,6.194373841469363,-0.009816840216829372,-315.5359469457728,0.636046769517482,-2.0,0.8334806103533607,-0.20596393223485088,17.15619454718041,-0.08246515639844243,-1.86975065953581,-0.8557105889785207,0.5774832950473593,-0.24390270095887714,4.394019754316983,Medical Instruments & Supplies,Healthcare,MLSS
2014Q1,2014,Q1,2014-05-13,2014-03-31,194834.0,2620834.0,329248.0,0.01,1737837.0,0.6630854911070293,8090623.0,5882131.0,6371166.0,2208492.0,2208492.0,1744946.0,-60070604.0,28459763.200000003,27060916.200000003,0.33069177469473815,2.8848490282056716,0.0,0.0,0.05597427190927914,0.33069177469473815,0.033123029731911786,10.859048379256375,36.51796298387345,4.838342294654778,0.0,0.5060311321954949,0.0,0.3239347575582251,1.186430378738071,0.024081458251113665,104.49625190929386,0.6630854911070293,-0.8258963464111592,1.2429663925669265,-0.1674552099869761,2.8883242180033957,-0.05268296299284322,-0.8092953282572458,-0.006970101852159042,2.150344800660944,-0.09653291375084772,1.1502611333388146,Medical Instruments & Supplies,Healthcare,MLSS
2013Q4,2013,Q4,2014-03-13,2013-12-31,1021653.0,2799447.0,331559.0,0.05743704852751551,1834483.0,0.6553019221296206,8055345.0,5519845.0,4879635.0,2535500.0,2535501.0,1321652.0,-60265438.0,30238498.4,29091300.4,0.3103241561756916,1.9245257345691185,0.0,0.0,0.06006672288805211,0.3103241561756916,0.18508726241407142,10.80159702969908,7.399405277525735,5.478142665237883,0.0,0.7301195776195246,0.0,0.3475266422480974,1.057012029185565,0.12682920470817824,37.29009210764842,0.6553019221296206,4.74370485275155,7.105451408755778,0.05781376541966048,1.7611121605184519,0.03854160120878418,3.675265303881056,-0.24001769538269704,3.893705870983413,0.14660468925284367,0.9794202900119949,Medical Instruments & Supplies,Healthcare,MLSS
2013Q3,2013,Q3,2013-11-12,2013-09-30,218523.0,2444195.0,436272.0,0.01,1766403.0,0.7226931566425756,6347527.0,3793827.0,3597904.0,2553700.0,2553700.0,874559.0,-61287091.0,23400820.35,22998984.35,0.21886696164478694,1.4088984610565063,0.0,0.0,0.11499522777396018,0.21886696164478694,0.057599621701253115,9.574039857703662,26.771575932510537,6.168130584235919,0.0,0.7750100336283773,0.0,0.38506256058461824,0.8242671417942593,0.03442647821742231,54.11920690388859,0.7226931566425756,1.3046784973496197,1.8580231982407591,-0.014370790702977015,1.4288364782983922,0.15140597877489934,1.9526544068964586,1.887058029421691,1.3210945453657004,0.08761487652363961,0.1569149637683576,Medical Instruments & Supplies,Healthcare,MLSS
2013Q2,2013,Q2,2013-08-08,2013-06-30,74009.0,2278235.0,151113.0,0.004339,1534127.0,0.6733840012114641,5637785.0,2662113.0,2759519.0,2525672.0,2975672.0,857120.0,-61505614.0,22605683.85,22884043.85,0.15898004120764522,1.0925880320168255,0.0798185812335873,0.16903865463261702,0.04855639881970867,0.15898004120764522,0.027800848423789673,9.922454816996492,76.36126636625276,8.491631966787285,0.0,0.8681491506440172,0.0,0.4041010787037817,0.4880978210947423,0.013127318618925694,273.91200487101503,0.6733840012114641,-0.5661,1.114239091830009,0.07348831252732141,0.5466852426471653,-0.08546771115809905,-0.509048332957425,-0.09923641370759592,-0.6374331622335807,-0.37458834321736656,-0.2668771775649911,Medical Instruments & Supplies,Healthcare,MLSS
2013Q1,2013,Q1,2013-05-07,2013-03-31,150746.0,2489542.0,167761.0,0.01,1677499.0,0.6738183167827657,5830355.0,2417895.0,2662344.0,2962460.0,3412460.0,625549.0,-61579622.0,16678931.88,17007327.880000003,0.14786635725500666,0.8986936532476388,0.077182264201751,0.1861123001619177,0.05849621412220461,0.14786635725500666,0.062345966222685435,6.69959851249748,27.66065414671036,6.898120836512752,0.0,1.298128523904602,0.0,0.4269966408563458,0.4865112102779447,0.025855372443015907,-178.10808777831173,0.6738183167827657,1.4470967777215744,1.1835475051176148,0.33145461538209203,0.1612548067324171,0.23587418903766047,1.4121727480279438,1.5881336264167745,0.5242057719101473,-0.17564173946077133,-0.29814653880383646,Medical Instruments & Supplies,Healthcare,MLSS
2012Q4,2012,Q4,2013-03-13,2012-12-31,-365735.0,2270668.0,-285243.0,-0.022366522190028874,1357338.0,0.5977703477566954,5661103.0,1936539.0,2498822.0,3274564.0,3724564.0,638561.0,-61730368.0,23710246.3,23994997.3,0.11842903335845988,0.7631006753876242,0.07948980967136617,0.23237332168368413,,0.11842903335845988,-0.18886012623551604,10.441969631844021,-16.20725819240707,12.243619312598405,0.0,1.4302940517820537,0.0,0.40109992699302593,0.3494300309903853,-0.06460490120034912,-218.97768039380477,0.5977703477566954,-25.165784969813565,0.2227684721590637,0.5324613080431488,-0.05597729151321452,-0.09723311325140618,-25.139330737245068,-6.522934536371909,-6.056978495328577,-0.1965398768680074,-0.3778263998052704,Medical Instruments & Supplies,Healthcare,MLSS
2012Q3,2012,Q3,2012-11-09,2012-09-30,15151.0,2129241.0,51647.0,0.0009255450306277152,1503531.0,0.7061347212457397,5931679.0,1961394.0,2829777.0,3520285.0,3970285.0,670655.0,-61364633.0,8447296.0,8623770.0,0.12073980596867921,0.8038488361027587,0.075863849004641,0.2294286614520081,,0.12073980596867921,0.007724608110354167,3.9672803595271744,139.38512309418522,4.306781809264227,0.0,0.932983426650066,0.0,0.358960928263313,0.3033450416656606,0.002554251502820702,55.67541061400965,0.7061347212457397,1.0925545030627715,1.0114913111921358,0.3627775479680188,-0.10315425280829493,0.020747183753108512,1.0920803933366152,1.9634376107597888,1.0336979528242867,-0.0741420279890385,1.112652965318962,Medical Instruments & Supplies,Healthcare,MLSS
2012Q2,2012,Q2,2012-08-09,2012-06-30,-164541.0,2326976.0,-53607.0,-0.01,1472971.0,0.6329979337990593,6260716.0,1891251.0,2955513.0,3919465.0,4369465.0,514337.0,-61379784.0,5911054.14,6239252.14,0.11838207761703905,0.7540603118027588,0.07187676297726969,0.2379377459681449,,0.11838207761703905,-0.08700114368743228,2.540229955100525,-8.981126497347166,3.125473107482825,0.0,1.6603996990300134,0.0,0.37167889423510025,0.30704062926955594,-0.02628149879342874,670.4916220508167,0.6329979337990593,0.5,0.8839607455882588,-0.02880099943572536,-0.4426117936914552,0.17049980451553226,0.5367404224888156,0.7700760451381293,0.7950907912373602,-0.06594676869081259,1.841562744622047,Medical Instruments & Supplies,Healthcare,MLSS
2012Q1,2012,Q1,2012-05-10,2012-03-31,-355181.0,1921358.0,-233151.0,-0.02,1258412.0,0.6549596691506736,6477308.0,1855575.0,3009162.0,4173265.0,4621733.0,589173.0,-61215243.0,6135346.800000001,6470828.800000001,0.12097604653741822,0.7210570141124515,0.06923678787545691,0.24168680867116663,,0.12097604653741822,-0.19141290435579267,3.193234576794122,-4.318464951672528,3.306439675033346,0.0,1.1252144955726078,0.0,0.2966290934443753,0.283336907673009,-0.054834662795099444,-46.01349052783153,0.6549596691506736,0.24264514838872137,0.482531448977446,-0.3515354297981812,-0.5821133291774102,0.17536099228513252,0.12312029843155553,0.22288957846565097,0.4863546520941461,-0.29220325541149983,0.4224547676880391,Medical Instruments & Supplies,Healthcare,MLSS
2011Q4,2011,Q4,2012-03-13,2011-12-31,-405051.0,1742111.0,-300023.0,-0.026407700376448157,1070660.0,0.6145762239030693,6992202.0,1936317.0,3298015.0,4608950.0,5055885.0,790495.0,-60860062.0,5521812.12,5872423.12,0.12624010104856664,0.7155675370746049,0.06391906297901577,0.23081706146256012,,0.12624010104856664,-0.20918630575468788,3.1696098124631553,-3.4080968322507537,2.8517087439711575,0.0,0.8494057520920436,0.0,0.24915055371684056,0.2713813341433515,-0.05792896143446657,-20.127329629953636,0.6145762239030693,0.3398074905887961,0.6458274985462307,-0.06319432550618213,-0.5934773154517291,-0.06765196612873449,0.36446438153695526,0.4445633399178387,-4.726624847649375,-0.23661264450813219,0.12322251173039452,Medical Instruments & Supplies,Healthcare,MLSS
2011Q3,2011,Q3,2011-11-10,2011-09-30,-637338.0,1745876.0,-540157.0,-0.04,1148348.0,0.6577488893827511,7046422.0,2135378.0,3112579.0,3588343.0,4911044.0,733911.0,-60455011.0,10433642.489999998,10508376.489999998,0.141217299846355,0.8674140125400498,0.06320981059607272,0.2085827427275171,,0.141217299846355,-0.2984661263720053,5.976164681798706,-4.0926645241614334,4.886086908266358,0.0,0.8141695655195248,0.0,0.24776773233280663,0.3940007964678962,-0.09044845738730947,47.84406578440543,0.6577488893827511,-1.0,0.19984422856682565,0.11460002669617231,-0.6147998909098595,-0.28050399581465435,-1.138244549864795,-1.062864715407412,-1.8686802424886997,-0.19294791799334543,0.5671334159163556,Medical Instruments & Supplies,Healthcare,MLSS
2011Q2,2011,Q2,2011-08-12,2011-06-30,-298066.0,2464119.0,-261848.0,-0.02,1596045.0,0.6477142540599703,7382219.0,2110003.0,3390726.0,3959539.0,5272216.0,597588.0,-59817673.0,11736447.84,12081726.84,0.1402300221018151,0.8563436299023699,0.060127043101809906,0.210365103746298,,0.1402300221018151,-0.141263306260702,4.762938737942445,-9.843833110787543,5.562289646033679,0.0,1.452629570874917,0.0,0.3337910999389208,0.45063276305650735,-0.04037620666631537,-207.09794850981984,0.6477142540599703,-1.0,0.755627397071518,0.3064066419437186,-0.6570059561343754,0.032103595447490946,-1.1043319872356048,-1.1538334992144637,0.4879829112076959,0.2921183349454412,0.36427003108949435,Medical Instruments & Supplies,Healthcare,MLSS
2011Q1,2011,Q1,2011-05-09,2011-03-31,-141644.0,2425988.0,-121573.0,-0.01,1546400.0,0.6374310177956363,6975996.0,2287731.0,3357979.0,3535765.0,4688265.0,850708.0,-59519606.0,10412878.7,10699953.7,0.15379144866058989,0.9497178121283513,0.06340857993611235,0.19335227786833328,,0.15379144866058989,-0.061914621955116225,4.292221849407334,-18.378608871537093,4.551618481368657,0.0,1.0339481937398025,0.0,0.3477622406893582,0.4342647206474412,-0.020304484119543647,-20.959099189040675,0.6374310177956363,0.49619523545030886,0.8369223762390546,0.127890847638722,-0.684511937644837,0.1906989350389957,0.520280156063726,0.6688241463381414,0.8104184083306608,0.4262342194026315,0.20778696592530532,Medical Instruments & Supplies,Healthcare,MLSS
2010Q4,2010,Q4,2011-03-30,2010-12-31,-295264.0,2041832.0,-367095.0,-0.01984895877064236,1298733.0,0.6360626143580863,6609023.0,2332117.0,3388206.0,3394891.0,4276906.0,986947.0,-59377962.0,15173051.82,14987608.82,0.1567752729127633,0.9980308646139154,0.06682364397884528,0.1893725743605488,,0.1567752729127633,-0.12660771307786015,7.4310970834035315,-12.847021496017124,6.5061280458913515,0.0,0.7529269555508047,0.0,0.3089461180570865,0.41924851195517027,-0.0446758923368855,36.3571819626054,0.6360626143580863,0.5037760307339411,0.5074006801158243,0.08963749586241493,-0.7086532007065776,0.08129172237976379,0.49400026734027275,0.34950871379588366,0.3102532248739294,0.5147856362751798,0.2496886410522203,Medical Instruments & Supplies,Healthcare,MLSS
2010Q3,2010,Q3,2010-11-15,2010-09-30,-583526.0,1926889.0,-564335.0,-0.04,1201094.0,0.6233332589474536,7090460.0,2811720.0,5668321.0,3710079.0,4278740.0,1153023.0,-59082698.0,16646054.88,16879268.880000003,0.18918154618026828,1.5278167931194997,0.06218778471354468,0.15682215867867355,,0.18918154618026828,-0.2075334670593089,8.6388239696215,-7.131668031930026,5.920239170329905,0.0,0.6294713982288298,0.0,0.2717579677482138,0.6279796198409792,-0.0822973403700183,-27.20552620439543,0.6233332589474536,-5.0,0.271246445148207,-0.19040132571611032,-0.6577723056874409,-0.4160437801618225,-4.23534043025061,-3.8373798977339573,0.5162627085920525,0.3479628294239836,0.4052255904977811,Medical Instruments & Supplies,Healthcare,MLSS
2010Q2,2010,Q2,2010-08-10,2010-06-30,180360.0,3218669.0,198893.0,0.01,2056822.0,0.6390287413834724,6631865.0,3208437.0,5161503.0,2850068.0,3423428.0,1265025.0,-58499171.0,17754518.4,17375170.4,0.21685321523562137,1.8110104741360558,0.06638268420723281,0.13721354042482367,,0.21685321523562137,0.05621428751756696,5.5161056946209746,24.60983366600133,5.533697061840392,0.0,0.9184379755340804,0.0,0.48533391436647155,0.9206292621790076,0.02719596976114562,-44.5603039870695,0.6390287413834724,0.7064441981840281,1.1687185778581863,0.4189003687591811,-0.6478319297807658,0.23765815053680622,1.1491384857367555,5.27422712933754,1.1373430180674293,0.4505349676769966,0.021028073721071825,Medical Instruments & Supplies,Healthcare,MLSS
2010Q1,2010,Q1,2010-05-12,2010-03-31,83922.0,2562578.0,31700.0,0.0058601388844955185,1661866.0,0.6485133330575694,5907803.0,2923241.0,4344009.0,2407016.0,2984562.0,965341.0,-58679532.0,24975500.400000002,24197015.400000002,0.21067981484767367,1.8047279286884674,0.07440024658912966,0.15036119156785227,,0.21067981484767367,0.028708546438695953,9.746240075424046,74.40093300922285,8.543770561510325,0.0,0.9330506007721624,0.0,0.4337615861598635,0.8929084808742443,0.014205280710951262,132.21685989264049,0.6485133330575694,0.3249532523095571,1.0680017472532015,0.2518532521303339,-0.685141810324208,0.16369755148656492,0.3674982483012596,1.0488999817974831,1.1351597849462445,-0.04392384948825287,-0.27225025981500506,Medical Instruments & Supplies,Healthcare,MLSS
2009Q4,2009,Q4,2010-03-10,2009-12-31,61369.0,2398076.0,-648262.0,0.0044229023735596505,1428091.0,0.5955153214493619,4849994.0,2641121.0,3304103.0,1678030.0,2208873.0,804736.0,-58763454.0,25669264.3,25078978.3,0.19034724925871754,1.9690369063723534,0.09048320472149038,0.16615785494114052,,0.19034724925871754,0.023235966848925135,10.704107918181075,104.5693440499275,9.719079247031848,0.0,1.2053456040241768,0.0,0.4944492714836348,1.24721906044588,0.012653417715568308,51.35825016806454,0.5955153214493619,1.147430079118655,1.0770558351571777,0.2568430310068412,-0.5839103659202275,0.1898180394247913,1.164409140836392,-0.9313054876958827,1.0593186977661446,0.42552245926543686,-0.38703728749976857,Medical Instruments & Supplies,Healthcare,MLSS
2009Q3,2009,Q3,2009-11-12,2009-09-30,-373270.0,1909263.0,-335660.0,-0.03,1200260.0,0.6286509506547815,3900447.0,770765.0,2284570.0,2691538.0,3129682.0,888641.0,-58824823.0,12677322.219999999,13889035.219999999,0.057150799469069584,0.8487972304310769,0.4381979808980868,2.217495605015796,,0.057150799469069584,-0.4842850933812511,6.639903575358659,-8.490718662094462,16.44771392058539,0.0,0.7978508756629505,0.0,0.48949851132447125,0.41271384613555523,-0.09569928779957784,-11308.940428189117,0.6286509506547815,0.4000000000000001,0.7529793742707722,0.23292061255544397,-0.8896866748098227,0.0222277864790263,0.43146059201086906,0.4510183620832059,0.474569836205811,0.36665406029317105,-0.8441090842692347,Medical Instruments & Supplies,Healthcare,MLSS
2009Q2,2009,Q2,2009-08-07,2009-06-30,-656542.0,2036902.0,-611423.0,-0.05,1174161.0,0.576444522122321,3715290.0,544179.0,2159280.0,2733666.0,3171111.0,632625.0,-58451552.0,5877945.9,7080662.9,0.041660905725586894,0.7898843530994643,0.45791660947059315,3.1263481317728172,,0.041660905725586894,-1.2064816907671925,2.8857283757392356,-2.2382215836915234,10.801493442415088,0.0,1.363747875913851,0.0,0.548248454360225,0.4741603399976442,-0.17671352707325674,-216.96242064077958,0.576444522122321,0.0,0.4115247975270788,0.2719578395551464,-0.9329521505531316,-0.08857466879976154,-0.16896884492256634,-0.20319067709891217,0.3799430373294906,0.24398698437358685,-0.8980999766544382,Medical Instruments & Supplies,Healthcare,MLSS
2009Q1,2009,Q1,2009-05-07,2009-03-31,-561642.0,2204819.0,-508168.0,-0.05,1288269.0,0.5842969422886868,4163030.0,1059530.0,2601039.0,1410082.0,3103500.0,647676.0,-57795011.0,4983246.0,6175996.0,0.08504737675001395,1.8446012359564905,0.4067753535285597,1.5982728190801583,,0.08504737675001395,-0.530085981520108,2.260161038162316,-2.2181594325210723,4.703260879824073,0.0,1.415136580635997,0.0,0.5296188112985013,1.134116313803027,-0.13491183104613708,-20.507438363436584,0.5842969422886868,-8.05594352125599,0.34250249669258537,0.22375855819899873,-0.9086580001527816,0.32648366799115724,-7.3619804941040545,0.06146827961954012,0.2278952878395688,0.22397289604959492,-0.8255336539649413,Medical Instruments & Supplies,Healthcare,MLSS
2008Q4,2008,Q4,2009-03-17,2008-12-31,88281.0,1853549.0,-541450.0,0.007086224521125387,971191.0,0.5239629489158366,4410750.0,1400180.0,2857715.0,1325027.0,3010570.0,719902.0,-57233369.0,3488272.2,4430150.2,0.11239099976200252,2.156722089436668,0.3821443065238338,1.203804510848605,,0.11239099976200252,0.06304975074633261,1.881942263193474,9.878320929758386,2.4913026896541877,0.0,1.2256640487177421,0.0,0.4202344272516012,1.259904137802475,0.020014963441591566,16.799130250522524,0.5239629489158366,1.4822964867343107,1.085713754047134,0.29330469668189973,1.3478500640389854,-0.09892774005234654,1.4727659278220775,-2.4549538339809978,1.1758615864936863,0.1810996445540772,-0.791135697347707,Medical Instruments & Supplies,Healthcare,MLSS
2008Q3,2008,Q3,2008-11-14,2008-09-30,-186733.0,1818215.0,-156717.0,-0.014692672901490724,1077817.0,0.5927885316092981,3803378.0,1145255.0,2766277.0,1423447.0,2658123.0,845297.0,-57321650.0,4448241.0,5596897.0,0.09011185545027799,1.9433649443920287,0.37721099506806843,1.2527131512195975,-0.06074464782197663,0.09011185545027799,-0.1630492772352009,2.4464879015957957,-5.955349349070597,3.8840616281963403,0.0,0.8759027891971698,0.0,0.47805266791783513,0.7270337427385776,-0.04909661884777164,-25.473251099505223,0.5927885316092981,0.6326831774627318,0.9011570287094942,-0.3741247678810587,1.132449179224693,0.1280690939271738,0.6053141076856091,0.650461465716822,0.727281509569261,-0.1066300046109697,-0.8369884740682401,Medical Instruments & Supplies,Healthcare,MLSS
2008Q2,2008,Q2,2008-08-14,2008-06-30,-473118.0,1549890.0,-448354.0,-0.04,955453.0,0.6164650394544129,3988510.0,1256968.0,2992416.0,1504793.0,2731542.0,1088399.0,-57134917.0,7581851.04,8547957.04,0.1027875852332757,1.988589792748903,0.30757074697067327,0.975958815180657,,0.1027875852332757,-0.37639621692835457,4.891863964539419,-4.006321382826271,6.031856849179931,0.0,0.5461572456424528,0.0,0.38858872110136367,0.5540529494754428,-0.11862023662971886,-26.619611687299436,0.6164650394544129,0.20000000000000004,0.7495884260548774,-0.4710730164494553,1.0596949805845788,0.01835799149248211,0.23180788621252343,0.2297223004872283,0.4645286454350016,-0.1733521268191881,-0.8330736969024584,Medical Instruments & Supplies,Healthcare,MLSS
2008Q1,2008,Q1,2008-05-15,2008-03-31,-615885.0,1402153.0,-582068.0,-0.05,938229.0,0.6691345380996225,4284129.0,1561393.0,3333067.0,1781978.0,2722736.0,1338572.0,-56661800.0,9809804.8,10512846.8,0.12733325743647825,1.8704310603161207,0.21959142686879876,0.6025119876930408,,0.12733325743647825,-0.3944458570007679,6.996244204448445,-3.981995340039131,6.2827262578991965,0.0,0.34658128214246225,0.0,0.3272900979405615,0.334587183455688,-0.14375967670441298,-19.337780782870446,0.6691345380996225,-0.7374885582064937,0.5838876170910438,-0.572292148770349,1.0810624677971497,0.494249816449618,-0.7453446424067582,0.3384109851864565,0.4353033804687888,-0.22492621419139475,-0.8097021352000023,Medical Instruments & Supplies,Healthcare,MLSS
2007Q4,2007,Q4,2008-03-31,2007-12-31,-352873.0,1111134.0,-879803.0,-0.028777167920813265,627893.0,0.5650920591035825,4989565.0,1538318.0,4105763.0,2072771.0,3451247.0,1636744.0,-56045915.0,20845835.2,21035461.2,0.12545146667954085,1.9808087820603433,0.18731673001554244,0.6075655358644961,,0.12545146667954085,-0.22938885197988973,18.760865206176753,-14.768652744755196,13.551057193636167,0.0,0.2952453163109197,0.0,0.22269155728004345,0.5339268061932553,-0.07072219722560985,208.00075034923168,0.5650920591035825,0.6402854009898342,0.8550477860164195,-0.5553552498964716,1.0865122294214793,0.17685217117495353,0.6405812660166961,-0.1805126182118743,0.49864398525894643,-0.341044859566588,-0.7257693238607685,Medical Instruments & Supplies,Healthcare,MLSS
2007Q3,2007,Q3,2007-11-13,2007-09-30,-981788.0,1163445.0,-745272.0,-0.08,533536.0,0.4585829153935081,4355455.0,1628520.0,3418552.0,2351007.0,2726935.0,1657256.0,-55693042.0,19354428.8,19685573.8,0.13462717122398363,1.454079890021595,0.0863119926620755,0.23084027214894506,-0.37180909656923006,0.13462717122398363,-0.6028713187433989,16.635448001409607,-4.928362538552111,11.884673691449906,0.0,0.3800915489218322,0.0,0.2671236415024377,0.28436240300432963,-0.2254157143168739,-34.29544533121642,0.4585829153935081,0.11111111111111106,0.4228892956367342,-0.6152454269581956,1.1053316105689948,-0.37833344014168613,0.08151233303209414,0.3052482621231881,0.2756188346769377,-0.16236558219413494,-0.7401406269617882,Medical Instruments & Supplies,Healthcare,MLSS
2007Q2,2007,Q2,2007-08-16,2007-06-30,-1068918.0,1806171.0,-1072717.0,-0.09,858235.0,0.47516818728680726,4724829.0,2557800.0,3688155.0,2167029.0,2167029.0,1566027.0,-54711254.0,26494826.6,26302299.6,0.21238712315256292,1.7019407677516083,0.0,0.0,,0.21238712315256292,-0.4179052310579404,14.66905769165821,-6.196646188014422,10.358443427945891,0.0,0.6053126797941543,0.0,0.38227224731307735,0.4281354794975056,-0.22623421927015772,-84.57343237273204,0.47516818728680726,-0.7999999999999998,0.2786508210012388,-0.4723583261323276,1.1752893852370754,-0.4173561321411187,-0.997540724738702,-0.9775298505123946,-0.039165485218417624,0.22330884755364788,-0.6581903439309844,Medical Instruments & Supplies,Healthcare,MLSS
2007Q1,2007,Q1,2007-05-16,2007-03-31,-535117.0,2309963.0,-542453.0,-0.05,1473001.0,0.637672984372477,5417462.0,3461808.0,4357175.0,1955654.0,1955654.0,1224412.0,-53642336.0,36472198.9,36020996.9,0.2894948678293153,2.2279886932964623,0.0,0.0,,0.2894948678293153,-0.15457731913497225,15.7890835913822,-17.039357234025456,10.535592644075003,0.0,0.6835623956642045,0.0,0.4263921002122396,0.9783274546519988,-0.09877632736510196,-51.44798790826532,0.637672984372477,0.32941434429171296,0.6531901374453081,-0.23765516333746878,1.2616473508577484,2.695927958308556,0.39983468219502566,0.5443650502333809,0.34736027307126593,0.33572806203736444,-0.6890787090263608,Medical Instruments & Supplies,Healthcare,MLSS
