Quarters,Year,Quarter,FillingDate,Date,NetIncome,Revenue,OperatingIncome,EPSDiluted,GrossProfit,GrossProfitRatio,TotalAssets,CommonStockEquity,CurrentAssets,CurrentLiability,TotalLiability,Inventory,RetainedEarnings,MarketCap,EnterpriseValue,bookValuePerShare,currentRatio,debtToAssets,debtToEquity,roic,shareholdersEquityPerShare,roe,priceToSalesRatio,peRatio,pbRatio,payoutRatio,inventoryTurnover,dividendYield,assetTurnover,quickRatio,returnOnAssets,priceToFreeCashFlowsRatio,grossProfitMargin,epsdilutedGrowth,fiveYNetIncomeGrowthPerShare,fiveYRevenueGrowthPerShare,fiveYShareholdersEquityGrowthPerShare,grossProfitGrowth,netIncomeGrowth,operatingIncomeGrowth,threeYNetIncomeGrowthPerShare,threeYRevenueGrowthPerShare,threeYShareholdersEquityGrowthPerShare,Industry,Sector,Symbol
2023Q2,2023,Q2,2023-05-03,2023-03-31,41302000.0,208419000.0,17787000.0,1.31,31788000.0,0.1525196839,592261000.0,219757000.0,322358000.0,118119000.0,196638000.0,0.0,104980000.0,430545920.0,264169920.0,13.393283764017552,2.7290952344669357,0.05335992071063264,0.14380884340430566,0.05388058133753739,13.393283764017552,0.18794395627898086,2.0657709709767342,2.606083966878117,1.9591909245211756,0.16079124497603023,0.0,0.015424603257185669,0.35190397476788104,2.6822780416359775,0.06973614673260606,32.98191512180175,0.15251968390597787,1.9111111111111112,3.840674209640757,2.4431424451605928,-0.03604398020281802,-0.03634765210537484,1.9004213483146069,-0.1224097098875074,5.299193652462093,0.45958848778971495,-0.2628586404554159,Real Estate Services,Real Estate,RMR
2023Q1,2023,Q1,2023-02-02,2022-12-31,14240000.0,250740000.0,20268000.0,0.45,32987000.0,0.1315585866,564537000.0,206910000.0,326784000.0,126964000.0,195245000.0,0.0,93148000.0,463413000.0,294032000.0,12.613386978785663,2.5738319523644497,0.05594673156940998,0.1526460780049297,0.06389862562386174,12.613386978785663,0.0688221932241071,1.8481813831060063,8.135761938202247,2.2396839205451644,0.46643258426966294,0.0,0.014332787384039723,0.4441515790816191,2.5285435241485774,0.025224210282054144,17.04789758304823,0.13155858658371222,-0.7305389221556886,-0.8039738448933825,0.1232759897840419,-0.06724962758639197,-0.09096671075837742,-0.47880828636263817,-0.04952166572875633,0.4861832599236719,0.5464828618498175,-0.3025043885807314,Real Estate Services,Real Estate,RMR
2022Q4,2022,Q4,2022-11-14,2022-09-30,27322000.0,242193000.0,21324000.0,1.67,36288000.0,0.14983092,542405000.0,206621000.0,303281000.0,109175000.0,172666000.0,0.0,93453000.0,387426260.0,228657260.0,12.634279075455545,2.777934508816121,0.05589734607903688,0.14673726291132072,0.06789676676547605,12.634279075455545,0.13223244491121425,1.599659197416936,3.5450027450406267,1.875057520774752,0.2415635751409121,0.0,0.017035499865187247,0.4465169015772347,2.7287291046485,0.05037195453581733,34.566939685938614,0.14983091996878523,2.036363636363636,4.320409574879953,3.199432076743536,0.3569528857014,0.03959204721251361,0.5825079640891978,-0.16106696042174837,2.2295324837889865,0.5018278371081765,-0.2931642284897088,Real Estate Services,Real Estate,RMR
2022Q3,2022,Q3,2022-08-04,2022-06-30,17265000.0,211088000.0,25418000.0,0.55,34906000.0,0.1653623133,531036000.0,200481000.0,295878000.0,107054000.0,174028000.0,0.0,88053000.0,463324050.0,298485050.0,12.267086826164107,2.76382012815962,0.05855911840251885,0.15511195574642983,0.08267341622946991,12.267086826164107,0.08611788648300836,2.1949331558402183,6.709007384882711,2.3110621455399767,0.382334202143064,0.0,0.014247048043372667,0.3975022409026883,2.707745623703925,0.03251192009581271,11.813463793982661,0.16536231334798757,0.17021276595744697,1.4707214276248388,2.7320397476273652,0.3301370617389707,0.075652522264337,0.18342586880526424,0.18036593294325254,1.914579994580407,0.4502820245634048,-0.30656818540018144,Real Estate Services,Real Estate,RMR
2022Q2,2022,Q2,2022-05-04,2022-03-31,14589000.0,197654000.0,21534000.0,0.47,32451000.0,0.1641808413,528579000.0,198783000.0,284003000.0,95877000.0,174010000.0,0.0,87084000.0,507831900.0,358469900.0,12.173617490354584,2.962159850641968,0.06125479824207924,0.16288113168631121,0.06995773643145207,12.173617490354584,0.07339158781183501,2.5692973580094507,8.702308245938722,2.5547048791898703,0.4294331345534307,0.0,0.012336759467059867,0.3739346436388884,2.8990477382479636,0.02760041545350837,34.04155382759083,0.1641808412680745,-0.1896551724137931,1.0801095307892723,2.572532766388658,0.34611874168816475,0.07386081604288693,-0.20243822436037612,0.9406993511175198,0.763255485619553,0.49984753082446054,-0.3093299008034551,Real Estate Services,Real Estate,RMR
2022Q1,2022,Q1,2022-01-27,2021-12-31,18292000.0,181568000.0,11096000.0,0.58,30219000.0,0.1664335125,522402000.0,197511000.0,270730000.0,89665000.0,168525000.0,0.0,86957000.0,566151000.0,417582000.0,12.098683001531393,3.01934980204093,0.06377846945455798,0.16868933882163525,0.03599692913226933,12.098683001531393,0.09261256335090197,3.118121034543532,7.737685873605948,2.866427692634841,0.34244478460529193,0.0,0.01106418605637012,0.34756375358440433,2.9643450621758767,0.03501517988062833,16.267304542711834,0.1664335125132182,-0.2926829268292683,-0.23624615116046543,0.6927021026024672,0.3717861470940712,-0.11818261402433687,0.3424335828563041,-0.4746709591894707,-0.6540385845240873,-0.36040079108898554,-0.3055894082252026,Real Estate Services,Real Estate,RMR
2021Q4,2021,Q4,2021-11-15,2021-09-30,13626000.0,173484000.0,21122000.0,0.82,34269000.0,0.19753406654215952,497911000.0,195120000.0,254517000.0,81140000.0,150196000.0,0.0,85179000.0,544766700.0,419001700.0,11.980842441360679,3.1367636184372687,0.06842588334059702,0.17461049610496104,0.06892855447484487,11.980842441360679,0.06983394833948339,3.140155288095732,9.994985689123734,2.791957257072571,8.886393659180978,0.0,0.22227129521683317,0.3484237142782545,3.06255854079369,0.027366336554123127,-699.31540436457,0.19753406654215952,0.6399999999999999,0.8165282355758995,2.0310303614365854,0.5759344651082412,0.1635937659162677,0.6552478134110787,0.01202625652819702,0.6453274010061357,1.6345604295012193,-0.1716015575942002,Real Estate Services,Real Estate,RMR
2021Q3,2021,Q3,2021-08-05,2021-06-30,8232000.0,145244000.0,20871000.0,0.5,29451000.0,0.2027691333204814,724589000.0,301951000.0,490887000.0,103751000.0,173837000.0,0.0,192639000.0,628634160.0,266096160.0,18.559899194787633,4.731395360044722,0.04866620939594722,0.11678384903510834,0.04762178498797884,18.559899194787633,0.027262701564161072,4.328124810663435,19.09117346938776,2.081907859222192,0.7576530612244898,0.0,0.009921509833318635,0.20045018624351185,4.678701892029956,0.011360923226822379,17.42141004323246,0.2027691333204814,0.6666666666666667,0.20930663315571885,1.737237025778881,1.5248516338510993,-0.47741145574561716,0.6660595021250759,0.2751878780472903,-0.028766343478240128,1.313304023657189,0.3100310133539932,Real Estate Services,Real Estate,RMR
2021Q2,2021,Q2,2021-05-10,2021-03-31,4941000.0,131564000.0,16367000.0,0.3,56356000.0,0.4283542610440546,701629000.0,299607000.0,465995000.0,85535000.0,155923000.0,0.0,300087000.0,663407360.0,323061360.0,18.43054872047244,5.44800374115859,0.0,0.0,0.041568996837989924,18.43054872047244,0.016491604001241625,5.042468760451187,33.566452135195306,2.2142585453610897,1.2608783647035013,0.0,0.009390911792115179,0.18751220374300379,5.347997895598293,0.0070421832620943545,80.44226506608463,0.4283542610440546,-0.411764705882353,-0.20448202894995093,1.679500806902117,1.5475355287253065,-0.020934313163426626,-0.44464426211082386,0.19188756189921352,-0.4154904884108925,1.1937983633467564,0.326503544634476,Real Estate Services,Real Estate,RMR
2021Q1,2021,Q1,2021-02-02,2020-12-31,8897000.0,156946000.0,13732000.0,0.51,57561000.0,0.366756718871459,698393000.0,299598000.0,457273000.0,80311000.0,150276000.0,0.0,295146000.0,627652240.0,279789240.0,18.434531134629584,5.6937779382649945,0.04422581555084315,0.10309481371704751,0.032940137263333155,18.434531134629584,0.029696459922963436,3.9991604755775874,17.6366258289311,2.0949814084206166,0.0,0.0,0.0,0.2247244746152954,5.721906090074834,0.012739245668269871,23.16059926199262,0.366756718871459,0.34210526315789475,-0.4863935123366725,0.4030003563014458,1.6942452446135954,0.003101963996305526,0.44478726859369927,-0.012725573369760587,-0.8763794789157385,-0.29033064345305337,0.3632195547489184,Real Estate Services,Real Estate,RMR
2020Q4,2020,Q4,2020-11-20,2020-09-30,6158000.0,150103000.0,13909000.0,0.38,57383000.0,0.3822908269654837,690253000.0,295919000.0,456145000.0,81768000.0,149351000.0,0.0,286249000.0,445398580.0,112172580.0,18.25083261379055,5.578527052147539,0.0,0.0,0.035429844128642494,18.25083261379055,0.020809748613640894,2.9672863300533634,18.082111886976293,1.5051368110868177,1.006820396232543,0.0,0.01392011622488783,0.21746084406732025,5.531112415614911,0.008921366513437827,-298.92522147651005,0.3822908269654837,-0.07317073170731701,-0.04046679000127604,2.07875267587243,1.8960381805443591,0.08271854185928036,-0.08322167634360578,-0.08130779392338178,0.2095006014758827,1.625138198343048,0.9601846558738737,Real Estate Services,Real Estate,RMR
2020Q3,2020,Q3,2020-08-07,2020-06-30,6717000.0,138649000.0,15140000.0,0.41,52999000.0,0.3822530274289753,704723000.0,295202000.0,476562000.0,95326000.0,164269000.0,0.0,280091000.0,477355060.0,121199060.0,18.22459562909001,4.999286658414284,0.0,0.0,0.03891406327080926,18.22459562909001,0.022753910881362593,3.442903014085929,17.766676343605774,1.6170454807216752,0.9230311150811374,0.0,0.01298823563324122,0.19674254990968082,4.961573967228248,0.009531404537669411,15.910774615025664,0.3822530274289753,0.05128205128205118,5.840096079062835,1.8426117577272296,2.0769197415313205,-0.06418405904580288,0.03849721706864564,-0.15461499804567536,-0.03015365506660382,1.4732603950173395,0.9761179182130932,Real Estate Services,Real Estate,RMR
2020Q2,2020,Q2,2020-05-11,2020-03-31,6468000.0,140861000.0,17909000.0,0.39,56634000.0,0.4020559274746026,685924000.0,294087000.0,456558000.0,78618000.0,147814000.0,0.0,273374000.0,436536420.0,97744420.0,18.169220313851476,5.807296039075021,0.0,0.0,0.045815915320223284,18.169220313851476,0.021993491721837417,3.099058078531318,16.872929035250465,1.484378500239725,0.9576376004947433,0.0,0.014188965035265557,0.20535948589056513,5.743112264366939,0.009429616109073308,66.02184210526316,0.4020559274746026,-0.32758620689655166,-0.7461115218584393,1.7954689453433488,0.0,-0.08532390135180969,-0.31548311990686845,-0.17773186409550046,-0.06964061311157259,1.5685110187502582,1.0090928605006135,Real Estate Services,Real Estate,RMR
2020Q1,2020,Q1,2020-02-06,2019-12-31,9449000.0,159892000.0,21780000.0,0.58,61917000.0,0.3872426387811773,705130000.0,292542000.0,466972000.0,94944000.0,168362000.0,0.0,266906000.0,738318280.0,387090280.0,18.083822711256722,4.918394000674081,0.0,0.0,0.05681859679739681,18.083822711256722,0.032299635607878525,4.617606134140545,19.53429675097894,2.523802667651141,0.6556249338554344,0.0,0.008390690258949026,0.22675535007729072,4.865594455679137,0.013400365889977735,17.674956430144594,0.3872426387811773,0.13725490196078421,-0.5243478143558061,2.3765169540964943,0.0,0.002022915587778353,0.13107493416327506,0.04605926708611498,-0.6018623281311613,0.5042608865976256,1.0503998227465876,Real Estate Services,Real Estate,RMR
2019Q4,2019,Q4,2019-11-22,2019-09-30,8354000.0,159244000.0,20821000.0,0.51,61792000.0,0.38803345808947276,667872000.0,288654000.0,464857000.0,98029000.0,138837000.0,0.0,257457000.0,734456520.0,376008520.0,17.874419468697752,4.742035520101195,0.0,0.0,0.06228535326656552,17.874419468697752,0.028941223748848104,4.612145638140213,21.97918721570505,2.5444183001101663,0.6802729231505865,0.0,0.007737694261329453,0.23843490968329262,4.610564220791806,0.012508384840208902,185.56253663466399,0.38803345808947276,0.41666666666666674,1.1054169999947727,0.8360415548696457,0.24212014862130624,0.06490194050942681,0.42827833817746624,0.04308401382696258,0.12314812141603147,1.805838909729971,1.3511630189941255,Real Estate Services,Real Estate,RMR
2019Q3,2019,Q3,2019-08-09,2019-06-30,5849000.0,143715000.0,19961000.0,0.36,58026000.0,0.40375743659325747,662904000.0,285470000.0,459521000.0,94648000.0,133579000.0,0.0,249103000.0,796360950.0,419247950.0,17.690400941934683,4.855052404699518,0.0,0.0,0.059945129969257244,17.690400941934683,0.020489018110484463,5.5412514351320326,34.03833775004274,2.7896484744456513,0.971790049581125,0.0,0.007137466999103862,0.21679609717244125,4.777079283238948,0.00882329869785067,44.716769610870905,0.40375743659325747,-0.28,4.978704252058247,1.9576140543714557,1.9867298568182818,0.02207035034259243,-0.2839128305582762,0.06470023469170044,-0.133735025969133,1.7305766020441122,1.4065668273817307,Real Estate Services,Real Estate,RMR
2019Q2,2019,Q2,2019-05-10,2019-03-31,8168000.0,130096000.0,18748000.0,0.5,56773000.0,0.43639312507686634,659561000.0,284128000.0,453438000.0,87283000.0,125783000.0,0.0,243254000.0,1006532800.0,622419800.0,17.625806451612902,5.195032251412074,0.0,0.0,0.05650364479469541,17.625806451612902,0.02874760671246762,7.736846636330094,30.80719882468168,3.542532942898975,0.6953966699314398,0.0,0.005643134530737597,0.19724635022386103,5.116975814305191,0.01238399480866819,8.261306499667588,0.43639312507686634,-0.84472049689441,-0.6780686959545458,1.5924019960714237,0.0,-0.688466118296504,-0.8435518780286924,-0.8643984434897076,0.32617098941452366,1.6719567245411142,1.4363012105028952,Real Estate Services,Real Estate,RMR
2019Q1,2019,Q1,2019-02-07,2018-12-31,52209000.0,280313000.0,138258000.0,3.22,182237000.0,0.6501196876348938,690299000.0,280858000.0,481799000.0,115748000.0,154210000.0,0.0,235086000.0,855649600.0,571490600.0,17.422952853598016,4.162482289110827,0.0,0.0,0.4254644429361624,17.422952853598016,0.18589109087154362,3.05247919290222,4.097232277959739,3.0465559108161417,0.10879350303587504,0.0,0.006638231350777234,0.40607475890882067,4.1032588036078375,0.07563244333252692,15.87240483787193,0.6501196876348938,5.44,1.637436247686327,4.940436901732183,0.0,0.0,5.379398826979473,4.466255485707508,2.0386036938278966,1.5263443451332837,1.5464009651296484,Real Estate Services,Real Estate,RMR
2018Q4,2018,Q4,2018-12-03,2018-09-30,8184000.0,65073000.0,25293000.0,0.5,0.0,0.0,504428000.0,232762000.0,296086000.0,28307000.0,69767000.0,0.0,182877000.0,1490143460.0,1233295460.0,14.462656890766745,10.45981559331614,0.0,0.0,0.09228513659931287,14.462656890766745,0.03516037841228379,22.899566025847893,45.52002260508309,6.402004880521735,0.4941348973607038,0.0,0.002713832666822562,0.1290035446089432,10.09269791924259,0.016224317444709653,-3688.473910891089,0.0,-0.03846153846153849,1.1036247366908927,-0.2471613712949896,0.00503166315850974,0.0,-0.02350554826393032,0.15905966455870224,0.2847307478323258,0.3446598291841566,1.294931274320334,Real Estate Services,Real Estate,RMR
2018Q3,2018,Q3,2018-08-08,2018-06-30,8381000.0,62084000.0,21822000.0,0.52,0.0,0.0,527609000.0,227913000.0,314847000.0,51015000.0,93225000.0,0.0,174693000.0,1262025150.0,981507150.0,14.167526574252502,6.17165539547192,0.0,0.0,0.08136318954127872,14.167526574252502,0.03677280365753599,20.32770359512918,37.64542268225749,5.537310947598426,0.4825199856818995,0.0,0.003204373542001124,0.11767047188353497,5.9743212780554735,0.01588486928767326,56.55754907233127,0.0,0.0,7.593479142728424,0.2816422907006179,1.3919511352781533,0.0,0.0029918621349928195,-0.02836279442539739,7.593479142728424,0.2816422907006179,1.3919511352781533,Real Estate Services,Real Estate,RMR
2018Q2,2018,Q2,2018-05-10,2018-03-31,8356000.0,59281000.0,22459000.0,0.52,0.0,0.0,524961000.0,223264000.0,309509000.0,50212000.0,92185000.0,0.0,166312000.0,1124026550.0,847666550.0,13.894081772356712,6.164044451525532,0.0,0.0,0.08486048875148637,13.894081772356712,0.03742654436004013,18.960991717413673,33.62932473671613,5.034517656227605,0.48348492101483964,0.0,0.003594221150737053,0.11292457915921374,5.9961961284155185,0.01591737290960662,6.78596081864284,0.0,-0.8815489749430524,-0.6696136487026115,0.1850320907668693,0.0,-1.0,-0.8825084364454443,-0.8768661421639847,-0.6696136487026115,0.1850320907668693,0.0,Real Estate Services,Real Estate,RMR
2018Q1,2018,Q1,2018-02-08,2017-12-31,71120000.0,218541000.0,182395000.0,4.39,189623000.0,0.8676770033998197,529787000.0,217176000.0,309927000.0,60215000.0,103308000.0,0.0,157956000.0,952358000.0,826392000.0,13.522789539227896,5.147006559827285,0.0,0.0,0.644548362102422,13.522789539227896,0.3274763325597672,4.357800138189173,3.34771512935883,4.385189892069105,0.05681946006749156,0.0,0.004243152259969465,0.4125072906658714,5.091040438428963,0.13424262958509742,23.648142630115217,0.8676770033998197,12.980448145944873,2.606183651697016,3.648657720583426,0.0,0.0,13.102716636922466,10.332401366884126,2.606183651697016,3.648657720583426,0.0,Real Estate Services,Real Estate,RMR
2017Q4,2017,Q4,2017-12-12,2017-09-30,5043000.0,56636000.0,16095000.0,0.3140099626400996,0.0,0.0,383719000.0,149531000.0,140893000.0,26414000.0,94056000.0,0.0,86836000.0,824681000.0,716041000.0,9.310772104607722,5.334027409706974,0.0,0.0,0.08533248299662932,9.310772104607722,0.03372544823481419,14.56107422840596,40.882460836803496,5.515117266653737,0.7979377354749158,0.0,0.004879462483069211,0.1475975909454575,5.065533429242069,0.013142429746767817,296.43457943925233,0.0,-0.26974427293000086,1.0639889882602476,-0.34338304161145927,-0.35298051773890504,-1.0,-0.2645471780662097,-0.2592166428867308,1.0639889882602476,-0.34338304161145927,-0.35298051773890504,Real Estate Services,Real Estate,RMR
2017Q3,2017,Q3,2017-08-09,2017-06-30,6857000.0,55502000.0,21727000.0,0.43,30733000.0,0.5537277935930237,403988000.0,147900000.0,173045000.0,41209000.0,111491000.0,0.0,81793000.0,780200050.0,642489050.0,9.22242314647378,4.199204057366109,0.0,0.0,0.1168441959863412,9.22242314647378,0.04636240703177823,14.05715199452272,28.445386101793787,5.275186274509804,0.586845559282485,0.0,0.0051576515535983365,0.13738526886937236,3.9976218787158144,0.016973276433953483,36.3509318361832,0.5537277935930237,0.0,6.052762651317282,0.14933783901363148,0.5570527007384399,0.033146199616768075,-0.0037774226354787156,-0.015675259366647036,6.052762651317282,0.14933783901363148,0.5570527007384399,Real Estate Services,Real Estate,RMR
2017Q2,2017,Q2,2017-05-10,2017-03-31,6883000.0,54296000.0,22073000.0,0.43,29747000.0,0.547867246205982,395589000.0,144922000.0,161443000.0,33262000.0,104033000.0,0.0,74936000.0,793237500.0,660180500.0,9.043494539781591,4.853676868498587,0.0,0.0,0.12113485769832073,9.043494539781591,0.0474945142904459,14.609501620745544,28.811473921255267,5.473547839527471,0.5840476536394015,0.0,0.005067839077199452,0.13725356367340852,4.642234381576574,0.017399371569988043,10.367762384002091,0.547867246205982,-0.7054794520547946,-0.72710709246382,0.08836167138715258,0.0,-0.6375057883064025,-0.7072309655465759,-0.7082837734253166,-0.72710709246382,0.08836167138715258,0.0,Real Estate Services,Real Estate,RMR
2017Q1,2017,Q1,2017-02-09,2016-12-31,23510000.0,105294000.0,75666000.0,1.46,82062000.0,0.7793606473303322,392667000.0,141335000.0,155170000.0,30563000.0,101297000.0,0.0,68053000.0,632987500.0,558158500.0,8.819656786271452,5.07705395412754,0.0,0.0,0.42477630987678283,8.819656786271452,0.16634237803799484,6.011619845385302,6.731045299872394,4.4786323274489686,0.17103360272224585,0.0,0.006352416121961335,0.2681508759330425,4.884566305663711,0.05987261470915559,25.991110289890777,0.7793606473303322,2.1739130434782608,0.19469273884961913,1.2446352120034072,0.0,1.7477649422400803,2.188228912394901,2.232070394259109,0.19469273884961913,1.2446352120034072,0.0,Real Estate Services,Real Estate,RMR
2016Q4,2016,Q4,2016-12-15,2016-09-30,7374000.0,56266000.0,23411000.0,0.46,29865000.0,0.5307823552411759,337531000.0,121714000.0,95385000.0,20579000.0,91140000.0,0.0,44543000.0,607419400.0,541586400.0,7.602373516552155,4.635064871956849,0.0,0.0,0.15413083553019977,7.602373516552155,0.060584649259740046,10.795496392137348,20.593280444806073,4.990546691424158,0.5427176566314077,0.0,0.006588528453322367,0.1666987624840385,4.407162641527771,0.021846882212300498,451.2774145616642,0.5307823552411759,0.09523809523809533,1.0938585018170766,-0.34563543598219504,-0.4716996913498963,0.012647497626474977,0.1009256494475963,0.07203040571480905,1.0938585018170766,-0.34563543598219504,-0.4716996913498963,Real Estate Services,Real Estate,RMR
2016Q3,2016,Q3,2016-08-09,2016-06-30,6698000.0,52211000.0,21838000.0,0.42,29492000.0,0.5648618107295398,346582000.0,117673000.0,108573000.0,35147000.0,105605000.0,0.0,37169000.0,495767760.0,414630760.0,7.350887056471764,3.0891114462116254,0.0,0.0,0.14742533284922957,7.350887056471764,0.05692044904098646,9.495465706460324,18.504320692744102,4.213096972117648,0.7152881457151389,0.0,0.009663799033644302,0.1506454460993358,2.949127948331294,0.019325873819182764,19.470123708910968,0.5648618107295398,0.1052631578947368,5.901703787281617,0.08314634065104892,0.24107497154681146,0.10159868519348574,0.09551848217206411,0.10387706616792196,5.901703787281617,0.08314634065104892,0.24107497154681146,Real Estate Services,Real Estate,RMR
2016Q2,2016,Q2,2016-05-10,2016-03-31,6114000.0,48333000.0,19783000.0,0.38,26772000.0,0.5539072683259885,338731000.0,115769000.0,97322000.0,29464000.0,100259000.0,0.0,30471000.0,400210020.0,329642020.0,7.234658167729034,3.303081726853109,0.0,0.0,0.1356797286318709,7.234658167729034,0.05281206540611044,8.28026441561666,16.36449214916585,3.456970518878111,0.0,0.0,0.0,0.14268844599401886,3.167119196307358,0.018049720869952855,6.985443342875096,0.5539072683259885,-0.6448598130841122,-0.7572475143740098,-0.02977395843989699,0.0,-0.6986017607457276,-0.6414917321449514,-0.7577631385610031,-0.7572475143740098,-0.02977395843989699,0.0,Real Estate Services,Real Estate,RMR
2016Q1,2016,Q1,2016-02-09,2015-12-31,17054000.0,110130000.0,81668000.0,1.07,88826000.0,0.8065558884954145,356094000.0,109475000.0,110712000.0,50212000.0,121744000.0,0.0,24357000.0,230560000.0,205479000.0,6.8421875,2.2048912610531346,0.0,0.0,0.6426806335049607,6.8421875,0.15577985841516329,2.093525833106329,3.3798522340799817,2.1060516099566113,0.4934912630467925,0.0,0.036502428868841086,0.30927227080489983,2.1376165060144987,0.04789184878150152,16.887131033472496,0.8065558884954145,1.7033001736933524,-0.13202361563517923,1.3513963617729952,0.0,2.083165567511281,1.6928785725564504,2.9882795331347367,-0.13202361563517923,1.3513963617729952,0.0,Real Estate Services,Real Estate,RMR
2015Q4,2015,Q4,2015-12-18,2015-09-30,6333000.0,48111000.0,20477000.0,0.3958125,28810000.0,0.5988235538650205,303892000.0,100832000.0,58744000.0,18439000.0,90240000.0,0.0,7303000.0,190240000.0,155743000.0,6.302,3.1858560659471773,0.0,0.0,0.16155538095054414,6.302,0.06280744208187877,3.954189270644967,7.509868940470551,1.886702634084418,0.03110690036317701,0.0,0.001035534062237174,0.15831611230305503,2.8463040295026847,0.020839640398562648,23.16327773042737,0.5988235538650205,5.528865979381444,1.080658719241938,-0.44012707722385147,-0.5620645923455118,0.04448392125584599,5.528865979381443,0.13126346610684492,1.080658719241938,-0.44012707722385147,-0.5620645923455118,Real Estate Services,Real Estate,RMR
2015Q3,2015,Q3,2015-06-30,2015-06-30,970000.0,48179000.0,18101000.0,0.060625,27583000.0,0.5725108449739513,304158000.0,94768000.0,53925000.0,35315000.0,106344000.0,0.0,970000.0,190240000.0,163712000.0,5.923,1.526971541837746,0.0,0.0,0.1836496259630623,5.923,0.010235522539253757,3.9486083148259614,49.03092783505155,2.007428667904778,212.52061855670104,0.0,1.0836049201009252,0.15840122567875906,1.3584595780829676,0.003189131964308024,10.957894130522435,0.5725108449739513,-0.9614819643467533,0.0,0.0,0.0,-0.05200027495188342,-0.9614819521105508,-0.24114367165555695,0.0,0.0,0.0,Real Estate Services,Real Estate,RMR
2015Q2,2015,Q2,2015-03-31,2015-03-31,25183000.0,49810000.0,23853000.0,1.573938,29096000.0,0.5841397309777153,,,,,,,,190240000.0,,,0.0,0.0,0.0,0.0,,0.0,3.8193133908853643,1.888575626414645,0.0,0.4605884922368264,0.0,0.06097035323801514,0.0,0.0,0.0,6.3221561264165365,0.5841397309777153,0.28170846905537467,0.0,0.0,0.0,0.21868062827225132,0.2817080618892508,0.3047973305617855,0.0,0.0,0.0,Real Estate Services,Real Estate,RMR
2015Q1,2015,Q1,2014-12-31,2014-12-31,19648000.0,46836000.0,18281000.0,1.228,23875000.0,0.5097574515330088,,,,,,,,190240000.0,,,0.0,0.0,0.0,0.0,,0.0,4.0618327782048,2.420602605863192,0.0,0.32547842019543977,0.0,0.033615433137089985,0.0,0.0,0.0,4.226522405634178,0.5097574515330088,1.2502419888939833,0.0,0.0,0.0,-0.5163479458714852,1.2502419888939833,1.2477368820468344,0.0,0.0,0.0,Real Estate Services,Real Estate,RMR
2014Q4,2014,Q4,2014-09-30,2014-09-30,-78516000.0,85932000.0,-73792000.0,-4.90725,49364000.0,0.5744542196155099,287223000.0,230244000.0,245358000.0,49394000.0,56979000.0,0.0,0.0,190240000.0,48509000.0,14.39025,4.9673644572215245,0.0,0.0,-0.32080515437476104,14.39025,-0.3410121436389222,2.2138435041660847,-0.6057364104131642,0.8262538871805564,0.0,0.0,0.0,0.2991821685589246,4.913086609709682,-0.2733625092698008,13.67845844118493,0.5744542196155099,0.0,0.0,0.0,0.0,0.0,0.0,0.0,0.0,0.0,0.0,Real Estate Services,Real Estate,RMR
