Quarters,Year,Quarter,FillingDate,Date,NetIncome,Revenue,OperatingIncome,EPSDiluted,GrossProfit,GrossProfitRatio,TotalAssets,CommonStockEquity,CurrentAssets,CurrentLiability,TotalLiability,Inventory,RetainedEarnings,MarketCap,EnterpriseValue,bookValuePerShare,currentRatio,debtToAssets,debtToEquity,roic,shareholdersEquityPerShare,roe,priceToSalesRatio,peRatio,pbRatio,payoutRatio,inventoryTurnover,dividendYield,assetTurnover,quickRatio,returnOnAssets,priceToFreeCashFlowsRatio,grossProfitMargin,epsdilutedGrowth,fiveYNetIncomeGrowthPerShare,fiveYRevenueGrowthPerShare,fiveYShareholdersEquityGrowthPerShare,grossProfitGrowth,netIncomeGrowth,operatingIncomeGrowth,threeYNetIncomeGrowthPerShare,threeYRevenueGrowthPerShare,threeYShareholdersEquityGrowthPerShare,Industry,Sector,Symbol
2023Q1,2023,Q1,2023-05-02,2023-03-31,10941000.0,197124000.0,-14769000.0,-0.01,70973000.0,0.3600424099,2657874000.0,308848000.0,185940000.0,155968000.0,2826335000.0,96346000.0,0.0,2075959110.0,4246374110.0,3.1435870815393856,1.1921676241280263,0.8166004107041944,7.027473061182199,-0.005736455400936066,3.1435870815393856,0.035425192975185205,10.531234705058745,47.43531464217165,6.721620700150235,5.875148523900923,1.3093537873912773,0.030964001020232043,0.07416604398854122,0.5142978046778827,0.004116447958029613,2206.1202019128586,0.3600424098536962,0.75,1.4511291290254398,0.6070088664319088,0.0,0.10486168407615548,0.30779344967726513,-0.13103078572522592,1.0178758496306706,0.08399558036251381,0.0,Oil & Gas Equipment & Services,Energy,USAC
2022Q4,2022,Q4,2023-02-14,2022-12-31,8366000.0,190112000.0,-13058000.0,-0.04,64237000.0,0.3378902962,2665724000.0,-116299000.0,186447000.0,173664000.0,2782023000.0,93754000.0,-18432000.0,1914936030.0,4037696030.0,-1.1861072299109647,1.0736076561636263,0.7963296275233295,-18.252908451491415,-0.006190276781995159,-1.1861072299109647,-0.07193527029467149,10.07267310848342,57.22376374611523,-16.465627649420888,7.659454936648339,1.3426093819997014,0.03346273661162456,0.0713172106339591,0.48316864750322464,0.003138359410051453,53.287400656723065,0.33789029624642314,-0.3333333333333334,0.16586126787507352,0.5976551258891535,0.0,0.046409721769726985,-0.12962962962962962,-1.2895151098596547,-0.11139477009435175,0.05176049613366737,0.0,Oil & Gas Equipment & Services,Energy,USAC
2022Q3,2022,Q3,2022-11-01,2022-09-30,9612000.0,179613000.0,45103000.0,-0.03,61388000.0,0.3417792699,2673391000.0,412243000.0,180132000.0,158145000.0,2261148000.0,91780000.0,0.0,1704643199.9999998,3799729200.0,4.207935244161359,1.1390306364412406,0.7836833444864594,5.082177259528967,0.017194485934321272,4.207935244161359,0.023316344971291203,9.490644886505986,44.33632958801498,4.13504462174009,6.679775280898877,1.2881346698627152,0.03766536011758942,0.0671854584682899,0.5032723133832875,0.0035954336645855397,343.2628272251308,0.341779269874675,0.0,0.2664223213228829,0.556932242402054,0.0,0.07052176339285714,0.05789126128109179,0.06377508903511875,-0.28787823703452126,0.008113135966002728,0.0,Oil & Gas Equipment & Services,Energy,USAC
2022Q2,2022,Q2,2022-08-02,2022-06-30,9086000.0,171461000.0,42399000.0,-0.03,57344000.0,0.3344434011,2719892000.0,465244000.0,217683000.0,210151000.0,2254648000.0,90204000.0,0.0,1634012160.0,3686230160.0,4.7606008513425015,1.0358408953561962,0.7481076454506281,4.373558820747823,0.01638219346027869,4.7606008513425015,0.019529537189087877,9.52993485399012,44.95961259079903,3.5121617043959725,7.039071098393133,1.2650991086869763,0.03914107958658031,0.06303963539728784,0.4806448696413531,0.0033405738169015532,23.13154246885617,0.3344434011232875,-1.8982035928143712,9.32211438826855,0.6317377832566284,0.0,0.13292239608029083,1.7922556853103873,0.2080175508575987,-0.097218010198443,-0.024072334288643967,0.0,Oil & Gas Equipment & Services,Energy,USAC
2022Q1,2022,Q1,2022-05-03,2022-03-31,3254000.0,163412000.0,35098000.0,0.0334,50616000.0,0.3097446944,2736952000.0,0.0,211666000.0,167054000.0,2218025000.0,89799000.0,0.0,1714597650.0,3755831650.0,0.0,1.2670513726100543,0.7458110335877283,0.0,0.016908430301503883,0.0,0.0,10.492483110175508,131.72999769514445,0.0,19.653964351567303,1.256094165859308,0.03729971285100035,0.05970583335038393,0.687993104026243,0.0011889137989997633,115.66362992444684,0.3097446943920887,0.04374999999999995,0.31092005001903233,0.5473190342854297,0.0,0.018471568272365086,0.047987117552334944,-0.034575711731536236,-0.5105985296438488,-0.0518680282258762,0.0,Oil & Gas Equipment & Services,Energy,USAC
2021Q4,2021,Q4,2022-02-15,2021-12-31,3105000.0,159943000.0,36355000.0,0.032,49698000.0,0.3107231951,2767979000.0,0.0,204987000.0,187645000.0,2189562000.0,85816000.0,0.0,1695284950.0,3687069950.0,0.0,1.0924191958218978,0.7195809650289977,0.0,0.01656858937548959,0.0,0.0,10.599306940597588,136.4963727858293,0.0,20.530756843800322,1.2846671949286845,0.03760311798910266,0.0577833141075131,0.6030269924591649,0.0011217570653534582,25.98655594218005,0.310723195138268,1.4,-0.4484384274389091,0.23981065825881556,0.0,-0.010059159811166663,-0.2454434993924666,-0.007534601839971609,-0.6975530356165263,-0.07733610244426721,0.0,Oil & Gas Equipment & Services,Energy,USAC
2021Q3,2021,Q3,2021-11-02,2021-09-30,4115000.0,158627000.0,36631000.0,-0.08,50203000.0,0.3164845833307066,2796551000.0,0.0,198939000.0,167459000.0,2161717000.0,84527000.0,0.0,1608698450.0,3589458450.0,0.0,1.1879863130676762,0.708376139036978,0.0,0.0170219364101724,0.0,0.0,10.141391125092197,97.73380619684082,0.0,15.497205346294047,1.282714398949448,0.03964136348860161,0.056722369804805994,0.6471494515075332,0.0014714553748528098,51.33215641852006,0.3164845833307066,0.20000000000000004,2.088015835894037,0.4723728804111467,0.0,-0.029537414702982736,0.5308779761904762,0.04228197467634087,8.2553050187385,-0.06798938877387585,0.0,Oil & Gas Equipment & Services,Energy,USAC
2021Q2,2021,Q2,2021-08-03,2021-06-30,2688000.0,156562000.0,35145000.0,-0.1,51731000.0,0.33041862009938555,2839310000.0,0.0,198741000.0,183855000.0,2145917000.0,84446000.0,0.0,1599285120.0,3547576120.0,0.0,1.0809659786244594,0.6861853760244566,0.0,0.016900953320668457,0.0,0.0,10.215027401285115,148.74303571428572,0.0,23.735863095238095,1.2413968690050445,0.0398940746725637,0.05514086168822707,0.5994180196350385,0.0009467088834963424,17.728664767373544,0.33041862009938555,0.1666666666666666,-0.5388682083562999,0.38456033273806267,0.0,0.08099467140319716,6.245283018867925,0.07280219780219781,-0.16562311357574114,-0.069083206363901,0.0,Oil & Gas Equipment & Services,Energy,USAC
2021Q1,2021,Q1,2021-05-04,2021-03-31,371000.0,157513000.0,32760000.0,-0.12,47855000.0,0.3038161929491534,2895951000.0,0.0,204268000.0,150029000.0,2142828000.0,84740000.0,0.0,1484901590.0,3462196590.0,0.0,1.3615234388018316,0.6828133487065217,0.0,0.012239336852782978,0.0,0.0,9.427168487680381,1000.6075404312669,0.0,171.8544474393531,1.2940523955628982,0.04293752557703168,0.05439076835208883,0.7772164048283998,0.00012810990241202285,44.42222125826428,0.3038161929491534,0.14285714285714296,-0.9761628728892979,0.30196817863262765,0.0,-0.012891914191419142,1.2516960651289009,0.05023562978873465,1.0154958205356384,0.30074447318904846,0.0,Oil & Gas Equipment & Services,Energy,USAC
2020Q4,2020,Q4,2021-02-16,2020-12-31,-1474000.0,158367000.0,31193000.0,-0.14,48480000.0,0.3061243819735172,2948700000.0,0.0,199555000.0,170272000.0,2133736000.0,84632000.0,0.0,1318329600.0,3266552600.0,0.0,1.1719777767336967,0.6607064129955573,0.0,0.020770380881822398,0.0,0.0,8.324522154236679,-223.59728629579377,0.0,-42.9572591587517,1.2984095850269401,0.048029718819936985,0.05370739647980466,0.660584241683894,-0.0004998813036253265,15.265865351212394,0.3061243819735172,-1.3333333333333337,0.9950325168080126,0.24164961600214047,0.0,-0.11660197889903241,-1.2261082988188372,-0.19545536612416498,-1.2077750665793672,0.34618618277787444,0.0,Oil & Gas Equipment & Services,Energy,USAC
2020Q3,2020,Q3,2020-11-03,2020-09-30,6519000.0,161666000.0,38771000.0,-0.06,54879000.0,0.3394591317902342,3011332000.0,0.0,214087000.0,145814000.0,2132354000.0,89538000.0,0.0,969788820.0,2940942820.0,0.0,1.4682197868517426,0.6545794352798031,0.0,0.01868414379881531,0.0,0.0,5.99871846894214,37.1908582604694,0.0,9.709924835097407,1.192644463803078,0.06527091124849223,0.053685877213140235,0.834062572866803,0.002164822742892514,54.67911705006766,0.3394591317902342,0.4000000000000001,-0.6694137304394256,0.13955336107913946,0.0,-0.0594052618047819,1.428837555886736,0.11110792686421735,-0.1314658045587456,0.41707157020611224,0.0,Oil & Gas Equipment & Services,Energy,USAC
2020Q2,2020,Q2,2020-08-04,2020-06-30,2684000.0,168651000.0,34894000.0,-0.1,58345000.0,0.3459511061304113,3057689000.0,0.0,216983000.0,187436000.0,2122742000.0,91940000.0,0.0,1051041660.0,2972724660.0,0.0,1.1576378070381357,0.6284762773454069,0.0,0.015523448902730606,0.0,0.0,6.232051158902111,97.89881333830104,0.0,23.560730253353203,1.1997607135088102,0.060166026149715134,0.05515636155279363,0.6465993725858427,0.0008777871130778833,13.970672851977882,0.3459511061304113,0.9842767295597484,1.0810808224804755,0.22047321613324883,0.0,-0.044652213780455856,1.0044550601615707,1.0612487054817363,2.0789834351873613,0.6207007907880013,0.0,Oil & Gas Equipment & Services,Energy,USAC
2020Q1,2020,Q1,2020-05-05,2020-03-31,-602461000.0,178999000.0,-569710000.0,-6.36,61072000.0,0.3411862636104112,3103087000.0,0.0,223700000.0,162322000.0,2109162000.0,91724000.0,0.0,547361620.0,2480243620.0,0.0,1.3781249614962852,0.6228906891750055,0.0,-0.2913776506537996,0.0,0.0,3.0579032285096566,-0.22713570670964595,0.0,-0.10551388388625986,1.285672234093585,0.11613528913481365,0.05768417063395258,0.7960966474045416,-0.19414892331410624,113.98617659308621,0.3411862636104112,-211.0,-25.875504333877288,0.3026064049182661,0.0,-0.03597417562469416,-65.91337140394354,-14.006780667108057,-245.3613708239651,0.7064418149049708,0.0,Oil & Gas Equipment & Services,Energy,USAC
2019Q4,2019,Q4,2020-02-18,2019-12-31,9281000.0,178188000.0,43801000.0,-0.03,63351000.0,0.3555289918513031,3730407000.0,0.0,230923000.0,189375000.0,2072500000.0,91923000.0,0.0,1753376120.0,3623069120.0,0.0,1.2193953795379537,0.501206168656664,0.0,0.019865834019228184,0.0,0.0,9.840034794711205,47.23025859282405,0.0,6.810149768343928,1.249273848764727,0.03604759941637622,0.047766369728557766,0.7223973597359736,0.0024879322819199084,32.0561661517085,0.3555289918513031,-2.5,-0.4908570594613148,0.3622449838965643,0.0,0.04161460046037488,-0.3029665790461885,-0.051187072177454294,0.657053917828601,0.38828314738618297,0.0,Oil & Gas Equipment & Services,Energy,USAC
2019Q3,2019,Q3,2019-11-05,2019-09-30,13315000.0,175756000.0,46164000.0,0.02,60820000.0,0.34604793008489043,3751230000.0,0.0,232698000.0,172742000.0,2040001000.0,92520000.0,0.0,1669007340.0,3512314340.0,0.0,1.347084090724896,0.49138789143827494,0.0,0.024593412764709218,0.0,0.0,9.496161382826191,31.33697596695456,0.0,4.498159969958693,1.2422827496757458,0.03588540239733158,0.046852898915822276,0.7920366789778976,0.0035495024298696693,111.49758434097134,0.34604793008489043,1.0,0.22327388970997786,0.4189686986240483,0.0,0.0028525730868798125,0.33832545984521056,0.07630971532489333,4.536655627567375,0.6388419969942205,0.0,Oil & Gas Equipment & Services,Energy,USAC
2019Q2,2019,Q2,2019-08-06,2019-06-30,9949000.0,173675000.0,42891000.0,0.01,60647000.0,0.34919821505685905,3759671000.0,0.0,240586000.0,176997000.0,2002503000.0,95532000.0,0.0,1716706390.0,3527810390.0,0.0,1.3592659762594845,0.4817192780964079,0.0,0.023045221812144162,0.0,0.0,9.884591276810134,43.137661825309074,0.0,6.0209066237812845,1.1831428212536113,0.03489356150180113,0.04619420156710521,0.7981660706113662,0.0026462421844890152,35.51683852280956,0.34919821505685905,1.5,-0.43371964525573237,0.39521651646232864,0.0,0.106757669215468,0.5103992712919386,0.20724498986714704,0.7144914529206268,0.5428472305537236,0.0,Oil & Gas Equipment & Services,Energy,USAC
2019Q1,2019,Q1,2019-05-07,2019-03-31,6587000.0,170746000.0,35528000.0,-0.02,54797000.0,0.32092699096904176,3757847000.0,0.0,226244000.0,133283000.0,1951896000.0,93780000.0,0.0,1513426020.0,3321508020.0,0.0,1.6974707952251975,0.48120878790435057,0.0,0.019341704768019826,0.0,0.0,8.863610392044324,57.43988234401093,0.0,9.097616517382724,1.2363936873533803,0.03959625327440848,0.04543718783654577,0.9725321308794069,0.0017528654040465193,132.4082257217848,0.32092699096904176,-3.0,-0.33971617105461666,0.33476338015120144,0.0,-0.08183508989460632,-0.3532646048109966,-0.028413596959006755,-0.5744487261088044,0.4191187356440876,0.0,Oil & Gas Equipment & Services,Energy,USAC
2018Q4,2018,Q4,2019-02-19,2018-12-31,10185000.0,171977000.0,36567000.0,0.01,59681000.0,0.34702896317530835,3774649000.0,0.0,217740000.0,149599000.0,1918484000.0,89007000.0,0.0,1251038360.0,3009997360.0,0.0,1.4554910126404588,0.46601895964366485,0.0,0.02268067019653675,0.0,0.0,7.274451583641999,30.70786352479136,0.0,5.862641138929798,1.261653577808487,0.0477291519662115,0.04556105746521067,0.8498786756595966,0.002698264129989305,45.48238057151167,0.34702896317530835,1.0999999999999999,-0.10977184087563222,0.3711334941174809,0.0,0.3193544821487786,19.090586145648313,0.5274436090225564,1.0345214569914551,0.35610681471374317,0.0,Oil & Gas Equipment & Services,Energy,USAC
2018Q3,2018,Q3,2018-11-06,2018-09-30,-563000.0,168947000.0,23940000.0,-0.1,45235000.0,0.26774668979028926,3814052000.0,0.0,229543000.0,173461000.0,1909983000.0,83043000.0,0.0,1641198130.0,3369131130.0,0.0,1.3233118683738707,0.4537858948960318,0.0,0.005258233649425069,0.0,0.0,9.714278028020622,-728.7735923623446,0.0,-105.61811722912967,1.4897342340715052,0.03623145731953765,0.044295935136699764,0.8203861386709405,-0.0001476120409475277,-128.83257163042626,0.26774668979028926,0.84375,-1.1091827319984287,0.46217234654625267,0.0,-0.19933801794785563,-1.1761025961839224,-0.16261499178005526,-1.0287017882304252,0.19719029610964087,0.0,Oil & Gas Equipment & Services,Energy,USAC
2018Q2,2018,Q2,2018-08-07,2018-06-30,3197000.0,166898000.0,28589000.0,-0.64,56497000.0,0.33851214514254213,3784718000.0,0.0,216291000.0,155575000.0,1821046000.0,82440000.0,0.0,1620796319.9999998,3276637320.0,0.0,1.390268359312229,0.43817478607388977,0.0,0.018835899742070908,0.0,0.0,9.711298637491161,126.74353456365341,0.0,4.1792305286205815,1.339167879670063,0.008243478736427537,0.044097869378907494,0.8281022015105255,0.0008447128689640813,-28.94124100494616,0.33851214514254213,-1.782608695652174,-0.5977660934299208,0.5138454553952264,0.0,1.0859917294343524,1.2080026024723487,5.696730737637588,1.0970563711695742,0.21376956660137897,0.0,Oil & Gas Equipment & Services,Energy,USAC
2018Q1,2018,Q1,2018-05-09,2018-03-31,-15370000.0,77739000.0,-6087000.0,-0.23,27084000.0,0.3483965577123452,2228201000.0,0.0,786278000.0,110465000.0,1638868000.0,34250000.0,0.0,1054129520.0,1870488520.0,0.0,7.117892545150047,0.6852456308923657,0.0,-0.00400483934048383,0.0,0.0,13.55985438454315,-17.145893298633702,0.0,-2.2141184124918674,1.478978102189781,0.03228350914601082,0.034888683740829485,6.779821662970171,-0.00689794143347032,1043.692594059406,0.3483965577123452,-4.4661522695762255,-4.6172000173413785,0.11425349955903055,0.0,0.07348394768133175,-4.380994280686318,-1.5280645441138196,-1.9856840233750577,-0.1213367795421975,0.0,Oil & Gas Equipment & Services,Energy,USAC
2017Q4,2017,Q4,2018-02-13,2017-12-31,4546000.0,75385000.0,11527000.0,0.066356,25230000.0,0.3346819659083372,1492087000.0,0.0,76889000.0,73771000.0,858234000.0,33444000.0,0.0,1027415180.0,1810270180.0,0.0,1.0422659310569193,0.5247026480359389,0.0,0.014437596323806747,0.0,0.0,13.628907342309478,56.501054773427185,0.0,6.81148262208535,1.499671091974644,0.030138740990764808,0.05052319335266643,0.5504873188651367,0.003046739231693594,-1033.6168812877263,0.3346819659083372,-0.05205714285714297,-0.5263710058163849,0.11145534023284479,0.0,0.02803357509575422,-0.05074128210482355,0.0016510253736531108,-0.6119374644319212,-0.10321355535271144,0.0,Oil & Gas Equipment & Services,Energy,USAC
2017Q3,2017,Q3,2017-11-07,2017-09-30,4789000.0,72791000.0,11508000.0,0.07,24542000.0,0.33715706612081164,1471945000.0,0.0,79433000.0,58759000.0,812272000.0,35718000.0,0.0,1033546799.9999999,1784623800.0,0.0,1.3518439728382035,0.5108886541277018,0.0,0.014793496980733385,0.0,0.0,14.198826778035745,53.954207558989346,0.0,5.620797661307162,1.3508315135225937,0.02604429717164235,0.04945225534921482,0.6977654486972209,0.0032535183040127177,2359.695890410959,0.33715706612081164,22.333333333333336,0.0,0.10456469538422465,0.0,0.2334522792380761,7.6600361663652805,0.7235285307772952,-0.31214102573622426,-0.08121821512250033,0.0,Oil & Gas Equipment & Services,Energy,USAC
2017Q2,2017,Q2,2017-08-04,2017-06-30,553000.0,66014000.0,6677000.0,0.003,19897000.0,0.3014057624140334,1463885000.0,0.0,73675000.0,56505000.0,782747000.0,31874000.0,0.0,1004438560.0,1729119560.0,0.0,1.3038669144323511,0.4952574826574492,0.0,0.00741330321738694,0.0,0.0,15.21553852213167,454.08614828209767,0.0,48.50994575045208,1.446853234611282,0.02670745734811296,0.045095072358826004,0.6837448013450137,0.00037776191435802674,59.25192071731949,0.3014057624140334,-0.8500000000000001,0.0,0.08369794650058816,0.0,0.027790691667958056,-0.6436855670103093,-0.09378393051031488,-0.9504725789492713,-0.16553357282965953,0.0,Oil & Gas Equipment & Services,Energy,USAC
2017Q1,2017,Q1,2017-05-04,2017-03-31,1552000.0,66032000.0,7368000.0,0.02,19359000.0,0.2931760358614005,1477806000.0,0.0,77211000.0,55023000.0,771067000.0,31686000.0,0.0,1028212530.0,1743028530.0,0.0,1.4032495501881033,0.48370557434467043,0.0,0.009404560457525085,0.0,0.0,15.571427944027139,165.62701836340204,0.0,18.94909793814433,1.472984914473269,0.028602063427490033,0.0446824549365749,0.7701688384857241,0.0010502055073534685,435.6832754237288,0.2931760358614005,-0.6,-0.40305362983737497,0.16360883590941308,0.0,-0.09891081735244833,-0.5252370755582747,-0.1715763436024286,-0.7534984099651474,-0.182113185818146,0.0,Oil & Gas Equipment & Services,Energy,USAC
2016Q4,2016,Q4,2017-02-13,2016-12-31,3269000.0,74913000.0,8894000.0,0.05,21484000.0,0.28678600509924845,1472412000.0,0.0,72969000.0,56411000.0,742895000.0,29556000.0,0.0,975979500.0,1661285500.0,0.0,1.2935243126340608,0.46547501650353296,0.0,0.012901924988281606,0.0,0.0,13.028172680309158,74.63899510553686,0.0,8.068216579993882,1.8077209365272702,0.02702413319132215,0.050877743457673534,0.7326585240467285,0.002220166638142042,237.23371414681574,0.28678600509924845,2.25,40.902982857327075,0.36080927860175904,0.0,0.12776902887139108,2.5232991612301956,1.7907122685911516,-0.51184633279355,0.02039401365393933,0.0,Oil & Gas Equipment & Services,Energy,USAC
2016Q3,2016,Q3,2016-11-08,2016-09-30,-2146000.0,61130000.0,3187000.0,-0.04,19050000.0,0.31163095043350236,1477083000.0,0.0,55168000.0,61177000.0,806197000.0,26332000.0,0.0,1034529352.8000001,1778460352.8000002,0.0,0.9017768115468231,0.5036534846044535,0.0,0.004436957688102273,0.0,0.0,16.92343125797481,-120.51833094128612,0.0,-11.052190121155638,1.598055597751785,0.022926367372570117,0.04138562287968923,0.43305490625561893,-0.0014528635154558004,70.39530163309745,0.31163095043350236,-1.7999999999999998,-3.839611787673453,0.36402810445973594,0.0,-0.11168104453252506,-1.6554673182651192,-0.6250588235294118,-1.7280721449948897,-0.07444631685828744,0.0,Oil & Gas Equipment & Services,Energy,USAC
2016Q2,2016,Q2,2016-08-04,2016-06-30,3274000.0,63511000.0,8500000.0,0.05,21445000.0,0.33765804348852957,1488582000.0,0.0,51625000.0,56479000.0,792607000.0,20682000.0,0.0,799055848.96,1534168848.96,0.0,0.914056551992776,0.49383910325396924,0.0,0.011240025058361374,0.0,0.0,12.581377225362536,61.015260305436776,0.0,6.099877825290165,2.033942558746736,0.024993246749889855,0.042665435965234026,0.4970165902370793,0.0021994085646608653,28.57853537052933,0.33765804348852957,-0.7916666666666667,7.943015701694908,0.46407188330753446,0.0,-0.08526701927998635,-0.6165378308737409,-0.3852607217762349,-0.2721935883407356,0.017842360549350778,0.0,Oil & Gas Equipment & Services,Energy,USAC
2016Q1,2016,Q1,2016-05-05,2016-03-31,8538000.0,66367000.0,13827000.0,0.24,23444000.0,0.3532478490816219,1495854000.0,0.0,52936000.0,39991000.0,784079000.0,19298000.0,0.0,625167656.5,1368272656.5,0.0,1.3236978320122028,0.4967811029686052,0.0,0.018110532327251894,0.0,0.0,9.41985710518782,18.30544789470602,0.0,2.069219957835559,2.224220126437973,0.02825961934580664,0.04436729787800146,0.7703983396264159,0.0057077762936757195,109.92925206611571,0.3532478490816219,1.0794701986754967,7.7285598142733,0.544789406769632,0.0,-0.08582569701696237,1.0534861868069911,1.0890203703226804,1.3514361462235402,0.11320622505930389,0.0,Oil & Gas Equipment & Services,Energy,USAC
2015Q4,2015,Q4,2016-02-11,2015-12-31,-159630000.0,68615000.0,-155324000.0,-3.02,25645000.0,0.37375209502295414,1509771000.0,0.0,52967000.0,61422000.0,791483000.0,18872000.0,0.0,599181726.45,1328361726.45,0.0,0.8623457393116473,0.482978544428261,0.0,-0.21271799887336953,0.0,0.0,8.732518056547402,-0.9383914778707011,0.0,-0.08059262043475537,2.276918185671895,0.021470948515439327,0.04544728968830372,0.5127641561655433,-0.10573126652982472,-104.06073748697466,0.37375209502295414,-15.380952380952381,-54.80978077782905,0.6313461793380231,0.0,-0.05927882322732108,-17.280469148393678,-10.990609120730687,-20.81049396586846,0.20503063224364393,0.0,Oil & Gas Equipment & Services,Energy,USAC
2015Q3,2015,Q3,2015-11-05,2015-09-30,9805000.0,70540000.0,15547000.0,0.21,27261000.0,0.3864615820810887,1672184000.0,0.0,56610000.0,68432000.0,781822000.0,22273000.0,0.0,694639994.86,1406946994.8600001,0.0,0.8272445639466917,0.4259782416289116,0.0,0.01965507042289057,0.0,0.0,9.84746235979586,17.711371618052016,0.0,1.0959714431412544,1.9431149822655234,0.015469883795225157,0.042184352918099924,0.4664192190787935,0.0058635891743970756,-29.243074634166877,0.3864615820810887,1.6176470588235294,0.4359023271359614,0.821542680141281,0.0,0.05646411409083863,1.616511569416499,2.369538407329105,0.0,0.37356202942536565,0.0,Oil & Gas Equipment & Services,Energy,USAC
2015Q2,2015,Q2,2015-08-05,2015-06-30,-15904000.0,66390000.0,-11352000.0,-0.34,25804000.0,0.3886729929206206,1628890000.0,0.0,48936000.0,59305000.0,812316000.0,20705000.0,0.0,890897234.88,1643901234.88,0.0,0.8251580811061462,0.46228474605406134,0.0,-0.015211292093037511,0.0,0.0,13.419147987347491,-14.004295065392354,0.0,-0.7067404426559356,1.960202849553248,0.01261649442824231,0.0407578166727035,0.4373492960121406,-0.009763704117527887,-28.854036626506023,0.3886729929206206,-2.416666666666667,-3.5330177835123178,0.8485025338587525,0.0,0.029770931439061378,-2.388268156424581,-1.7312548312290648,0.0,0.4390730543300031,0.0,Oil & Gas Equipment & Services,Energy,USAC
2015Q1,2015,Q1,2015-05-07,2015-03-31,11456000.0,65000000.0,15524000.0,0.24,25058000.0,0.38550769230769233,1612597000.0,0.0,45275000.0,58441000.0,770133000.0,15584000.0,0.0,936379106.8399999,1648065106.84,0.0,0.7747129583682688,0.44133283145137936,0.0,0.021663416830316917,0.0,0.0,14.405832412923075,20.434250760300277,0.0,0.8927199720670391,2.5630133470225873,0.010921858385449321,0.04030765281096269,0.4701836039766602,0.007104068778498286,-9.068080948664065,0.38550769230769233,0.3333333333333333,0.812022625373861,0.8221357925976678,0.0,0.11502692119432208,0.3477647058823529,0.3206295193534666,4.864027171608811,0.5243520731139891,0.0,Oil & Gas Equipment & Services,Energy,USAC
2014Q4,2014,Q4,2015-02-19,2014-12-31,8500000.0,60994000.0,11755000.0,0.18,22473000.0,0.36844607666327833,1516482000.0,0.0,38034000.0,82098000.0,676962000.0,8923000.0,0.0,747735620.9399999,1342593620.94,0.0,0.4632755974566981,0.3922657835701314,0.0,0.019760819279700907,0.0,0.0,12.259166818703479,21.992224145294117,0.0,1.190235294117647,4.317045836602039,0.01353018328494452,0.04022072138014167,0.3421642427342932,0.005605078068846185,-9.913762475339414,0.36844607666327833,0.6363636363636362,4.438361820365009,0.6778418588431944,0.0,0.16115531673039166,0.6955914621982845,0.5296031229668184,130.86803667909712,0.38681999979602627,0.0,Oil & Gas Equipment & Services,Energy,USAC
2014Q3,2014,Q3,2014-11-07,2014-09-30,5013000.0,57045000.0,7685000.0,0.11,19354000.0,0.3392760101674117,1430312000.0,0.0,36722000.0,79851000.0,589532000.0,8749000.0,0.0,1081119407.83,1590793407.83,0.0,0.4598815293484114,0.356342532258696,0.0,0.01507805862882862,0.0,0.0,18.952045014111665,53.91578933921803,0.0,2.0229403550768,4.308035204023317,0.009380092454685279,0.03988290666651752,0.33294511026787393,0.0035048297154746657,-22.621820171789665,0.3392760101674117,-0.45,-0.2054460674457083,0.5942993029095983,0.0,0.061947873799725654,-0.3332003192338388,-0.27218486599109765,14.991993459596124,0.5753881990749289,0.0,Oil & Gas Equipment & Services,Energy,USAC
2014Q2,2014,Q2,2014-08-12,2014-06-30,7518000.0,53266000.0,10559000.0,0.2,18225000.0,0.34215071527803853,1355791000.0,0.0,43379000.0,58335000.0,510295000.0,10861000.0,0.0,1061592890.16,1513545890.1599998,0.0,0.7436187537498928,0.333355214778679,0.0,0.023362686963448093,0.0,0.0,19.930028351293508,35.30170557861133,0.0,0.787975525405693,3.2263143356965287,0.0055802935898592474,0.03928776632976617,0.5262535356132682,0.005545102453106711,-13.245572387737532,0.34215071527803853,1.0,0.34680065077894084,0.6681557267225616,0.0,0.12050415001537043,0.9203065134099617,0.39540108365270255,22.020932438006543,0.6189883246365608,0.0,Oil & Gas Equipment & Services,Energy,USAC
2014Q1,2014,Q1,2014-05-07,2014-03-31,3915000.0,50202000.0,7567000.0,0.1,16265000.0,0.3239910760527469,1265902000.0,0.0,37759000.0,57365000.0,560924000.0,12522000.0,0.0,993291793.92,1496843793.92,0.0,0.6582236555390918,0.397786716507281,0.0,0.014641824787331024,0.0,0.0,19.7859008390104,63.42859475862068,0.0,1.5742017879948915,2.710190065484747,0.006204621882234507,0.03965709825879096,0.3969842238298614,0.0030926564615586355,-12.952037996088146,0.3239910760527469,-0.1666666666666666,-0.251687098545404,0.7006277335289423,0.0,-0.061399965375959376,-0.11764705882352941,-0.06163194444444445,4.625534937198575,0.64241814120115,0.0,Oil & Gas Equipment & Services,Energy,USAC
2013Q4,2013,Q4,2014-02-20,2013-12-31,4437000.0,48643000.0,8064000.0,0.12,17329000.0,0.3562485866414489,1185884000.0,0.0,32776000.0,56953000.0,478157000.0,9940000.0,0.0,1001752536.8000001,1422678536.8000002,0.0,0.5754920724105842,0.3549529296288676,0.0,0.018718690832970154,0.0,0.0,20.593971111979116,56.44312242506198,0.0,1.24859139057922,3.1503018108651912,0.005530307931834129,0.041018345807853046,0.3588221867153618,0.0037415126605974953,-41.516537643499525,0.3562485866414489,1.3999999999999997,3.1642035550969405,0.6134677479973877,0.0,0.32657123172318764,1.5917056074766356,0.6793002915451894,3.1642035550969405,0.6134677479973877,0.0,Oil & Gas Equipment & Services,Energy,USAC
2013Q3,2013,Q3,2013-11-07,2013-09-30,1712000.0,38362000.0,4802000.0,0.05,13063000.0,0.34051926385485637,1136975000.0,0.0,23163000.0,38250000.0,428725000.0,7349000.0,0.0,762144720.0,1152443720.0,0.0,0.6055686274509804,0.3432845928890257,0.0,0.011866491462855832,0.0,0.0,19.867178979198165,111.29449766355141,0.0,2.97821261682243,3.442509184923119,0.006689936787858348,0.033740407660678554,0.3720261437908497,0.001505749906550276,-19.126309451702138,0.34051926385485637,-0.28571428571428575,-0.6225322103716522,0.4914337737037118,0.0,0.18687012544407686,-0.2870923319534628,-0.09875112656109179,-0.6225322103716522,0.4914337737037118,0.0,Oil & Gas Equipment & Services,Energy,USAC
2013Q2,2013,Q2,2013-08-14,2013-06-30,2401433.0,33310113.0,5328162.0,0.07,11006259.0,0.33041794244288514,901318432.0,0.0,18193300.0,22696253.0,375735002.0,5880350.0,0.0,695131534.64,1048077052.64,0.0,0.8015992772022765,0.3915952514327367,0.0,0.014738840777859351,0.0,0.0,20.868483233305152,72.36632613110588,0.0,0.0,3.7929466783439763,0.0,0.036957097311419454,0.47951862362478953,0.0026643558089356817,-51.930890944548004,0.33041794244288514,0.0,-0.38879962588914263,0.4820906000589919,0.0,0.04762228841545099,0.20935918541859397,-0.05468284136523918,-0.38879962588914263,0.4820906000589919,0.0,Oil & Gas Equipment & Services,Energy,USAC
2013Q1,2013,Q1,2013-05-10,2013-03-31,1985707.0,32603841.0,5636375.0,0.07,10505942.0,0.322230193675647,887564591.0,0.0,17553399.0,25193884.0,360791846.0,5245865.0,0.0,579033802.4,914625264.4,0.0,0.6967325482644915,0.37811103034415666,0.0,0.016433278340362675,0.0,0.0,17.759680597141912,72.9002066266574,0.0,0.0,4.21244141814553,0.0,0.036734048801187476,0.413275817257871,0.002237253513868491,-41.37634428825409,0.322230193675647,1.148557397176182,-0.506225328081829,0.4368756340176769,0.0,-0.01009350267806708,-0.5583444949727028,0.07093991906163329,-0.506225328081829,0.4368756340176769,0.0,Oil & Gas Equipment & Services,Energy,USAC
2012Q4,2012,Q4,2012-12-31,2012-12-31,4496054.0,31771176.0,5263017.0,0.03258,10613065.0,0.33404696760359137,872644745.0,0.0,14776490.0,26852150.0,529118360.0,4215267.0,0.0,512110297.6,1014370007.6,0.0,0.5502907588405398,0.5755677930542056,0.0,0.009932822165582774,0.0,0.0,16.118707648719077,28.47554197525208,0.0,0.0,5.0193999573455255,0.0,0.03640791534245703,0.32628936602841857,0.005152215750752043,-25.72767502656112,0.33404696760359137,0.0,3.8171826948880643,0.35377984234361176,0.0,0.029594974776872333,0.0,-0.08405551688130873,3.8171826948880643,0.35377984234361176,0.0,Oil & Gas Equipment & Services,Energy,USAC
2012Q3,2012,Q3,2012-09-30,2012-09-30,0.0,31021000.0,5746000.0,0.0,10308000.0,0.33229102865800586,849823888.0,0.0,15524216.0,25108625.0,507245175.0,4161695.0,0.0,512124800.00000006,994261618.0,0.0,0.618282203824383,0.5673449814816219,0.0,0.011498537157250114,0.0,0.0,16.508971341994133,0.0,0.0,0.0,4.977058626352965,0.0,0.036502857166095574,0.42136401336194235,0.0,-17.34520644012822,0.33229102865800586,0.0,-1.0,0.3261451912028535,0.0,0.08332091458853248,0.0,0.21012342163766387,-1.0,0.3261451912028535,0.0,Oil & Gas Equipment & Services,Energy,USAC
2012Q2,2012,Q2,2012-06-30,2012-06-30,0.0,28870271.0,4748276.0,0.0,9515186.0,0.32958422870363774,827403691.0,0.0,14010947.0,33491121.0,486141524.0,3437070.0,0.0,512124800.00000006,964786471.0,0.0,0.4183481048603897,0.5470946962454389,0.0,0.010007742128924026,0.0,0.0,17.738828984320932,0.0,0.0,0.0,5.631274603077621,0.0,0.03489260600844963,0.28143533923513636,0.0,-10.304243975940947,0.32958422870363774,-1.0,-1.0,0.2845091694940878,0.0,-0.4743805434782368,-1.0,-0.014836553912674529,-1.0,0.2845091694940878,0.0,Oil & Gas Equipment & Services,Energy,USAC
2012Q1,2012,Q1,2012-03-31,2012-03-31,1242700.0,27124225.0,4819785.0,0.042707,18102804.0,0.667403547935471,763633350.0,0.0,15432505.0,20685393.0,423367703.0,4788192.0,0.0,512124800.00000006,914829143.0,0.0,0.7460581000322305,0.5273615184564687,0.0,0.011523259200510718,0.0,0.0,18.880716407565565,103.02663555162148,0.0,0.0,1.8840975884007993,0.0,0.03551995862936054,0.45295721478436496,0.001627351660322326,-13.174574492912779,0.667403547935471,30.453103448275865,-0.6909934807009551,0.19535101157789475,0.0,2.139131617785773,30.409537332860015,0.3363317111797729,-0.6909934807009551,0.19535101157789475,0.0,Oil & Gas Equipment & Services,Energy,USAC
2011Q4,2011,Q4,2011-12-31,2011-12-31,-42255.0,28394124.0,3606728.0,-0.00145,-15891758.0,-0.5596847432236332,727875976.0,0.0,13784718.0,25079561.0,388853029.0,3211463.0,0.0,512124800.00000006,875934335.0,0.0,0.549639525189456,0.49982764508771205,0.0,0.0031392579513451462,0.0,0.0,18.03629511514425,-3029.9656845343748,0.0,0.0,13.789939974397962,0.0,0.03900956335451302,0.3559378491513468,-5.805247238988418e-05,-7.2154414070987665,-0.5596847432236332,0.8198757763975155,0.973524187257399,0.20984832861508457,0.0,-2.1405824437200263,0.819597311997814,0.2927586079592193,0.973524187257399,0.20984832861508457,0.0,Oil & Gas Equipment & Services,Energy,USAC
2011Q3,2011,Q3,2011-09-30,2011-09-30,-234226.0,23672656.0,2789947.0,-0.00805,13933020.0,0.588570205219051,654607486.0,0.0,12866395.0,23986725.0,315604789.0,4083560.0,0.0,512124800.00000006,803732333.0,0.0,0.5363964859729705,0.44547387440051367,0.0,0.01153351681797602,0.0,0.0,21.63360123173336,-546.6139540443845,0.0,0.0,2.385084583059879,0.0,0.036163130587846655,0.3373760277820336,-0.00035781136789505034,-19.479831895023512,0.588570205219051,0.06936416184971096,-1.0567863281846637,0.012004091338105783,0.0,0.011011982140095888,0.06956808440487966,-0.07905125292670859,-1.0567863281846637,0.012004091338105783,0.0,Oil & Gas Equipment & Services,Energy,USAC
2011Q2,2011,Q2,2011-06-30,2011-06-30,-251739.0,23158292.0,3029427.0,-0.00865,13781261.0,0.5950896983249023,630396409.0,0.0,14475908.0,25147167.0,291159486.0,4126228.0,0.0,512124800.00000006,777587341.0,0.0,0.5756476663951848,0.42110890419110875,0.0,0.013256959455804329,0.0,0.0,22.11410064265534,-508.5870683525398,0.0,0.0,2.272543107167127,0.0,0.03673607855212259,0.35397824335441047,-0.0003993344448128035,-33.47980665939356,0.5950896983249023,-1.4704922491161272,-1.0640695009486771,0.030369213500683015,0.0,-0.053164874394369524,-1.4705788887310358,-0.1915495881994085,-1.0640695009486771,0.030369213500683015,0.0,Oil & Gas Equipment & Services,Energy,USAC
2011Q1,2011,Q1,2011-03-31,2011-03-31,534956.0,23495647.0,3747202.0,0.018385,14555080.0,0.6194798551408267,612590749.0,0.0,16570582.0,19418985.0,273102087.0,5365735.0,0.0,512124800.00000006,762315595.0,0.0,0.8533186466748905,0.41258335750675856,0.0,0.013886234115565235,0.0,0.0,21.79658214987653,239.33033744831354,0.0,0.0,1.6662334237527572,0.0,0.03835455732616687,0.5040968928087642,0.0008732681661831626,100.29947373234833,0.6194798551408267,1.335186873290793,-0.8669792455635795,0.035441396357946804,0.0,0.002642677404264339,1.3351886139280758,-0.04010834638053003,-0.8669792455635795,0.035441396357946804,0.0,Oil & Gas Equipment & Services,Energy,USAC
2010Q4,2010,Q4,2010-12-31,2010-12-31,-1595985.0,23469160.0,3903776.0,-0.05485,14516717.0,0.6185443790915397,614717728.0,0.0,14564290.0,18548539.0,275764022.0,5185326.0,0.0,512124800.00000006,767936403.0,0.0,0.785198769563468,0.416149707984345,0.0,0.015621089732973503,0.0,0.0,21.821181499465684,-80.22080408023885,0.0,0.0,1.726495691881282,0.0,0.038178759015715255,0.41884943067483643,-0.002596289202838803,458.32808293716715,0.6185443790915397,-1.3917857142857144,0.0,0.0,0.0,-0.02990324571418643,-1.3869345332618936,-0.39747579732540456,0.0,0.0,0.0,Oil & Gas Equipment & Services,Energy,USAC
2010Q3,2010,Q3,2010-09-30,2010-09-30,4124690.0,23391858.0,6479036.0,0.14,14964195.0,0.6397181019139223,,,,,,,,512124800.00000006,,,0.0,0.0,0.0,0.0,,0.0,21.89329295689124,31.04019938468103,0.0,0.0,0.0,0.0,0.0,0.0,0.0,72.66640880161712,0.6397181019139223,0.0,0.0,0.0,0.0,0.021580853241009043,0.049765153067262556,0.041801259384239224,0.0,0.0,0.0,Oil & Gas Equipment & Services,Energy,USAC
2010Q2,2010,Q2,2010-06-30,2010-06-30,3929155.0,22475722.0,6219071.0,0.14,14648077.0,0.6517288743827673,,,,,,,,512124800.00000006,,,0.0,0.0,0.0,0.0,,0.0,22.785688486447736,32.584919658298034,0.0,0.0,0.0,0.0,0.0,0.0,0.0,106.60638212613334,0.6517288743827673,0.012958635110593484,0.0,0.0,0.0,0.0027682776114606885,-0.022986633671490786,-0.010525319300422817,0.0,0.0,0.0,Oil & Gas Equipment & Services,Energy,USAC
2010Q1,2010,Q1,2010-03-31,2010-03-31,4021598.0,22691431.0,6285225.0,0.138209,14607639.0,0.643751335030391,,,,,,,,512124800.00000006,,,0.0,0.0,0.0,0.0,,0.0,22.569083457098852,31.835902046897775,0.0,0.0,0.0,0.0,0.0,0.0,0.0,76.23565068465112,0.643751335030391,0.0,0.0,0.0,0.0,0.0,0.0,0.0,0.0,0.0,0.0,Oil & Gas Equipment & Services,Energy,USAC
