Quarters,Year,Quarter,FillingDate,Date,NetIncome,Revenue,OperatingIncome,EPSDiluted,GrossProfit,GrossProfitRatio,TotalAssets,CommonStockEquity,CurrentAssets,CurrentLiability,TotalLiability,Inventory,RetainedEarnings,MarketCap,EnterpriseValue,bookValuePerShare,currentRatio,debtToAssets,debtToEquity,roic,shareholdersEquityPerShare,roe,priceToSalesRatio,peRatio,pbRatio,payoutRatio,inventoryTurnover,dividendYield,assetTurnover,quickRatio,returnOnAssets,priceToFreeCashFlowsRatio,grossProfitMargin,epsdilutedGrowth,fiveYNetIncomeGrowthPerShare,fiveYRevenueGrowthPerShare,fiveYShareholdersEquityGrowthPerShare,grossProfitGrowth,netIncomeGrowth,operatingIncomeGrowth,threeYNetIncomeGrowthPerShare,threeYRevenueGrowthPerShare,threeYShareholdersEquityGrowthPerShare,Industry,Sector,Symbol
2024Q1,2024,Q1,2023-06-08,2023-04-29,-12107000.0,96875000.0,-10112000.0,-0.95,25871000.0,0.2670554839,269881000.0,18080000.0,95309000.0,104764000.0,251801000.0,83332000.0,-157784000.0,38972900.0,216238900.0,1.4149319142275787,0.9097495322820817,0.6830343744094619,10.195685840707965,-0.03220197732613307,1.4149319142275787,-0.6696349557522124,0.40230090322580647,-0.8047596431816304,2.1555807522123893,0.0,0.8520616329861278,0.0,0.3589545021694747,0.06750410446336527,-0.04486051259629244,-2.4939463748640174,0.2670554838709677,-2.1666666666666665,-15.981732704559885,-0.15869957064539678,-0.8372166682427163,-0.3578006702246494,-2.191932507250198,-195.46153846153845,-0.7821128392267717,0.37304548455360415,-0.7166125398341637,Specialty Retail,Consumer Cyclical,KIRK
2023Q4,2023,Q4,2023-04-04,2023-01-28,-3793000.0,162477000.0,52000.0,-0.3,40285000.0,0.2479427857,274246000.0,29773000.0,94331000.0,111307000.0,244473000.0,84071000.0,-145677000.0,47062260.0,213003260.0,2.334404892582719,0.8474848841492448,0.6239361740918737,5.747220636146844,0.00015325559929549014,2.334404892582719,-0.12739730628421725,0.28965490500193875,-3.101915370419193,1.5807026500520607,0.0,1.4534381653602313,0.0,0.5924498443003726,0.04645709613950605,-0.013830648395965666,1.209764536527685,0.24794278574813666,0.48275862068965514,-1.3696598328341973,-0.09304804719406565,-0.7348024762733267,0.23244715024321597,0.48331290014984335,1.0078078078078079,0.1576979764675092,-0.15264396553438128,-0.5774683159146944,Specialty Retail,Consumer Cyclical,KIRK
2023Q3,2023,Q3,2022-12-02,2022-10-29,-7341000.0,130962000.0,-6660000.0,-0.58,32687000.0,0.2495914846,331574000.0,33065000.0,144686000.0,114340000.0,298509000.0,126315000.0,-141884000.0,46424560.0,254589560.0,2.592519993727458,1.2654014343186986,0.66172257173361,6.635717526084984,-0.016296094707742494,2.592519993727458,-0.22201723877211554,0.35448878300575737,-1.5810025882032421,1.4040393164978076,0.0,0.7780152792621621,0.0,0.3949706551177113,0.0983470351582998,-0.02213985415020478,-11.35908000978713,0.24959148455277103,0.7128712871287128,-2.90212899288656,0.1341395354687064,-0.6752759405247193,0.764480431848853,0.7144135382221358,0.6944954128440367,0.6421758658113578,-0.017562049568401777,-0.553814866605207,Specialty Retail,Consumer Cyclical,KIRK
2023Q2,2023,Q2,2022-08-30,2022-07-30,-25705000.0,102101000.0,-21800000.0,-2.02,18525000.0,0.1814379879,353440000.0,40111000.0,159305000.0,130006000.0,313329000.0,141702000.0,-134543000.0,39621400.0,248518400.0,3.148430141287284,1.2253665215451595,0.6202665233137166,5.465508214704196,-0.059909536972290775,3.148430141287284,-0.6408466505447383,0.38806084171555616,-0.3853472087142579,0.9877938720051856,0.0,0.5898011319529717,0.0,0.2888778859212313,0.07945787117517653,-0.0727280443639656,-2.630903054448871,0.18143798787475146,-2.2063492063492065,-7.544569296027407,-0.027824805374678865,-0.6124419308392369,-0.3452212639615439,-2.2724379376193506,-0.9648490310950879,-0.6629202948253347,-0.0567588614651574,-0.5661938822572548,Specialty Retail,Consumer Cyclical,KIRK
2023Q1,2023,Q1,2022-05-31,2022-04-30,-7855000.0,103285000.0,-11095000.0,-0.63,28292000.0,0.273921673,336016000.0,65207000.0,147231000.0,112860000.0,270809000.0,130855000.0,-108838000.0,90844950.0,280651950.0,5.189574214086749,1.3045454545454545,0.5808919813342222,2.993374944407809,-0.01853603155499881,5.189574214086749,-0.12046252702930667,0.879556082683836,-2.891309675366009,1.393177879675495,0.0,0.5730999961789768,0.0,0.30738119613351744,0.047687400318979264,-0.023376863006523498,-1.9737746056576717,0.27392167304061577,-1.6923076923076923,-5.932403903881004,-0.015320973809999562,-0.38031040522303683,-0.5177116361528757,-1.63082235785416,-1.7897921412300684,-0.00713425040144346,-0.08877390574074666,-0.37746594046428655,Specialty Retail,Consumer Cyclical,KIRK
2022Q4,2022,Q4,2022-03-25,2022-01-29,12452000.0,176191000.0,14048000.0,0.91,58662000.0,0.3329454966,331189000.0,81126000.0,149569000.0,134614000.0,250063000.0,114029000.0,-94730000.0,199160640.0,326446640.0,6.330056179775281,1.1110954284101209,0.45982505457608797,1.877191036165964,0.03223563562830155,6.330056179775281,0.15348963340975766,1.1303678394469638,3.9985672984259555,2.45495451519858,0.0,1.0306939462768243,0.0,0.5319953259317187,0.18573848188152792,0.037597867078918684,33.534372790031995,0.33294549664852346,0.7843137254901961,0.06252455694907255,0.0762158519609889,-0.24765745119572788,0.17764439001866983,0.7225065707566745,0.5423803249890207,0.012982024217979298,-0.06121018971535347,-0.28569090815379855,Specialty Retail,Consumer Cyclical,KIRK
2022Q3,2022,Q3,2021-12-02,2021-10-30,7229000.0,143630000.0,9108000.0,0.51,49813000.0,0.3468147323,339883000.0,75763000.0,152316000.0,138705000.0,264120000.0,115671000.0,-99716000.0,301344400.0,436727400.0,5.651846325997762,1.0981291229587975,0.4762168157866089,2.1363726357192827,0.01825440322918375,5.651846325997762,0.09541596821667568,2.098060293810485,10.421372250657077,3.977461293771366,0.0,0.8110675968911828,0.0,0.422586595975674,0.19464330773944702,0.021269083772945396,-131.24756097560976,0.34681473229826637,11.75,11.1334240690332,0.23213924699013627,-0.24212026010420473,0.25479873041463047,10.547923322683706,39.84304932735426,4.004041067034474,0.0734691809869764,-0.27814851790184464,Specialty Retail,Consumer Cyclical,KIRK
2022Q2,2022,Q2,2021-09-02,2021-07-31,626000.0,114790000.0,223000.0,0.04,39698000.0,0.3458315184249499,345125000.0,84602000.0,146044000.0,124557000.0,260523000.0,92017000.0,-90488000.0,275611980.0,403120980.0,5.97345195227,1.172507366105478,0.5005635639261137,2.0419966431053638,0.0014619772801286626,5.97345195227,0.007399352261175858,2.401010366756686,110.0686821086262,3.25774780738044,0.0,0.8160665963897975,0.0,0.33260412893879027,0.36948545645768605,0.0018138355668236147,-18.32282808137216,0.3458315184249499,-0.6363636363636365,1.1964512617830676,0.044533860148571185,-0.20117494073293316,-0.013836790460812322,-0.6358347876672484,-0.8914313534566699,1.1035121507599872,-0.04810348134894313,-0.2777128074505947,Specialty Retail,Consumer Cyclical,KIRK
2022Q1,2022,Q1,2021-06-01,2021-05-01,1719000.0,123569000.0,2054000.0,0.11,40255000.0,0.32576940818490074,365000000.0,95312000.0,157279000.0,128529000.0,269688000.0,76259000.0,-79106000.0,423132000.0,530520000.0,6.667506121021336,1.2236849271370664,0.492227397260274,1.884998740977002,0.003790256707833846,6.667506121021336,0.018035504448547925,3.424256892910034,61.53752181500873,4.4394409937888195,0.0,1.0925136705175782,0.0,0.33854520547945205,0.5623244559593554,0.004709589041095891,-15.958814211360036,0.32576940818490074,-0.9208633093525179,1.071587311042582,0.04999310085426714,-0.1347808311495877,-0.45609436435124506,-0.9184689812179851,-0.9270855520056798,3.1552619368838823,-0.04075918092553581,-0.2329250263010423,Specialty Retail,Consumer Cyclical,KIRK
2021Q4,2021,Q4,2021-03-26,2021-01-30,21084000.0,194918000.0,28170000.0,1.39,74011000.0,0.37970325983233977,387112000.0,94922000.0,170698000.0,137600000.0,292190000.0,62083000.0,-79469000.0,363390580.0,457002580.0,6.650458908428502,1.2405377906976744,0.501015210068404,2.0432460335854703,0.04364211077671545,6.650458908428502,0.2221192136701713,1.864325408633374,4.308842961487384,3.8283072417353194,0.0,1.9475057584201794,0.0,0.50351836161111,0.7291933139534884,0.05446485771559652,5.77213577736832,0.37970325983233977,0.6951219512195121,0.491697940042677,0.15067489675802911,-0.06850792765108125,0.399841122732689,0.7063774684363872,1.1576286764705883,0.8361306257477824,-0.027755528994393493,-0.24448186355112445,Specialty Retail,Consumer Cyclical,KIRK
2021Q3,2021,Q3,2020-12-03,2020-10-31,12356000.0,146609000.0,13056000.0,0.82,52871000.0,0.3606258824492357,366985000.0,73417000.0,136090000.0,126391000.0,293568000.0,83874000.0,-100375000.0,132230719.99999999,300086720.0,5.152431749596463,1.0767380588807747,0.558728558387945,2.7928817576310663,0.025572583930943193,5.152431749596463,0.16829889535121292,0.901927712486955,2.6754354159922307,1.8010913003800209,0.0,1.117604978896917,0.0,0.39949589220267856,0.3372866738929196,0.03366895104704552,13.721149735394832,0.3606258824492357,2.242424242424242,56.37867712614011,0.37277336630626257,-0.2684114604180551,0.4801511758118701,2.319662501335042,3.4426566884939196,6.87876802739518,0.13643303255153894,-0.35463620032001375,Specialty Retail,Consumer Cyclical,KIRK
2021Q2,2021,Q2,2020-09-03,2020-08-01,-9363000.0,124722000.0,-5345000.0,-0.66,35720000.0,0.2863969468097048,363266000.0,60812000.0,119272000.0,114980000.0,302454000.0,77078000.0,-112731000.0,75981740.0,277630740.0,4.305884018976138,1.0373282309966951,0.6309811543056603,3.769223179635598,-0.017691208168699287,4.305884018976138,-0.15396632243636124,0.6092088003720274,-2.028776567339528,1.2494530684733278,0.0,1.1547004333272788,0.0,0.34333518688784526,0.29332927465646197,-0.025774501329604203,2.0321950306239804,0.2863969468097048,-0.24528301886792453,-4.006109875573694,0.3234165712199262,-0.40146784832611326,2.4896443923407583,-0.2588061306802904,0.8062984706820323,-1.8075665552809812,0.07127279306541603,-0.4699643881117615,Specialty Retail,Consumer Cyclical,KIRK
2021Q1,2021,Q1,2020-06-04,2020-05-02,-7438000.0,77247000.0,-27594000.0,-0.53,10236000.0,0.1325100003883646,425964000.0,69851000.0,159179000.0,121071000.0,356113000.0,99075000.0,-103368000.0,12589601.0,261462601.0,4.992923516797712,1.314757456368577,0.6550154473147966,3.994402370760619,-0.012606620427173964,4.992923516797712,-0.10648380123405535,0.16297851049231685,-0.4231514183920409,0.1802350861118667,0.0,0.6763663890991672,0.0,0.18134631095585543,0.4307720263316566,-0.017461569522307048,-0.3138220953710397,0.1325100003883646,-0.5142857142857145,-4.623902516371209,-0.19549392205657362,-0.43531223168964767,-0.8362397209867852,-0.5124034160227735,-4.296353166986564,-4.895744048137918,-0.3385700837224941,-0.40379256115499423,Specialty Retail,Consumer Cyclical,KIRK
2020Q4,2020,Q4,2020-04-10,2020-02-01,-4918000.0,209411000.0,-5210000.0,-0.35,62506000.0,0.2984847978377449,422442000.0,76955000.0,131511000.0,141440000.0,345487000.0,94674000.0,-95930000.0,16018349.999999998,234776350.0,5.524804364993898,0.9298006221719457,0.5891696374886967,3.234227795464882,-0.00863822959968508,5.524804364993898,-0.06390747839646546,0.07649240011269703,-0.8142715534770231,0.2081521668507569,0.0,1.5516931786974248,0.0,0.4957153881479588,0.21303733031674207,-0.011641834855435776,0.3125470722522487,0.2984847978377449,0.7826086956521741,-1.3892147683738558,0.4426438750759101,-0.3729177712317766,0.5573549930237194,0.7795212050569353,0.6326070093787463,-1.3861188010253096,0.17692209235227785,-0.34336358484704066,Specialty Retail,Consumer Cyclical,KIRK
2020Q3,2020,Q3,2019-12-05,2019-11-02,-22306000.0,144936000.0,-14181000.0,-1.61,40136000.0,0.2769222277418999,466377000.0,80573000.0,152841000.0,145132000.0,385804000.0,140222000.0,-91012000.0,21355180.0,302152180.0,5.810413211220884,1.0531171623074167,0.6110914560537933,3.5371526441860177,-0.0356293865347392,5.810413211220884,-0.2768421183274794,0.1473421372191864,-0.23934345019277325,0.26504139103669966,0.0,0.7473862874584587,0.0,0.3107700422619469,0.028952953173662598,-0.04782825911226325,-0.6063883919697873,0.2769222277418999,-0.33057851239669434,-23.03226273177957,0.5390900125561485,-0.26081682466754624,0.5104052986113724,-0.30292056074766355,0.32349012498807367,-29.226230752431793,0.20191901186269556,-0.22085736249564833,Specialty Retail,Consumer Cyclical,KIRK
2020Q2,2020,Q2,2019-09-05,2019-08-03,-17120000.0,119885000.0,-20962000.0,-1.21,26573000.0,0.22165408516494975,468998000.0,102406000.0,131545000.0,138744000.0,366592000.0,108233000.0,-68463000.0,23987000.0,281598000.0,7.257689581856839,0.9481130715562475,0.5805163348244555,2.658643048258891,-0.026664514675170788,7.257689581856839,-0.16717770443138097,0.20008341327105142,-0.350277453271028,0.23423432220768314,0.0,0.8621400127502703,0.0,0.25561942694851575,0.10559015164619731,-0.036503353958865496,-1.4227164887307235,0.22165408516494975,-0.9516129032258064,-18.936464004890485,0.4232601046992127,-0.07746871612157252,-0.26632430492283055,-0.9190673691290214,-0.6521122320302648,-4.392777362852687,0.09499353736333728,-0.029434846602293233,Specialty Retail,Consumer Cyclical,KIRK
2020Q1,2020,Q1,2019-06-06,2019-05-04,-8921000.0,129648000.0,-12688000.0,-0.62,36219000.0,0.279364124398371,475423000.0,119808000.0,132527000.0,118918000.0,355615000.0,90406000.0,-50297000.0,84363640.0,332275640.0,8.336209295853047,1.1144402024924738,0.5898641841055229,2.3407034588675213,-0.013378082399727062,8.336209295853047,-0.07446080395299146,0.650713007528076,-2.3641867503643086,0.704156984508547,0.0,1.0334380461473796,0.0,0.272700311091386,0.27349097697573116,-0.01876434249079241,-3.6484729490118064,0.279364124398371,-1.6526315789473682,-6.2279495883791345,0.4422732052428549,0.04554493900364169,-0.5125696444432482,-1.63014763014763,-1.6649895178197065,-11.693204095299327,0.09574547560631341,0.08176099840103518,Specialty Retail,Consumer Cyclical,KIRK
2019Q4,2019,Q4,2019-03-29,2019-02-02,14157000.0,216147000.0,19080000.0,0.95,74306000.0,0.3437753010682545,277148000.0,130800000.0,157941000.0,86536000.0,146348000.0,84434000.0,-38677000.0,150699600.0,92753600.0,8.861788617886178,1.8251479153184802,0.0,0.0,0.10653101210857728,8.861788617886178,0.10823394495412844,0.6972088439811794,2.6612205975842342,1.1521376146788993,0.0,1.6799038302105787,0.0,0.7798973833475256,0.6696172691134326,0.05108101086783957,3.825833968012186,0.3437753010682545,6.277777777777778,0.3459641626069027,0.6229526960986934,0.1335021165842921,0.5927378732343044,6.0924460431654675,6.27363184079602,-0.03143666939922026,0.2338967277005031,0.24122048689470554,Specialty Retail,Consumer Cyclical,KIRK
2019Q3,2019,Q3,2018-12-06,2018-11-03,-2780000.0,154571000.0,-3618000.0,-0.18,46653000.0,0.30182246346339225,284641000.0,121250000.0,160910000.0,100728000.0,163391000.0,113759000.0,-47475000.0,162448140.0,138611140.0,7.82965258943562,1.5974704153760622,0.0,0.0,-0.023954059259744396,7.82965258943562,-0.022927835051546393,1.050961305807687,-14.608645683453236,1.3397784742268042,0.0,0.9486546119427913,0.0,0.5430384238391518,0.2366472083234056,-0.009766688565596664,-32.19982953419227,0.30182246346339225,0.5813953488372093,-4.07511879649617,0.6238694758246943,0.09730541744545601,0.26781346812326756,0.5860014892032762,0.5962504184800803,-10.464486441756236,0.3317152140670194,0.11172440154841841,Specialty Retail,Consumer Cyclical,KIRK
2019Q2,2019,Q2,2018-09-13,2018-08-04,-6715000.0,133899000.0,-8961000.0,-0.43,36798000.0,0.2748190800528757,277538000.0,130057000.0,151878000.0,84941000.0,147481000.0,95466000.0,-38141000.0,176445720.0,141086720.0,8.27018949510365,1.7880411108887346,0.0,0.0,-0.052833990360718404,8.27018949510365,-0.051631207855017416,1.3177523357157261,-6.569088607594937,1.3566799172670445,0.0,1.0171265162466219,0.0,0.4824528533029711,0.4162771806312617,-0.02419488502475337,-8.111700993012137,0.2748190800528757,-6.166666666666667,-11.709351500600292,0.5055959300467034,0.17365522520728574,-0.18789724576271186,-6.613378684807256,-4.531481481481482,-2.224334266934896,0.2759672374388284,0.14958375363583953,Specialty Retail,Consumer Cyclical,KIRK
2019Q1,2019,Q1,2018-06-07,2018-05-05,-882000.0,142454000.0,-1620000.0,-0.06,45312000.0,0.31808162634955844,282601000.0,137405000.0,157254000.0,82545000.0,145196000.0,83164000.0,-30594000.0,172307200.0,114065200.0,8.692117914979757,1.905069961838997,0.0,0.0,-0.00768002084641587,8.692117914979757,-0.0064189803864488195,1.2095637890125936,-48.83990929705215,1.2540096794148685,0.0,1.16807753354817,0.0,0.5040817265331686,0.7055787752135199,-0.003121008064373445,-9.046422008715282,0.31808162634955844,-1.0759493670886076,-1.5375849020736145,0.520686725438501,0.23342789312377846,-0.29616800509482905,-1.068558103381267,-1.0768027307637604,-1.3803029593556848,0.3129952144010605,-0.016942148064710238,Specialty Retail,Consumer Cyclical,KIRK
2018Q4,2018,Q4,2018-04-03,2018-02-03,12865000.0,224614000.0,21093000.0,0.79,64379000.0,0.28662060245576854,299197000.0,140761000.0,177399000.0,96940000.0,158436000.0,81255000.0,-26740000.0,174301900.0,94145900.0,8.802513914076668,1.8299876212089952,0.0,0.0,0.0904908455431587,8.802513914076668,0.09139605430481454,0.776006393190095,3.3871336960746214,1.238282620896413,0.0,1.9720017229708942,0.0,0.750722767942192,0.8268619764802971,0.04299842578635481,3.314543518360051,0.28662060245576854,6.2666666666666675,-0.036139842974449464,0.4725371243075773,0.2751790252112252,0.27387312517313706,6.446655376799322,6.599415980886647,-0.11314035805163558,0.3478475781969097,-0.0008876913402540963,Specialty Retail,Consumer Cyclical,KIRK
2018Q3,2018,Q3,2017-11-30,2017-10-28,-2362000.0,144979000.0,-3767000.0,-0.15,50538000.0,0.34858841625338843,280917000.0,127844000.0,158270000.0,86400000.0,153073000.0,107322000.0,-39219000.0,196959900.0,169074900.0,7.98376319240617,1.8318287037037038,0.0,0.0,-0.01929518827991493,7.98376319240617,-0.018475642188917743,1.3585408921292048,-20.846729466553768,1.5406268577328621,0.0,0.8799780101004454,0.0,0.5160919417479184,0.32274305555555555,-0.008408177504387417,-9.531547619047618,0.34858841625338843,0.375,-5.051611611238945,0.598148044744466,0.32371145851147887,0.12319146571841316,0.3738069989395546,0.33865870786516855,-3.0203523129520753,0.3332225799187182,0.015670179234145227,Specialty Retail,Consumer Cyclical,KIRK
2018Q2,2018,Q2,2017-09-07,2017-07-29,-3772000.0,131683000.0,-5696000.0,-0.24,44995000.0,0.34169179013236334,259813000.0,129769000.0,141542000.0,64814000.0,130044000.0,73391000.0,-36639000.0,153190660.0,104496660.0,8.123763615875799,2.183818310858765,0.0,0.0,-0.029418235343045707,8.123763615875799,-0.029067034499764968,1.1633290553830031,-10.153145546129373,1.18048732748191,0.0,1.181180253709583,0.0,0.5068376101272839,0.7512883019100811,-0.014518134196518265,-13.935291549167653,0.34169179013236334,-1.6666666666666667,-1.0657266104490404,0.5825172591430923,0.3815870718561407,-0.05520325886107845,-1.6285714285714286,-1.5004389815627743,-2.8799791367132728,0.3809007769480264,0.03261871342826844,Specialty Retail,Consumer Cyclical,KIRK
2018Q1,2018,Q1,2017-06-05,2017-04-29,-1435000.0,132841000.0,-2278000.0,-0.09,47624000.0,0.3585037751898887,263090000.0,133263000.0,145262000.0,66439000.0,129827000.0,74669000.0,-32867000.0,187136880.0,127332880.0,8.374473700747815,2.1863965441984377,0.0,0.0,-0.01088766734572327,8.374473700747815,-0.010768180215063447,1.4087283293561477,-32.60224390243902,1.4042673510276673,0.0,1.141263442660274,0.0,0.5049260709262989,0.9001339574647421,-0.005454407237067163,-44.250858358950104,0.3585037751898887,-1.0999999999999999,-1.8426900234217933,0.559585847017469,0.3043126058326812,-0.398557771238776,-1.0986729010520526,-1.099138306205936,-1.7595124523660668,0.3346856637673831,0.050344141310332,Specialty Retail,Consumer Cyclical,KIRK
2017Q4,2017,Q4,2017-03-31,2017-01-28,14543000.0,203160000.0,22978000.0,0.9,79183000.0,0.3897568418980114,270146000.0,133813000.0,153040000.0,74441000.0,136333000.0,75447000.0,-31432000.0,217089600.0,153152600.0,8.413795271629779,2.055856315739982,0.0,0.0,0.1086342407375997,8.413795271629779,0.10868151823813829,1.0685646780862375,3.731857250911091,1.6223356475080897,0.0,1.6432329979985951,0.0,0.7520377869744509,0.8588949637968324,0.05383385280551998,6.099393122049899,0.3897568418980114,19.0,0.1872812386574022,0.6882843064692223,0.4092116691710837,0.5686635762114188,18.1903073286052,15.289800995024876,0.2832056379735496,0.41571177463633613,0.07619975606844899,Specialty Retail,Consumer Cyclical,KIRK
2017Q3,2017,Q3,2016-12-08,2016-10-29,-846000.0,138240000.0,-1608000.0,-0.05,50478000.0,0.36514756944444443,264820000.0,118551000.0,147752000.0,82387000.0,146269000.0,99989000.0,-45975000.0,198712500.0,170452500.0,7.457444800905831,1.7933897338172284,0.0,0.0,-0.007109640733417353,7.457444800905831,-0.0071361692436166715,1.4374457465277777,-58.721187943262414,1.6761773413973733,0.0,0.8777165488203702,0.0,0.522014953553357,0.34301528153713573,-0.003194622762631221,-140.33368644067798,0.36514756944444443,0.7727272727272727,-1.85003041078547,0.784328348141756,0.26837949195992034,0.19409552196437443,0.7628259041211102,0.7272264631043257,-1.9116151744713736,0.4147539253387974,0.04514146532832,Specialty Retail,Consumer Cyclical,KIRK
2017Q2,2017,Q2,2016-09-06,2016-07-30,-3567000.0,123017000.0,-5895000.0,-0.22,42273000.0,0.34363543250119905,238962000.0,118553000.0,123621000.0,58830000.0,120409000.0,74166000.0,-45129000.0,241614960.0,212033960.0,7.477797401286741,2.101325854156043,0.0,0.0,-0.030016522768956153,7.477797401286741,-0.03008780882811907,1.9640778103839307,-16.93404541631623,2.038033284691235,0.0,1.0886929320712995,0.0,0.5147973317933395,0.5028216896141424,-0.014927059532477967,-28.472184774923402,0.34363543250119905,-4.666666666666667,-8.354450375299608,0.7263317204671723,0.21483847461784153,-0.14663786664513395,-4.89410480349345,-4.868110236220472,-5.6966854610714455,0.3720680381800236,0.06120373641470617,Specialty Retail,Consumer Cyclical,KIRK
2017Q1,2017,Q1,2016-06-06,2016-04-30,916000.0,129911000.0,1524000.0,0.06,49537000.0,0.38131490020090675,232222000.0,121603000.0,120937000.0,52400000.0,110619000.0,69107000.0,-41562000.0,259107600.00000003,220904600.00000003,7.706147021546261,2.3079580152671757,0.0,0.0,0.0076025485821220535,7.706147021546261,0.007532708896984449,1.994500850582322,70.71713973799127,2.1307665106946376,0.0,1.1630370295339112,0.0,0.5594258941874586,0.7290648854961832,0.003944501382297973,-43.02683493855862,0.38131490020090675,-0.9381443298969072,-0.6353220344404329,0.7367345411395715,0.25509435976065453,-0.38477110708164636,-0.9448259245873991,-0.9429811433702484,-0.44070120959584586,0.389251775919766,0.09351676747358315,Specialty Retail,Consumer Cyclical,KIRK
2016Q4,2016,Q4,2016-04-08,2016-01-30,16602000.0,198970000.0,26728000.0,0.97,80518000.0,0.4046740714680605,238585000.0,119695000.0,131109000.0,59495000.0,118890000.0,68222000.0,-42478000.0,198329950.0,153977950.0,7.139576498657918,2.2036977897302292,0.0,0.0,0.1389781207805077,7.139576498657918,0.1387025356113455,0.9967831833944816,2.9865370136128178,1.656961025940933,0.0,1.7362727565887837,0.0,0.8339585472682691,0.7454744096142533,0.06958526311377497,6.350216124487705,0.4046740714680605,49.5,0.3671225874972208,0.6879121903887846,0.19838946462353188,0.6739360928047234,62.48888888888889,29.678111587982833,0.18641522907918426,0.24419684612238218,0.034277058673023206,Specialty Retail,Consumer Cyclical,KIRK
2016Q3,2016,Q3,2015-12-10,2015-10-31,-270000.0,129238000.0,-932000.0,-0.02,48101000.0,0.3721892941704452,258503000.0,121439000.0,149396000.0,80889000.0,137064000.0,95460000.0,-39814000.0,396416570.0,364058570.0,7.042799976802181,1.8469260344422604,0.0,0.0,-0.002195075689112802,7.042799976802181,-0.002223338466225842,3.0673375477800646,-367.0523796296296,3.264326699001144,0.0,0.8499580976325163,0.0,0.4999477762347052,0.40002967028891445,-0.0010444753058958696,-29.683007862223885,0.3721892941704452,0.8461538461538461,-1.1366531221361373,0.6076574081734349,0.3608293621930633,0.13146876176138503,0.881993006993007,0.7482441923284711,0.3575863003493057,0.32300660366255873,0.16769934235583728,Specialty Retail,Consumer Cyclical,KIRK
2016Q2,2016,Q2,2015-09-10,2015-08-01,-2288000.0,115289000.0,-3702000.0,-0.13,42512000.0,0.3687428982817094,230539000.0,124292000.0,133070000.0,53270000.0,106247000.0,65895000.0,-36177000.0,471316560.0,422190560.0,7.194073045088847,2.4980289093298294,0.0,0.0,-0.01833891142206638,7.194073045088847,-0.018408264409616064,4.088131218069374,-51.49875,3.7920104270588615,0.0,1.1044388800364215,0.0,0.5000845843870234,0.9222076215505913,-0.009924568077418571,-26.689878249051475,0.3687428982817094,-1.9285714285714286,-1.8084281294280211,0.48006694955850826,0.4312302135680736,-0.10807125023603215,-1.9047054171609332,-1.9035879912130826,-0.15851730944799441,0.2810083545453202,0.2234770462375117,Specialty Retail,Consumer Cyclical,KIRK
2016Q1,2016,Q1,2015-06-11,2015-05-02,2529000.0,118310000.0,4097000.0,0.14,47663000.0,0.4028653537317217,254401000.0,152417000.0,163685000.0,50918000.0,101984000.0,58291000.0,-7167000.0,418711020.0,325274020.0,8.84191901612716,3.2146785026906004,0.0,0.0,0.01665360975880988,8.84191901612716,0.016592637304237715,3.5391008367847183,41.39096678529063,2.74714119816031,0.0,1.2119709732205657,0.0,0.4650532034072193,1.8350485093680036,0.009940998659596464,-127.22911577028259,0.4028653537317217,-0.8390804597701149,-0.554893343630485,0.45211850491829236,0.8317613567154294,-0.37833572453371594,-0.8374051690883374,-0.8373044237947741,0.37097636251794863,0.28222367052506936,0.3771165621376929,Specialty Retail,Consumer Cyclical,KIRK
2015Q4,2015,Q4,2015-04-14,2015-01-31,15554000.0,178683000.0,25182000.0,0.87,76670000.0,0.4290839083740479,260487000.0,151062000.0,167329000.0,57380000.0,109425000.0,55775000.0,-7953000.0,398987420.0,299849420.0,8.810334771958475,2.9161554548623214,0.0,0.0,0.10293164569520286,8.810334771958475,0.10296434576531491,2.232934414577772,6.412939115340105,2.6412163217751647,0.0,1.8290094128193635,0.0,0.6859574566101188,1.7277448588358313,0.05971123319014001,9.201102783479003,0.4290839083740479,11.428571428571429,-0.19072228430072108,0.437405717969402,0.9611047484714258,0.6757737366672495,11.344444444444445,11.776255707762557,0.17783713671907544,0.37731780710656615,0.4756273678076666,Specialty Retail,Consumer Cyclical,KIRK
2015Q3,2015,Q3,2014-12-11,2014-11-01,1260000.0,117198000.0,1971000.0,0.07,45752000.0,0.3903820884315432,242424000.0,135658000.0,149616000.0,57345000.0,106766000.0,77456000.0,-22637000.0,307192400.0,250550400.0,7.860586394715495,2.6090504839131574,0.0,0.0,0.00929277738068252,7.860586394715495,0.009288062628079435,2.621140292496459,60.950873015873015,2.2644621032301817,0.0,0.9224075604214005,0.0,0.4834422334422334,0.987740866684105,0.005197505197505198,-33.474163670044675,0.3903820884315432,2.166666666666667,-0.7416744046889606,0.4486118148667804,1.3482505444369945,0.20803738811290365,2.1943127962085307,2.0534473543559595,0.16616326047736493,0.3934325786932465,0.33694674838562033,Specialty Retail,Consumer Cyclical,KIRK
2015Q2,2015,Q2,2014-09-11,2014-08-02,-1055000.0,103485000.0,-1871000.0,-0.06,37873000.0,0.3659757452770933,229460000.0,136377000.0,141194000.0,44874000.0,93083000.0,57364000.0,-21199000.0,325031250.0,256563250.0,7.86714738967407,3.146454517092303,0.0,0.0,-0.008454372016713702,7.86714738967407,-0.007735908547628999,3.1408537469198436,-77.02162322274881,2.383328933764491,0.0,1.1437835576319644,0.0,0.450993637235248,1.5257833043633284,-0.004597751242046544,-25.72263770180437,0.3659757452770933,-1.5,-1.3478041008520019,0.339931573481005,1.5821498002795757,-0.1110041782075959,-1.5133819951338199,-1.5570110151830903,-1.5303618642438226,0.3281634685153911,0.27809203988607756,Specialty Retail,Consumer Cyclical,KIRK
2015Q1,2015,Q1,2014-06-12,2014-05-03,2055000.0,108255000.0,3359000.0,0.12,42602000.0,0.39353378596831556,229368000.0,137998000.0,144572000.0,43201000.0,91370000.0,50702000.0,-18909000.0,294582160.0,212164160.0,7.973076034203836,3.3464966088747947,0.0,0.0,0.014834109205461177,7.973076034203836,0.014891520166958942,2.721187566394162,35.837245742092456,2.1346842707865332,0.0,1.294879886395014,0.0,0.47197080673851627,1.9077799125020254,0.008959401485821911,-43.908504993292595,0.39353378596831556,-0.8260869565217391,-0.3287828355673013,0.4759767224877541,1.8002040044390506,-0.3408528283203367,-0.8332792471199091,-0.8364335800545384,-0.2540907579799353,0.31945806721303915,0.29856888695385353,Specialty Retail,Consumer Cyclical,KIRK
2014Q4,2014,Q4,2014-04-17,2014-02-01,12326000.0,156073000.0,20536000.0,0.69,64632000.0,0.4141139082352489,235448000.0,135229000.0,153281000.0,52647000.0,100219000.0,52637000.0,-20964000.0,325702510.0,236652510.0,7.818060935422327,2.911485934621156,0.0,0.0,0.0911313372909366,7.818060935422327,0.09114908784358385,2.0868600590749202,6.60600580074639,2.4085256121098286,0.0,1.7372000683929556,0.0,0.6628767286194829,1.6999259217049405,0.052351262274472496,9.19102943251404,0.4141139082352489,10.499999999999998,-0.06889283280246038,0.32526605682139337,1.9312314958734205,0.5712167254163122,11.228174603174603,11.122786304604487,-0.01621094864723459,0.2832840620512196,0.31227417488363496,Specialty Retail,Consumer Cyclical,KIRK
2014Q3,2014,Q3,2013-12-12,2013-11-02,1008000.0,106134000.0,1694000.0,0.06,41135000.0,0.38757608306480484,219121000.0,123206000.0,137634000.0,48637000.0,95915000.0,68833000.0,-33290000.0,306489250.0,251855250.0,7.135344877512017,2.8298209182309764,0.0,0.0,0.008239788961279297,7.135344877512017,0.008181419736051816,2.8877574575536586,76.01419890873015,2.4876162686882135,0.0,0.9442999723969607,0.0,0.48436252116410566,1.2156383000596254,0.004600198064083315,-32.89923250322027,0.38757608306480484,3.0,1.779183517385619,0.4052853160615537,2.7682328615060237,0.1540835507673316,2.7469670710571923,2.5772811918063314,-0.49053744923985476,0.31841989848649754,0.3787111448110568,Specialty Retail,Consumer Cyclical,KIRK
2014Q2,2014,Q2,2013-09-12,2013-08-03,-577000.0,97123000.0,-1074000.0,-0.03,35643000.0,0.3669882520103374,210650000.0,121017000.0,131356000.0,42912000.0,89633000.0,53979000.0,-34298000.0,308960260.0,245471260.0,7.046523815069291,3.061055182699478,0.0,0.0,-0.004685042662338783,7.046523815069291,-0.004767925167538445,3.1811235237791253,-133.86493067590987,2.5530318880818395,0.0,1.138961447970507,0.0,0.4610633752670306,1.5765520134228188,-0.002739140754806551,-27.83175029276642,0.3669882520103374,-1.3,0.610814767772431,0.26559771081486083,2.5907846894958113,-0.09549307212099681,-1.3254371122391426,-1.3787023977433004,-1.2050964221066458,0.2543318556885989,0.40187592224115176,Specialty Retail,Consumer Cyclical,KIRK
2014Q1,2014,Q1,2013-06-13,2013-05-04,1773000.0,101233000.0,2836000.0,0.1,39406000.0,0.38926041903331915,209873000.0,120386000.0,131229000.0,42652000.0,89487000.0,47889000.0,-33721000.0,213025010.0,138914010.0,7.04712287069016,3.0767373159523586,0.0,0.0,0.014758850784980869,7.04712287069016,0.014727626135929426,2.1043040312941432,30.037367456288777,1.7695164720150185,0.0,1.2910480486124163,0.0,0.4823536138521868,1.761371096314358,0.008447966150957961,34.144095207565314,0.38926041903331915,-0.8780487804878049,1.7973572051042697,0.38187817454703266,2.446822776668362,-0.40414915172226085,-0.8756051357608925,-0.8769951422623178,-0.6851188007823543,0.25379186640243184,0.4599372972101526,Specialty Retail,Consumer Cyclical,KIRK
2013Q4,2013,Q4,2013-04-18,2013-02-02,14253000.0,162885000.0,23056000.0,0.82,66134000.0,0.4060165147189735,208404000.0,117875000.0,128346000.0,43171000.0,90529000.0,49577000.0,-35494000.0,193471080.0,125674080.0,6.902963223237292,2.9729679646058695,0.0,0.0,0.12089525062104574,6.902963223237292,0.12091622481442206,1.1877771433833686,3.3935150494632706,1.6413241145281017,0.0,1.9515299433204913,0.0,0.7815828870847009,1.570429223321211,0.06839120170438187,5.792547305389221,0.4060165147189735,42.0,9.932630749857331,0.34620339496143276,2.1646283830091377,0.944031276639525,35.26201923076923,31.906166219839143,-0.2553735726594339,0.31569098250236843,0.5365402457465299,Specialty Retail,Consumer Cyclical,KIRK
2013Q3,2013,Q3,2012-12-06,2012-10-27,-416000.0,96688000.0,-746000.0,-0.02,34019000.0,0.3518430415356611,192687000.0,102937000.0,114423000.0,47667000.0,89750000.0,64191000.0,-49747000.0,162136500.0,127797500.0,6.031347044003047,2.400465731008874,0.0,0.0,-0.003940934492516871,6.031347044003047,-0.004041306818733789,1.6769040625517126,-97.43780048076923,1.5751041899414204,0.0,0.9762895109906373,0.0,0.501787873598115,0.8143579415528562,-0.002158941703384245,-10.613805970149254,0.3518430415356611,0.8181818181818181,0.9553133727856877,0.24644271831075945,1.8542148630398092,0.13419350536774022,0.7916875312969455,0.8112348178137652,-1.0862429295713725,0.20847501423200876,0.8017884758941359,Specialty Retail,Consumer Cyclical,KIRK
2013Q2,2013,Q2,2012-09-06,2012-07-28,-1997000.0,91004000.0,-3952000.0,-0.11,29994000.0,0.3295899081359061,186238000.0,102724000.0,114887000.0,43355000.0,83514000.0,49773000.0,-49331000.0,191820600.0,142206600.0,5.880022896393818,2.6499135047860687,0.0,0.0,-0.019332820374606197,5.880022896393818,-0.019440442350375765,2.1078260296250715,-24.013595393089634,1.8673396674584324,0.0,1.225764972977317,0.0,0.48864356361215217,1.230330988351978,-0.01072283851845488,-18.608905704307332,0.3295899081359061,-2.1,0.7589050281307927,0.16283154603804667,1.2171882843663757,-0.22030726039148404,-2.0214833759590793,-2.2466876971608833,-1.6532677887495206,0.16922108759750645,0.9299371418274209,Specialty Retail,Consumer Cyclical,KIRK
2013Q1,2013,Q1,2012-06-07,2012-04-28,1955000.0,97788000.0,3170000.0,0.1,38469000.0,0.39339182721806354,194549000.0,117298000.0,130489000.0,38618000.0,77251000.0,47484000.0,-33937000.0,271111960.0,236582960.0,6.420603207619465,3.3789683567248434,0.19857722219081053,0.3293577043086839,0.012525742742326635,6.420603207619465,0.01666695084315163,2.7724461079069007,34.66904859335038,2.311309314736824,0.0,1.2492418498862774,0.0,0.5026394378794031,1.8945051530374437,0.01004888228672468,-39.624665302543114,0.39339182721806354,-0.8666666666666667,1.2780253927118759,0.26693085197189453,1.0639280023437119,-0.40012163173652693,-0.8711951508762683,-0.868218665558096,-0.39503520813215304,0.2631333987328168,1.2549639230532637,Specialty Retail,Consumer Cyclical,KIRK
2012Q4,2012,Q4,2012-04-12,2012-01-28,15178000.0,149110000.0,24055000.0,0.75,64128000.0,0.4300717591040172,202589000.0,117662000.0,139870000.0,46543000.0,84927000.0,47306000.0,-32690000.0,281613030.0,198490030.0,5.970568833409448,3.0051780074339858,0.0,0.0,0.12865432365639962,5.970568833409448,0.12899661742958643,1.8886260478841124,4.63850688496508,2.393406792337373,0.0,1.7964317422737073,0.0,0.7360221927153004,1.7859398835485465,0.0749201585476013,7.371104043973302,0.4300717591040172,11.5,0.31392940107826783,-0.12196903819030998,0.706717427254947,0.7747765200785985,11.171611868484362,11.502598752598752,0.0063344114293978635,0.11130261294181948,1.2385498856212995,Specialty Retail,Consumer Cyclical,KIRK
2012Q3,2012,Q3,2011-12-08,2011-10-29,1247000.0,97071000.0,1924000.0,0.06,36133000.0,0.3722326956557571,198251000.0,117108000.0,136297000.0,46120000.0,81143000.0,59940000.0,-32148000.0,225471760.0,165128760.0,5.879505974495431,2.955268863833478,0.0,0.0,0.010670474405392172,5.879505974495431,0.010648290466919424,2.3227509760896665,45.202838813151565,1.9253318304471088,0.0,1.01664998331665,0.0,0.4896368744672158,1.366153512575889,0.006290006103374005,-39.73070660792951,0.3722326956557571,4.0,1.415044128934085,-0.010866724296741318,1.0285166734937834,0.1714378343329551,3.597916666666667,4.00625,1.8356354186085453,0.1142192070139707,2.105014263899169,Specialty Retail,Consumer Cyclical,KIRK
2012Q2,2012,Q2,2011-09-08,2011-07-30,-480000.0,89701000.0,-640000.0,-0.02,30845000.0,0.3438646168939031,193380000.0,122843000.0,139199000.0,38538000.0,70537000.0,47656000.0,-25768000.0,215336029.99999997,172227029.99999997,6.15538407576289,3.6119933572058747,0.16546178508635848,0.26047068209014757,-0.003317698105024153,6.15538407576289,-0.003907426552591519,2.4005978751630415,-112.15418229166666,1.7529369194825914,0.0,1.235017626321974,0.0,0.4638587237563347,2.0495614717940733,-0.0024821594787465093,-13.145475245711493,0.3438646168939031,-1.1333333333333333,0.9161685244373358,-0.03996024002893621,1.0264827801789709,-0.1901648813274522,-1.1514195583596214,-1.1238869531552458,0.7213891803623362,0.005882095321144091,2.1366755406329903,Specialty Retail,Consumer Cyclical,KIRK
2012Q1,2012,Q1,2011-06-06,2011-04-30,3170000.0,94403000.0,5166000.0,0.15,38088000.0,0.40346175439339854,193603000.0,122276000.0,145255000.0,40712000.0,71327000.0,44620000.0,-25288000.0,300517350.0,240878350.0,6.139894551845343,3.5678669679701316,0.1581328801723114,0.2503761981091956,0.02088329597856744,6.139894551845343,0.025924956655435243,3.1833453386015274,23.70010646687697,2.457696931531944,0.0,1.2621021963245183,0.0,0.48761124569350683,2.2168893692277463,0.016373713217253866,-290.07466216216216,0.40346175439339854,-0.7857142857142857,2.0199398684076746,-0.007816398788853922,0.864009900360528,-0.3553693830921554,-0.7795855931024892,-0.7672029201027444,2.22288967925596,0.10539444147552539,2.003087753111633,Specialty Retail,Consumer Cyclical,KIRK
2011Q4,2011,Q4,2011-04-14,2011-01-29,14382000.0,139606000.0,22191000.0,0.7,59085000.0,0.4232267954099394,195077000.0,118289000.0,146670000.0,45889000.0,76788000.0,44452000.0,-28458000.0,267645400.0,176423400.0,5.957642911105515,3.1961908082547015,0.0,0.0,0.12133206844580209,5.957642911105515,0.12158357920009469,1.917148260103434,4.652437074120429,2.2626398058991115,0.0,1.8114145595248807,0.0,0.7156456168589839,1.9878838065767395,0.07372473433567259,8.312743423300308,0.4232267954099394,5.363636363636363,0.39192511870415925,-0.11458777267456399,0.7330704998906208,0.6415691940099464,5.310662571303203,4.892458842272968,8.487546862403432,-0.007684150995757015,1.7312510935667194,Specialty Retail,Consumer Cyclical,KIRK
2011Q3,2011,Q3,2010-12-09,2010-10-30,2279000.0,92725000.0,3766000.0,0.11,35993000.0,0.3881693178754381,180813000.0,102933000.0,131348000.0,47548000.0,77880000.0,56851000.0,-42840000.0,267507050.0,239008050.0,5.175373321936749,2.7624295448809626,0.16775342480905686,0.294677120068394,0.01697058279917865,5.175373321936749,0.022140615740335948,2.884950660555406,29.344783896445808,2.5988463369376196,0.0,0.9979068090271059,0.0,0.5128226399650467,1.3073736014133086,0.01260418222141107,-38.618023675472784,0.3881693178754381,-0.3125,1.8937611813333262,-0.000589301666377112,0.7761353617721943,0.03362816610188961,-0.29920049200492005,-0.25631911532385465,1.210074245395277,0.025748358467642306,1.449142347386389,Specialty Retail,Consumer Cyclical,KIRK
2011Q2,2011,Q2,2010-09-09,2010-07-31,3252000.0,89504000.0,5064000.0,0.16,34822000.0,0.3890552377547372,167806000.0,99786000.0,123198000.0,40297000.0,68020000.0,43413000.0,-45119000.0,334704720.0,269016720.0,5.026496070924844,3.057249919348835,0.0,0.0,0.031989620804610264,5.026496070924844,0.032589742047982685,3.739550411154809,25.73068265682657,3.354225242017918,0.0,1.2595766245133946,0.0,0.5333778291598632,1.7164056877683203,0.019379521590407973,-40.345313404050145,0.3890552377547372,-0.5,1.5557636618199142,0.0029017792702322985,0.6499668474790457,-0.1430751058175017,-0.50107394906413,-0.5376609148178582,1.3455009641104068,0.006438881597838147,0.8953477556529842,Specialty Retail,Consumer Cyclical,KIRK
2011Q1,2011,Q1,2010-06-08,2010-05-01,6518000.0,93465000.0,10953000.0,0.32,40636000.0,0.4347723746857112,162810000.0,95454000.0,121287000.0,39886000.0,67356000.0,38325000.0,-48371000.0,440389250.0,394283250.0,4.82700379266751,3.0408413979842552,0.16872427983539096,0.2877825968529344,0.05290870059369346,4.82700379266751,0.0682841997192365,4.711809233402878,16.891272246087755,4.613628030255411,0.0,1.3784474885844749,0.0,0.5740740740740741,1.8446572732287019,0.040034395921626435,-151.49269005847952,0.4347723746857112,-0.7064220183486238,4.8394565675442935,0.07622835635479797,0.448123659163537,-0.37116417263737794,-0.7047739831506477,-0.6407792463349841,1.856348104736763,0.11870258647262566,0.5516592402537758,Specialty Retail,Consumer Cyclical,KIRK
2010Q4,2010,Q4,2010-04-15,2010-01-30,22078000.0,142797000.0,30491000.0,1.09,64621000.0,0.4525375182952023,165541000.0,88485000.0,123650000.0,48078000.0,77056000.0,39355000.0,-54889000.0,304500160.0,228088160.0,4.492536555645817,2.5718623902824578,0.0,0.0,0.2497241590368408,4.492536555645817,0.24951121659038256,2.1323988599200265,3.448004348219948,3.4412630389331524,0.0,1.9864312031508067,0.0,0.8626080548021337,1.5893339989184243,0.13336877269075334,7.7402175902389425,0.4525375182952023,3.037037037037037,0.9063285911184276,-0.03379214154242203,0.3267194487350231,0.6942215929945992,2.963734290843806,2.9894020672510795,0.9123161475906875,-0.15867339069738254,0.2842143933080103,Specialty Retail,Consumer Cyclical,KIRK
2010Q3,2010,Q3,2009-12-11,2009-10-31,5570000.0,92389000.0,7643000.0,0.27,38142000.0,0.41284135557263313,142970000.0,65971000.0,100861000.0,47518000.0,76999000.0,53701000.0,-76967000.0,247926640.0,210909640.0,3.3474223665516543,2.122585125636601,0.0,0.0,0.08435378072143604,3.3474223665516543,0.08443103788028072,2.6835082098518224,11.127766606822263,3.7581155356141336,0.0,1.0101674084281485,0.0,0.6462124921312163,0.822803990066922,0.038959222214450584,-161.93771391247552,0.41284135557263313,0.5882352941176471,2.871184667535286,0.08985097597292616,0.17254790086636704,0.13622687598677352,0.6173054587688734,0.6002931323283082,2.8736401790034956,-0.04854391156457446,0.15491031274252287,Specialty Retail,Consumer Cyclical,KIRK
2010Q2,2010,Q2,2009-09-09,2009-08-01,3444000.0,87688000.0,4776000.0,0.17,33569000.0,0.3828231913146611,128540000.0,59966000.0,85040000.0,39625000.0,68574000.0,38605000.0,-82537000.0,271808420.0,233317420.0,3.0467432171527284,2.146119873817035,0.0,0.0,0.057038435317130945,3.0467432171527284,0.05743254510889504,3.0997219687984674,19.73057636469222,4.532708868358736,0.0,1.401865043388162,0.0,0.6821845339971994,0.9713817034700315,0.026793216119495877,37.13737122557726,0.3828231913146611,0.0,2.263080957918617,0.010333019103820376,0.012628801824986345,0.04335799092434885,-0.0097757331799885,0.18570009930486595,1.6098949617541076,-0.048391900936180614,0.0030523829533519856,Specialty Retail,Consumer Cyclical,KIRK
2010Q1,2010,Q1,2009-06-09,2009-05-02,3478000.0,83320000.0,4028000.0,0.17,32174000.0,0.3861497839654345,121371000.0,55984000.0,77012000.0,36493000.0,65387000.0,39018000.0,-85981000.0,131932020.0,100855020.0,2.8473197029803683,2.1103225276080346,0.0,0.0,0.06162006114386359,2.8473197029803683,0.062124892826521866,1.5834375900144022,9.483325186889015,2.356602243498142,0.0,1.310830898559639,0.0,0.6864901829926424,0.8515879757761763,0.02865593922765735,-24.123609434997256,0.3861497839654345,-0.7763157894736842,2.9916660982366707,-0.016090994592824086,-0.09236124405260847,-0.3770402927565977,-0.7684729064039408,-0.744270205066345,2.1334373053362152,-0.11303163740416415,-0.13558252979249322,Specialty Retail,Consumer Cyclical,KIRK
2009Q4,2009,Q4,2009-04-20,2009-01-31,15022000.0,133638000.0,15751000.0,0.76,51647000.0,0.38646941738128376,126764000.0,52351000.0,81322000.0,43831000.0,74413000.0,38686000.0,-89459000.0,51621640.0,15176640.0,2.667159160383126,1.8553535169172504,0.0,0.0,0.2840979012336211,2.667159160383126,0.28694771828618365,0.3862796509974708,0.8591006523765145,0.9860678879104505,0.0,2.1193971979527477,0.0,1.0542267520747215,0.8314891286988662,0.11850367612255845,1.501021778953796,0.38646941738128376,11.857142857142858,0.013776464776129507,-0.022822469573175533,-0.14225818526122253,0.8042620087336244,11.212100611828689,11.35568704799474,0.4706800036837571,-0.14263600593738418,-0.2241269024773938,Specialty Retail,Consumer Cyclical,KIRK
2009Q3,2009,Q3,2008-12-16,2008-11-01,-1471000.0,85878000.0,-1521000.0,-0.07,28625000.0,0.33332168890751995,113991000.0,37178000.0,66438000.0,44023000.0,76813000.0,58773000.0,-104481000.0,41231400.0,39211400.0,1.8935520016298257,1.5091656634032211,0.0,0.0,-0.037992746198876166,1.8935520016298257,-0.039566410242616604,0.4801159784811011,-7.007375934738274,1.109026843832374,0.0,0.9741377843567625,0.0,0.7533752664684054,0.04588510551302728,-0.012904527550420647,-7.422394239423943,0.33332168890751995,0.22222222222222213,-1.769259282593109,-0.005647624114450991,-0.189435197653508,0.027126915210448885,0.13164108618654075,0.12384792626728111,0.41562181302260576,-0.06236624236837903,-0.3501522575784617,Specialty Retail,Consumer Cyclical,KIRK
2009Q2,2009,Q2,2008-07-31,2008-07-31,-1694000.0,87684000.0,-1736000.0,-0.09,27869000.0,0.3178344966014324,109413000.0,38508000.0,57001000.0,36227000.0,70905000.0,42718000.0,-103010000.0,42189450.0,37490450.0,1.9623910717015747,1.5734396996715156,0.0,0.0,-0.04532233311417967,1.9623910717015747,-0.04399085904227693,0.48115334610647326,-6.2263060802833525,1.095602212527267,0.0,1.400229411489302,0.0,0.8014038551177648,0.1297098848924835,-0.015482620895140431,-41.16043902439024,0.3178344966014324,0.30769230769230776,-3.148803239493777,0.07631482157752556,-0.12540916309939432,0.03571428571428571,0.33620689655172414,0.38548672566371683,0.7071185411539421,-0.006025659563276749,-0.3558375129694027,Specialty Retail,Consumer Cyclical,KIRK
2009Q1,2009,Q1,2008-06-11,2008-05-03,-2552000.0,84077000.0,-2825000.0,-0.13,26908000.0,0.32003996336691365,113662000.0,40085000.0,57235000.0,37792000.0,73577000.0,41578000.0,-101316000.0,35290800.0,29622800.0,2.044527185555442,1.5144739627434378,0.0,0.0,-0.07047524011475614,2.044527185555442,-0.06366471248596732,0.4197438062728213,-3.4571708463949844,0.8803991518024199,0.0,1.3749819616143153,0.0,0.7397107212612835,0.17289373412362405,-0.02245253470816984,-35.683316481294234,0.32003996336691365,-2.7038007863695936,-3.1647524779455805,0.10517771055380543,-0.03489994727833839,-0.3721299234646257,-2.712751677852349,-1.5442111346561356,-0.5162246990347527,-0.023527265685621,-0.38663230517792685,Specialty Retail,Consumer Cyclical,KIRK
2008Q4,2008,Q4,2008-05-01,2008-02-02,1490000.0,138285000.0,5191000.0,0.0763,42856000.0,0.30991069168745705,122132000.0,42570000.0,57934000.0,41352000.0,79562000.0,41246000.0,-98764000.0,17564400.0,11744400.0,2.181287149005944,1.4009963242406656,0.0,0.0,0.03625121648377462,2.181287149005944,0.035001174536058256,0.12701594533029612,2.947046979865772,0.412600422832981,0.0,2.313654657421326,0.0,1.1322585399403924,0.21087250918939834,0.012199914846231947,0.6690180543917117,0.30991069168745705,1.1387272727272728,-0.9231687228304569,-0.21200204250743895,-0.22128321740802187,0.7306465290958285,1.139906103286385,1.6014366817286525,-0.8701590970535419,-0.0556917540443586,-0.35583026470311263,Specialty Retail,Consumer Cyclical,KIRK
2008Q3,2008,Q3,2007-12-18,2007-11-03,-10650000.0,88743000.0,-8631000.0,-0.55,24763000.0,0.2790417272348242,146926000.0,41259000.0,77317000.0,68288000.0,105667000.0,62778000.0,-100254000.0,20110750.0,40607750.0,2.113137003841229,1.1322194236176195,0.14165634400990976,0.5044475144816889,-0.16814617375225535,2.113137003841229,-0.25812549989093286,0.22661787408584338,-0.47208333333333335,0.4874269856273783,0.0,1.0191468348784607,0.0,0.6039979309312171,0.0972352389878163,-0.07248546887548835,-2.0112761276127613,0.2790417272348242,-0.17021276595744697,-7.339229735781459,0.14526978203803434,0.5911333204539759,0.03998152114568897,-0.1518494484101233,0.11919583630982754,-2.6112917344003996,0.056653189393726794,-0.2598022935929848,Specialty Retail,Consumer Cyclical,KIRK
2008Q2,2008,Q2,2007-09-18,2007-08-04,-9246000.0,87359000.0,-9799000.0,-0.47,23811000.0,0.272564933206653,135949000.0,51717000.0,65773000.0,48320000.0,84232000.0,47372000.0,-89603000.0,42902200.0,53348200.0,2.6520178452387055,1.36119619205298,0.09496943706831239,0.24964711796894637,-0.14044211622760416,2.6520178452387055,-0.17878067173269913,0.49110223331311026,-1.1600205494267792,0.8295570122010172,0.0,1.3414675335641306,0.0,0.6425865581946171,0.21974337748344372,-0.06801079816695967,-4.550509121764955,0.272564933206653,-0.2368421052631578,-9.279330985725428,-0.3634490610735303,0.14849377805919964,0.07107192658899734,-0.23296439525270035,0.22830366986927075,-2.422427676503971,0.015884609819133748,-0.11856383632085654,Specialty Retail,Consumer Cyclical,KIRK
2008Q1,2008,Q1,2007-06-11,2007-05-05,-7499000.0,82314000.0,-12698000.0,-0.38,22231000.0,0.27007556430254875,134960000.0,60609000.0,62686000.0,39191000.0,74351000.0,49221000.0,-80357000.0,89037310.0,90186310.0,3.1108658830775546,1.5994998851777193,0.010684647302904565,0.02379184609546437,-0.12288447019531816,3.1108658830775546,-0.123727499216288,1.0816788152683625,-2.9683061074809975,1.4690443663482322,0.0,1.2206781658235306,0.0,0.6099140486069947,0.11648082467913552,-0.055564611736810904,-3.3547081873328057,0.27007556430254875,-1.6440677966101696,-49.42998038885613,0.14859698570057003,1.7338922675835786,-0.6404612498382715,-1.6583267491879554,-1.6452563646526754,-9.685600357476051,-0.01904012826789861,-0.008350752786834836,Specialty Retail,Consumer Cyclical,KIRK
2007Q4,2007,Q4,2007-05-02,2007-02-03,11391000.0,167462000.0,19679000.0,0.59,61832000.0,0.36923003427643286,151466000.0,67982000.0,78220000.0,47364000.0,83484000.0,44790000.0,-72779000.0,101051600.0,75693600.0,3.4982761282354757,1.6514652478675786,0.0,0.0,0.1662160871480041,3.4982761282354757,0.1675590597511106,0.6034300318878313,2.2177947502414184,1.4864464122856051,0.0,2.3583389149363696,0.0,1.105607859189521,0.5353855248712102,0.07520499650086489,3.284415120096207,0.36923003427643286,4.933333333333334,-0.41011874608582877,-0.041665219309508846,0.24888020013289358,1.146348236600944,4.883736788271395,4.913882259347653,-0.22355178203315731,0.2367900337286031,0.1250238678141034,Specialty Retail,Consumer Cyclical,KIRK
2007Q3,2007,Q3,2006-12-07,2006-10-28,-2933000.0,95802000.0,-5028000.0,-0.15,28808000.0,0.3007035343729776,155853000.0,56357000.0,80796000.0,58754000.0,99496000.0,63138000.0,-84170000.0,,,,,,,,,,,,,,,,,,,,,,,,,,,,,,,Specialty Retail,Consumer Cyclical,KIRK
2007Q2,2007,Q2,2006-09-07,2006-07-29,-5574000.0,90958000.0,-10042000.0,-0.29,21876000.0,0.24050660744519448,135623000.0,59012000.0,62074000.0,37754000.0,76611000.0,46333000.0,-81239000.0,,,,,,,,,,,,,,,,,,,,,,,,,,,,,,,Specialty Retail,Consumer Cyclical,KIRK
2007Q1,2007,Q1,2006-06-06,2006-04-29,-3025000.0,92605000.0,-5288000.0,-0.16,27842000.0,0.30065331245613086,136977000.0,63846000.0,63639000.0,35169000.0,73131000.0,49862000.0,-75664000.0,,,,,,,,,,,,,,,,,,,,,,,,,,,,,,,Specialty Retail,Consumer Cyclical,KIRK
