Quarters,Year,Quarter,FillingDate,Date,NetIncome,Revenue,OperatingIncome,EPSDiluted,GrossProfit,GrossProfitRatio,TotalAssets,CommonStockEquity,CurrentAssets,CurrentLiability,TotalLiability,Inventory,RetainedEarnings,MarketCap,EnterpriseValue,bookValuePerShare,currentRatio,debtToAssets,debtToEquity,roic,shareholdersEquityPerShare,roe,priceToSalesRatio,peRatio,pbRatio,payoutRatio,inventoryTurnover,dividendYield,assetTurnover,quickRatio,returnOnAssets,priceToFreeCashFlowsRatio,grossProfitMargin,epsdilutedGrowth,fiveYNetIncomeGrowthPerShare,fiveYRevenueGrowthPerShare,fiveYShareholdersEquityGrowthPerShare,grossProfitGrowth,netIncomeGrowth,operatingIncomeGrowth,threeYNetIncomeGrowthPerShare,threeYRevenueGrowthPerShare,threeYShareholdersEquityGrowthPerShare,Industry,Sector,Symbol
2023Q1,2023,Q1,2023-04-28,2023-03-31,50300000.0,1521100000.0,130300000.0,0.13,495500000.0,0.3257511012,7255400000.0,1550800000.0,3340600000.0,1971600000.0,5704600000.0,903500000.0,-1092300000.0,5411037237.66,8445237237.66,4.101237346057684,1.6943599107324,0.4562532734239325,2.1345757028630383,0.014965769640099416,4.101237346057684,0.032434872323961826,3.557318544250871,26.893823248807156,3.4891908935130256,0.0,1.1351411178749309,0.0,0.2096507428949472,1.1503347534996957,0.0069327673181354575,443.5276424311475,0.32575110117677997,0.857142857142857,3851.0816143395587,0.0,3057.9045407944936,-0.031659175298026185,0.8909774436090225,-0.19766009852216748,1.1190514109982819,0.07889073297570905,1.9737599223318016,Electrical Equipment & Parts,Industrials,VRT
2022Q4,2022,Q4,2023-02-27,2022-12-31,26600000.0,1654600000.0,162400000.0,0.07,511700000.0,0.3092590354,7095700000.0,1441900000.0,3158700000.0,1897900000.0,5653800000.0,822000000.0,-1142600000.0,5154193686.12,8216493686.12,3.821422942067806,1.6643131882607092,0.4682977014248066,2.3045287467924265,0.01056498341333996,3.821422942067806,0.01844788126777169,3.1150693135017526,48.44166998233083,3.574584704986476,0.14285714285714285,1.390389294403893,0.0007372637179377291,0.23318347731724848,1.1325148848727542,0.0037487492424989784,36.97412974261119,0.30925903541641486,0.16666666666666682,954.0375809042301,0.0,2777.6016586861265,0.19194036804099698,0.25471698113207547,1.03,2.9142861893724676,0.0,-0.5140836099901025,Electrical Equipment & Parts,Industrials,VRT
2022Q3,2022,Q3,2022-10-31,2022-09-30,21200000.0,1481100000.0,80000000.0,0.06,429300000.0,0.2898521369,6827000000.0,1267100000.0,2973800000.0,1838400000.0,5559900000.0,804300000.0,-1165400000.0,3664605055.32,6652205055.32,3.360856576377922,1.6176022628372497,0.4754064742932474,2.561439507536895,0.01185712002579483,3.360856576377922,0.016731118301633652,2.4742455305651205,43.21468225613208,2.8921198447794176,0.0,1.307720999627005,0.0,0.21694741467701772,1.088881636205396,0.0031053171231873442,-179.6375027117647,0.28985213692525824,0.1999999999999999,0.0,0.0,0.0,0.15558546433378195,0.04433497536945813,2.053435114503817,1.2834096636666192,0.0,-0.5738262119035685,Electrical Equipment & Parts,Industrials,VRT
2022Q2,2022,Q2,2022-08-03,2022-06-30,20300000.0,1399400000.0,26200000.0,0.05,371500000.0,0.2654709161,6827100000.0,1351700000.0,2813600000.0,1820400000.0,5475400000.0,794600000.0,-1186600000.0,3095608105.2000003,6082208105.200001,3.589270224915032,1.5455943748626675,0.465937220781884,2.3533328401272473,0.003667785497786061,3.589270224915032,0.015018125323666495,2.212096688009147,38.1232525270936,2.290159136790708,0.0,1.2936068462119306,0.0,0.2049772231254852,1.0275763568446494,0.002973444068491746,-13.320172569707402,0.26547091610690293,1.2321428571428572,0.0,0.0,0.0,0.22364953886693018,1.388235294117647,1.5733041575492341,0.692133366766644,0.0,-0.5434364910461333,Electrical Equipment & Parts,Industrials,VRT
2022Q1,2022,Q1,2022-05-02,2022-03-31,8500000.0,1156400000.0,-45700000.0,0.0224,303600000.0,0.2625389139,6911000000.0,1454100000.0,2724000000.0,1903800000.0,5456900000.0,774500000.0,-1206900000.0,5263612116.0,7943212116.0,3.8675722206275127,1.4308225653955247,0.4294747503979164,2.0411938656213464,-0.004263505142328303,3.8675722206275127,0.005845540196685235,4.551722687651332,154.81212105882352,3.6198419063338148,0.0,1.1010974822466106,0.0,0.1673274489943568,0.9574535140245825,0.0012299233106641586,-34.997420984042556,0.262538913870633,-0.6209813874788493,0.0,0.0,0.0,-0.18758362322718758,-0.6136363636363636,-2.0,-0.27634550115758816,0.0,-0.5055216621371104,Electrical Equipment & Parts,Industrials,VRT
2021Q4,2021,Q4,2022-03-01,2021-12-31,22000000.0,1410500000.0,45700000.0,0.0591,373700000.0,0.2649415101,6939600000.0,1417700000.0,2698600000.0,1854800000.0,5521900000.0,616300000.0,-1215400000.0,9182152403.93,11715352403.93,3.85530183367994,1.4549277550140176,0.42830998904836015,2.096564858573746,0.010602800978655194,3.85530183367994,0.015518092685335402,6.509856365778093,104.34264095374999,6.476795093411864,0.17272727272727273,1.68229758234626,0.0004138463219553603,0.20325378984379502,1.065074401552728,0.003170211539570004,1953.649447644681,0.2649415101028004,-0.606,809.7888424302959,0.0,2802.235400058126,-0.020958868221116058,-0.608540925266904,-0.441320293398533,1.196832950115689,0.0,-0.505113736299333,Electrical Equipment & Parts,Industrials,VRT
2021Q3,2021,Q3,2021-11-01,2021-09-30,56200000.0,1228900000.0,81800000.0,0.15,381700000.0,0.3106029782732525,5261700000.0,785700000.0,2861500000.0,1646800000.0,4476000000.0,577400000.0,-1233600000.0,8491313061.0,9933813061.0,2.2290443025746782,1.7376123390818556,0.4154740863219112,2.7823596792668956,0.01657669874688918,2.2290443025746782,0.07152857324678631,6.909685947595411,37.77274493327402,10.807322210767468,0.0,1.4672670592310357,0.0,0.23355569492749492,1.2932353655574447,0.010680958625539274,227.0404561764706,0.3106029782732525,4.0,0.0,0.0,0.0,-0.06743220131932567,4.793814432989691,-0.19960861056751467,4.989187256366616,0.0,-0.7128647036262779,Electrical Equipment & Parts,Industrials,VRT
2021Q2,2021,Q2,2021-08-02,2021-06-30,9700000.0,1260300000.0,102200000.0,0.03,409300000.0,0.32476394509243833,5332000000.0,743700000.0,2849400000.0,1710800000.0,4588300000.0,551400000.0,-1289800000.0,9615037723.2,11094537723.2,2.1115892193549204,1.665536591068506,0.4104088522130533,2.9424499125991663,0.030285922029041297,2.1115892193549204,0.013042893639908565,7.629165851940015,247.81025059793816,12.92865096571198,0.0,1.5433442147261516,0.0,0.23636534133533382,1.2174421323357494,0.0018192048012003002,232.24728800000003,0.32476394509243833,-0.6666666666666666,0.0,0.0,0.0,0.14329608938547486,-0.694006309148265,0.2807017543859649,5.147883177614515,0.0,-0.7270935129057683,Electrical Equipment & Parts,Industrials,VRT
2021Q1,2021,Q1,2021-05-03,2021-03-31,31700000.0,1098400000.0,79800000.0,0.09,358000000.0,0.32592862345229423,5161400000.0,728700000.0,2666200000.0,1645400000.0,4432700000.0,511100000.0,-1299500000.0,6992074020.0,8555474020.0,2.0843600851925763,1.6203962562294882,0.4341070252257139,3.074790723205709,0.020154592960735566,2.0843600851925763,0.04350212707561411,6.365690112891478,55.14253958990536,9.59527105804858,0.0,1.4486401878301702,0.0,0.21281047777734724,1.198310441230096,0.006141744487929632,163.36621542056074,0.32592862345229423,-0.5909090909090909,0.0,0.0,0.0,-0.16237716424894713,-0.5767690253671562,-0.38756715272448194,2625.376138221303,0.0,1553.6182752322702,Electrical Equipment & Parts,Industrials,VRT
2020Q4,2020,Q4,2021-03-01,2020-12-31,74900000.0,1305700000.0,130300000.0,0.22,427400000.0,0.3273339970896837,5073800000.0,668300000.0,2518800000.0,1673100000.0,4405500000.0,446600000.0,-1187500000.0,6167359453.56,7827559453.56,2.0230961230576203,1.5054688900842748,0.4325751901927549,3.284153823133323,0.0353215525215493,2.0230961230576203,0.11207541523267993,4.723412310300988,20.585311927770363,9.22842952799641,0.044058744993324434,1.9666368114643977,0.0005350750227628022,0.2573416374315109,1.1290418982726675,0.014762111238125271,36.71047293785715,0.3273339970896837,5.4,3066.245753382491,0.0,1470.0170343426048,0.03486682808716707,5.7405063291139244,0.011645962732919254,3066.245753382491,0.0,1470.0170343426048,Electrical Equipment & Parts,Industrials,VRT
2020Q3,2020,Q3,2020-11-05,2020-09-30,-15800000.0,1162000000.0,128800000.0,-0.05,413000000.0,0.35542168674698793,4771700000.0,371700000.0,2251100000.0,1601600000.0,4400000000.0,465500000.0,-1259100000.0,5688090730.6,7677890730.6,1.1318110601447655,1.405531968031968,0.48496343022402916,6.225719666397633,-0.08587101456613837,1.1318110601447655,-0.04250739843960183,4.89508668726334,-90.00143561075949,15.302907534570892,0.0,1.6090225563909775,0.0,0.243519081249869,1.0071178821178821,-0.003311188884464656,43.99142096365043,0.35542168674698793,-1.625,0.0,0.0,0.0,0.1922632794457275,-1.6030534351145038,0.4653014789533561,0.0,0.0,0.0,Electrical Equipment & Parts,Industrials,VRT
2020Q2,2020,Q2,2020-08-05,2020-06-30,26200000.0,1005700000.0,87900000.0,0.08,346400000.0,0.3444367107487322,4729900000.0,350900000.0,2203200000.0,1440500000.0,4379000000.0,467900000.0,-1243300000.0,4453262719.8,6570762719.8,1.0684759241452737,1.5294689343977785,0.5258462123934967,7.0880592761470504,0.019784873074598554,1.0684759241452737,0.07466514676546024,4.428022988764045,42.49296488358779,12.690973838130521,0.0,1.4090617653344732,0.0,0.21262605974756338,1.0792780284623396,0.005539229159178841,71.71115490821258,0.3444367107487322,1.0714285714285714,0.0,0.0,0.0,0.2069686411149826,1.097433990330978,9.617647058823529,0.0,0.0,0.0,Electrical Equipment & Parts,Industrials,VRT
2020Q1,2020,Q1,2020-05-07,2020-03-31,-268900000.0,897300000.0,-10200000.0,-1.12,287000000.0,0.3198484341914633,4629900000.0,331900000.0,2065700000.0,1378200000.0,4298000000.0,445500000.0,-1269500000.0,2081681873.6000001,4263481873.6000004,1.3791420468273035,1.4988390654476853,0.5345687811831789,7.457065381138897,-0.00378477316751229,1.3791420468273035,-0.8101837902982826,2.3199396785913295,-1.9353680490888807,6.272015286532088,0.0,1.3699214365881032,0.0,0.19380548175986523,1.0428094616166013,-0.05807900818592194,-10.244497409448819,0.3198484341914633,-29.412581615751833,0.0,0.0,0.0,-0.2587809917355372,-83.6577970649655,-0.6972487597604283,0.0,0.0,0.0,Electrical Equipment & Parts,Industrials,VRT
2019Q4,2019,Q4,2020-03-12,2019-12-31,-3176317.0,0.0,-6009726.0,-0.03682686376811594,387200000.0,0.0,709053424.0,678301320.0,709053424.0,30752104.0,30752104.0,401000000.0,4997949.0,949756906.4085,4416101449.4085,7.864363130434783,23.05707030647399,4.890040556379853,5.111740015484564,-0.0014971886164133743,7.864363130434783,-0.004682752202221868,0.0,-74.75300059853126,1.4001991127018591,0.0,1.955860349127182,0.0,0.0,0.060944643007190664,-0.004479658221070801,468.5009835654651,0.0,-2.841343188405797,-496.855329153605,0.0,5717.271117855336,0.0,-2.4954559343571665,-6.065486288687064,-496.855329153605,0.0,5717.271117855336,Electrical Equipment & Parts,Industrials,VRT
2019Q3,2019,Q3,2019-11-05,2019-09-30,2123979.0,0.0,-850575.0,0.02,0.0,0.0,705562140.0,680177636.0,548341.0,1234504.0,25384504.0,0.0,4997984.0,878288345.00325,878093817.00325,7.88611751884058,0.44417920071542905,0.0,0.0,-0.000987910315670406,7.88611751884058,0.003122682792822668,0.0,103.37771053801026,1.291263191433789,0.0,0.0,0.0,0.0,0.15757583612527784,0.003010335843700457,296.9635287577137,0.0,-0.3333333333333333,0.0,0.0,0.0,0.0,-0.22695669422450143,-0.9611471180250535,0.0,0.0,0.0,Electrical Equipment & Parts,Industrials,VRT
2019Q2,2019,Q2,2019-08-06,2019-06-30,2747555.0,0.0,-433713.0,0.03,0.0,0.0,702715354.0,678053657.0,515881.0,511697.0,24661697.0,0.0,4997990.0,870538741.9571251,870313566.9571251,7.861491675362319,1.0081767139537656,0.0,0.0,-0.0005052380036008652,7.861491675362319,0.004052120317669786,0.0,79.21031079970419,1.2838788390416793,0.0,0.0,0.0,0.0,0.4400553452531479,0.0039099117222362555,691.0606232502973,0.0,0.0,0.0,0.0,0.0,0.0,0.019660214081680293,0.034020953789410856,0.0,0.0,0.0,Electrical Equipment & Parts,Industrials,VRT
2019Q1,2019,Q1,2019-05-08,2019-03-31,2694579.0,0.0,-448988.0,0.03,0.0,0.0,700877687.0,674606102.0,969744.0,2121585.0,26271585.0,0.0,4997980.0,860205937.8956251,859573239.8956251,7.8215200231884054,0.4570846796145335,0.0,0.0,-0.0005257570919669631,7.8215200231884054,0.003994299772876944,0.0,79.80893656259707,1.2751232687421274,0.0,0.0,0.0,0.0,0.2982194915593766,0.0038445780911270473,247.27372336568925,0.0,0.11111111111111108,0.0,0.0,0.0,0.0,0.14718147329629708,0.320539769158945,0.0,0.0,0.0,Electrical Equipment & Parts,Industrials,VRT
2018Q4,2018,Q4,2019-03-13,2018-12-31,2348869.0,0.0,-660801.0,0.027,0.0,0.0,697339051.0,671911523.0,1176968.0,1277528.0,25427528.0,0.0,4726054.0,843845664.804,843010120.804,7.790278527536232,0.9212854825882486,0.0,0.0,-0.0007760438658046739,7.790278527536232,0.003495801038673361,0.0,89.81404080048739,1.2558880684711817,0.0,0.0,0.0,0.0,0.6540318490083975,0.003368331368552598,-5649.024727732814,0.0,-0.09999999999999998,369.1612852664577,0.0,5663.403329961221,0.0,0.02298513169980484,-1.6179979160641345,369.1612852664577,0.0,5663.403329961221,Electrical Equipment & Parts,Industrials,VRT
2018Q3,2018,Q3,2018-11-06,2018-09-30,2296093.0,0.0,-252407.0,0.03,0.0,0.0,695164081.0,669562654.0,1394472.0,1451427.0,25601427.0,0.0,2377185.0,839540329.78125,838555406.78125,7.763045263768116,0.9607593079086995,0.0,0.0,-0.00029810923074111563,7.763045263768116,0.0034292429338509674,0.0,91.40966086535367,1.2538637344329095,0.0,0.0,0.0,0.0,0.6785894157956274,0.003302951148881353,-1430.0588004116225,0.0,5.696428571428572,0.0,0.0,0.0,0.0,4.942546495437158,-1.0537591537835638,0.0,0.0,0.0,Electrical Equipment & Parts,Industrials,VRT
2018Q2,2018,Q2,2018-08-07,2018-06-30,386382.0,0.0,-122900.0,0.00448,0.0,0.0,692424839.0,667351561.0,1811153.0,923278.0,25073278.0,0.0,81092.0,848150999.82675,846339846.82675,7.7374094028985505,1.9616551027967741,0.0,0.0,-0.00014498461601796347,7.7374094028985505,0.0005789781916760962,0.0,548.7775050511865,1.2709208300282226,0.0,0.0,0.0,0.0,1.9616551027967741,0.000558012910914653,32548.58392151163,0.0,129.0,0.0,0.0,0.0,0.0,649.2919463087248,-154.96446700507613,0.0,0.0,0.0,Electrical Equipment & Parts,Industrials,VRT
2018Q1,2018,Q1,2018-03-31,2018-03-31,-596.0,0.0,-788.0,-3.5e-05,0.0,0.0,205878.0,23128.0,205878.0,182750.0,182750.0,0.0,-305290.0,169630199.96535,169630199.96535,0.0013407536231884057,1.1265554035567715,0.0,0.0,-0.025769629885852647,0.0013407536231884057,-0.025769629885852647,0.0,-71153.60736801595,7334.408507668196,0.0,0.0,0.0,0.0,0.13784952120383037,-0.002894918349702251,0.0,0.0,0.5,0.0,0.0,0.0,0.0,0.5329153605015674,0.3824451410658307,0.0,0.0,0.0,Electrical Equipment & Parts,Industrials,VRT
2017Q4,2017,Q4,2017-12-31,2017-12-31,-1276.0,0.0,-1276.0,-7e-05,0.0,0.0,25000.0,23724.0,25000.0,1276.0,1276.0,0.0,-304694.0,169630199.96535,169630199.96535,0.0013753043478260869,19.592476489028215,0.0,0.0,-0.053785196425560615,0.0013753043478260869,-0.053785196425560615,0.0,-33234.757046502746,7150.15174360774,0.0,0.0,0.0,0.0,19.592476489028215,-0.05104,0.0,0.0,0.0,0.0,0.0,0.0,0.0,0.0,0.0,0.0,0.0,0.0,Electrical Equipment & Parts,Industrials,VRT
2017Q3,2017,Q3,2017-09-30,2017-09-30,0.0,0.0,0.0,0.0,0.0,0.0,,,,,,,,848150999.82675,,,0.0,0.0,0.0,0.0,,0.0,0.0,0.0,0.0,0.0,0.0,0.0,0.0,0.0,0.0,0.0,0.0,0.0,0.0,0.0,0.0,0.0,0.0,0.0,0.0,0.0,0.0,Electrical Equipment & Parts,Industrials,VRT
2017Q2,2017,Q2,2017-06-30,2017-06-30,0.0,0.0,0.0,0.0,0.0,0.0,,,,,,,,848150999.82675,,,0.0,0.0,0.0,0.0,,0.0,0.0,0.0,0.0,0.0,0.0,0.0,0.0,0.0,0.0,0.0,0.0,0.0,0.0,0.0,0.0,0.0,0.0,0.0,0.0,0.0,0.0,Electrical Equipment & Parts,Industrials,VRT
2017Q1,2017,Q1,2017-03-31,2017-03-31,0.0,0.0,0.0,0.0,0.0,0.0,,,,,,,,848150999.82675,,,0.0,0.0,0.0,0.0,,0.0,0.0,0.0,0.0,0.0,0.0,0.0,0.0,0.0,0.0,0.0,0.0,0.0,0.0,0.0,0.0,0.0,0.0,0.0,0.0,0.0,0.0,Electrical Equipment & Parts,Industrials,VRT
