Year,Date,FillingDate,NetIncome,Revenue,OperatingIncome,EPSDiluted,GrossProfit,GrossProfitRatio,TotalAssets,CommonStockEquity,CurrentAssets,CurrentLiability,TotalLiability,Inventory,RetainedEarnings,EnterpriseValue,bookValuePerShare,currentRatio,debtToAssets,debtToEquity,roic,shareholdersEquityPerShare,roe,priceToSalesRatio,peRatio,pbRatio,payoutRatio,inventoryTurnover,dividendYield,assetTurnover,quickRatio,returnOnAssets,priceToFreeCashFlowsRatio,grossProfitMargin,epsdilutedGrowth,fiveYNetIncomeGrowthPerShare,fiveYRevenueGrowthPerShare,fiveYShareholdersEquityGrowthPerShare,grossProfitGrowth,netIncomeGrowth,operatingIncomeGrowth,threeYNetIncomeGrowthPerShare,threeYRevenueGrowthPerShare,threeYShareholdersEquityGrowthPerShare,Industry,Sector,Price,MarketCap,AvgVolume,Symbol
2022,2022-12-31,2023-03-02,28317000.0,79918000.0,50420000.0,4.8,79918000.0,1.0,2410017000.0,187011000.0,2312572000.0,79000000.0,2223006000.0,0.0,132235000.0,328536533.1,31.738367681448352,29.27306329113924,0.04845111051083872,0.6243910785996546,0.12152463865548394,31.738367681448352,0.1514189004924844,2.9417844928551764,8.30248730797754,1.2571534995267657,0.13253522618921496,0.0,0.01596331572369487,0.033160761936534056,6.258405063291139,0.011749709649351021,6.93535305171244,1.0,0.07382550335570472,2.085476384799512,0.3221990532726365,0.3357772241456417,0.0750336292709174,0.09391176697828943,0.30193405117876415,0.7498042945045819,0.27182707504057607,-0.027604292874422585,Banks—Regional,Financial Services,27.09,153580524,21423,TCFC
2021,2021-12-31,2022-03-03,25886000.0,74340000.0,38727000.0,4.47,74340000.0,1.0,2327306000.0,208133000.0,643081000.0,0.0,50084000.0,0.0,113448000.0,137956476.55,35.95936769232231,0.0,0.021520161078947074,0.24063459422580755,0.1095099091475334,35.95936769232231,0.12437239649647101,3.060619808313156,8.789557156377965,1.0931782876814347,0.12246001699760488,0.0,0.013932444470054357,0.03194251207189772,0.0,0.01112273160469659,7.442315731715295,1.0,0.6313868613138683,1.7987118358704146,0.3618908618762008,0.5797514345714904,0.07221669334948726,0.6042389687654933,0.2579419216526993,1.2108869421865518,0.2972370274167769,0.2920135029965427,Banks—Regional,Financial Services,27.09,153580524,21423,TCFC
2020,2020-12-31,2021-03-04,16136000.0,69333000.0,30786000.0,2.74,69333000.0,1.0,2026439000.0,198013000.0,331887000.0,0.0,66916000.0,0.0,97944000.0,145878283.12,33.60556009917402,0.0,0.033021472642403744,0.33793740814997,0.08819830361434226,33.60556009917402,0.08148959916773141,2.250404325790028,9.669514323252354,0.7879648463484721,0.17470252850768467,0.0,0.018067352988720038,0.034214205312866564,0.0,0.007962736603470423,5.606845016530114,1.0,-0.0036363636363635587,1.003127109622157,0.37078622950084517,0.5625879878550223,0.16919055649241146,0.05657412257726559,-0.22756924929747088,0.7582105076499958,0.1470760899991454,0.41436201873018674,Banks—Regional,Financial Services,27.09,153580524,21423,TCFC
2019,2019-12-31,2020-03-04,15272000.0,59300000.0,39856000.0,2.75,59300000.0,1.0,1797536000.0,181494000.0,245675000.0,5000000.0,1616042000.0,0.0,85059000.0,254186115.16,32.639353967601984,49.135,0.049437118366475,0.4896305112014722,0.10425533640019201,32.639353967601984,0.08414603237572592,3.3354150954468804,12.95115997642745,1.08978872667967,0.1746987951807229,0.0,0.013489046193444766,0.03298960354618767,49.135,0.008496074626599967,13.290560083322134,1.0,0.3613861386138614,0.9662980040920902,0.2655423317640156,0.3011116912427275,0.07906468929123829,0.36017100106875666,0.3425405059453633,0.7186891388220049,0.1307917255047971,0.4338980233185503,Banks—Regional,Financial Services,27.09,153580524,21423,TCFC
2018,2018-12-31,2019-03-07,11228000.0,54955000.0,29687000.0,2.02,54955000.0,1.0,1689227000.0,154482000.0,1431780000.0,35000000.0,1534745000.0,0.0,72594000.0,225396912.4,27.832037056054308,40.908,0.05353691362972531,0.5854144819461167,0.08836882720343799,27.832037056054308,0.07268160691860541,2.9532692639432265,14.454659102244387,1.0505878510117683,0.192643391521197,0.0,0.013327425445217528,0.03253263178957002,4.350542857142857,0.006646827217419565,9.20938049140328,1.0,0.2948717948717948,0.034837173247942825,-0.0695710176302728,-0.14479713262255062,0.1576297607010448,0.5577136514983352,0.11828078502278977,0.47966943691771835,0.15341774591337756,0.2941312881851133,Banks—Regional,Financial Services,27.09,153580524,21423,TCFC
2017,2017-12-31,2018-03-12,7208000.0,47472000.0,26547000.0,1.56,47472000.0,1.0,1405961000.0,109957000.0,88213000.0,87500000.0,1296004000.0,0.0,63648000.0,339824820.79999995,23.760225214012088,1.0081485714285714,0.12660237375005423,1.6187964386078195,0.04060594239720819,23.760225214012088,0.06555289795101722,3.7336497472194132,24.589875249722528,1.611937582873305,0.2502774694783574,0.0,0.010178069914412499,0.033764805709404454,1.0081485714285714,0.005126742491434684,19.01145777110372,1.0,-0.018867924528301903,-0.050145890217501196,-0.08454863205557604,-0.08531565723672409,0.09723795215532186,-0.016778065748192607,0.3347579063804113,0.11510712212425277,0.21732881154587397,-0.052839500340678115,Banks—Regional,Financial Services,27.09,153580524,21423,TCFC
2016,2016-12-31,2017-03-13,7331000.0,43265000.0,19889000.0,1.59,43265000.0,1.0,1334257000.0,104426000.0,68275000.0,79000000.0,1229831000.0,0.0,58100000.0,301335883.2402,22.76267449763471,0.864240506329114,0.13457602246044054,1.7194855687280945,0.043707281703801094,22.76267449763471,0.07020282305173041,3.0750001904588005,18.147576488910108,1.2740111010686994,0.24744236802619016,0.0,0.013635008959868605,0.03242628668989558,0.864240506329114,0.0054944437241101225,14.873100418133035,1.0,0.17777777777777776,0.5246218597240604,-0.08330974585190985,-0.09005954309105109,0.08632334848218545,0.15576225760681064,0.1482593383753825,-0.18251391075724394,-0.11374181213836528,-0.3005648684517632,Banks—Regional,Financial Services,27.09,153580524,21423,TCFC
2015,2015-12-31,2016-03-10,6343000.0,39827000.0,17321000.0,1.35,39827000.0,1.0,1143332000.0,99783000.0,49248000.0,36000000.0,1043549000.0,0.0,53495000.0,212951112.0,21.50634739315042,1.368,0.11074386092578534,1.2689235641341712,0.04864461943647085,21.50634739315042,0.06356794243508414,2.4417634268210007,15.331564244048558,0.9745959933054729,0.30206526880025225,0.0,0.019702181981692355,0.03483415141008911,1.368,0.005547819880839511,10.749211009174312,1.0,0.0,-0.14368412651691362,-0.1324828880837075,-0.09713475303412573,0.017188537569596977,-0.022650231124807397,0.02104456496109408,-0.16628182578531595,-0.23394884400871394,-0.17208195404891938,Banks—Regional,Financial Services,27.09,153580524,21423,TCFC
2014,2014-12-31,2015-03-06,6490000.0,39154000.0,16964000.0,1.35,39154000.0,1.0,1082878000.0,116559000.0,65383000.0,2000000.0,966319000.0,0.0,50936000.0,161517729.68,25.085743358763644,32.6915,0.08188549402610451,0.7607477758045281,0.052255106763071636,25.085743358763644,0.05567995607374806,2.3817165469683816,14.36883354083205,0.8000560203845263,0.31664098613251157,0.0,0.022036652121601236,0.03615735105893739,32.6915,0.005993288255925414,11.265248813723122,1.0,-0.2819148936170212,0.4426663861097009,0.006295975360259451,0.08940314867251375,0.08142296856874551,-0.024206886182528944,-0.06110250166039407,0.33263168943115423,-0.1809157795641079,0.002805394249517868,Banks—Regional,Financial Services,27.09,153580524,21423,TCFC
2013,2013-12-31,2014-03-05,6651000.0,36206000.0,18068000.0,1.88,36206000.0,1.0,1023824000.0,110730000.0,67465000.0,0.0,913094000.0,0.0,46523000.0,136692964.288,32.544368263642006,0.0,0.08055681445248403,0.7448387970739637,0.05967952414326412,32.544368263642006,0.06006502302898943,1.9461129174170029,10.594040638700948,0.6363312949336223,0.23740790858517516,0.0,0.02240957125630645,0.03536349997655847,0.0,0.006496233727671943,9.430000573875803,1.0,0.19745222929936293,0.5078415818465215,0.44042234220275917,0.42708738771373334,0.06180094414239617,0.33288870309187696,-0.01646003236623832,0.22440946179350194,0.07542827096733572,0.36625613604008744,Banks—Regional,Financial Services,27.09,153580524,21423,TCFC
2012,2012-12-31,2013-03-15,4989914.0,34098670.0,18370377.0,1.57,34098670.0,1.0,981639212.0,79047261.0,61215643.0,1000000.0,902591951.0,0.0,41986633.0,111049316.22,25.9764206111062,61.215643,0.07490247649153607,0.9301676879101478,0.07736136129581837,25.9764206111062,0.06312570400130625,1.4260897337051561,9.745210682989727,0.6151732850047771,0.2848888778443877,0.0,0.029233732046620754,0.034736458755072634,61.215643,0.005083246409679894,6.4695627489309695,1.0,0.9146341463414636,-0.14438996875704024,0.3330555491364294,0.41670956229046174,0.09884435735270915,0.5783554707565862,0.03111211719345012,0.6936575263842961,0.33813015813098735,0.12808275203431685,Banks—Regional,Financial Services,27.09,153580524,21423,TCFC
2011,2011-12-31,2012-03-09,3161464.0,31031392.0,17816081.0,0.82,31031392.0,1.0,983479723.0,75454098.0,17105973.0,0.0,908025625.0,0.0,38712194.0,103742696.0,25.015564837021422,0.0,0.07379572074817449,0.9618641919223526,0.08104186800815327,25.015564837021422,0.041899168949047674,1.4580167721770265,14.31118304684159,0.5996266763403626,0.6111405981532606,0.0,0.04270370913103068,0.03155265052678671,0.0,0.0032145695798956497,8.8547546933187,1.0,-0.3692307692307693,-0.37754581639177875,0.38627011065922484,0.7487539667117381,0.05059574875508465,-0.33662141204410434,-0.1511516384280711,-0.1915113179838455,0.39260354190456787,0.09694546184604115,Banks—Regional,Financial Services,27.09,153580524,21423,TCFC
2010,2010-12-31,2011-03-07,4765701.0,29536948.0,20988532.0,1.3,29536948.0,1.0,885936102.0,71104927.0,11992832.0,816422.0,814831175.0,0.0,37892557.0,122291818.0,23.820107668806195,14.689501262827312,0.0941833906662492,1.1734836040264833,0.0873641456756573,23.820107668806195,0.0670234989482515,1.6271074452241987,10.084516002997251,0.6758995477205118,0.4287127958720029,0.0,0.04251198527966873,0.033339817548150893,14.689501262827312,0.005379282985806125,6.2902180134262595,1.0,0.9117647058823529,0.04171545328930059,0.49267703723396006,0.7886754898935799,0.19111220726622874,0.6622083715544332,0.01664557508334025,-0.16696904124160356,0.1771395980429903,0.2991079415598138,Banks—Regional,Financial Services,27.09,153580524,21423,TCFC
2009,2009-12-31,2010-03-10,2867090.0,24797788.0,20644886.0,0.68,24797788.0,1.0,815042534.0,68189849.0,13478238.0,13080530.0,746852685.0,0.0,35193958.0,124992385.75,23.027052372055046,1.0304045784077556,0.12361337696763688,1.477494986093898,0.07822826623715069,23.027052372055046,0.04204570096642977,1.4031571182881313,12.136065749592792,0.5102693914163089,0.681475293764758,0.0,0.05615290060435144,0.03042514588569926,1.0304045784077556,0.003517718254443884,28.178055453652437,1.0,-0.4516129032258064,-0.5526745824365425,-0.06438100947528916,0.27155767074251685,0.14056789249556667,-0.24853459672710002,-0.1359493391053659,-0.4250214891800785,0.12836779705531856,0.6097437511271061,Banks—Regional,Financial Services,27.09,153580524,21423,TCFC
2008,2008-12-31,2009-03-09,3815332.0,21741615.0,23893143.0,1.24,21741615.0,1.0,716684910.0,67114419.0,16450591.0,1522367.0,649570491.0,0.0,34280719.0,152530499.3,22.80474800900577,10.805929844774617,0.16532480780152048,1.7654297953469582,0.08384036583385841,22.80474800900577,0.05684817147862071,2.1861063357068917,12.457495782804745,0.7081858564550786,0.3104117806785884,0.0,0.02491767094210492,0.03033636497243956,10.805929844774617,0.005323583553614935,24.937986113698095,1.0,-0.30726256983240224,-0.10164385973322111,0.024392199262539545,0.3847801393547027,-0.02910997924441341,-0.2527213559136131,-0.1462346593922612,-0.15409796834097775,0.11444195096996054,0.71243112684689,Banks—Regional,Financial Services,27.09,153580524,21423,TCFC
TTM,,,,,,,,,,,,,,,,187572524.0,35.17600743132658,5.482063731498068,0.024374355578834328,0.2977475528907578,0.16656883060963226,35.17600743132658,0.15659832338012541,1.8612437011452463,5.215489422945906,0.7701271968652857,0.1272312304128628,0.0,0.019379844961240306,0.03397726037415134,5.864959460733478,0.012087941047610577,4.897025827434476,1.0,,,,,,,,,,,Banks—Regional,Financial Services,27.09,153580524,21423,TCFC
