Quarters,Year,Quarter,FillingDate,Date,NetIncome,Revenue,OperatingIncome,EPSDiluted,GrossProfit,GrossProfitRatio,TotalAssets,CommonStockEquity,CurrentAssets,CurrentLiability,TotalLiability,Inventory,RetainedEarnings,MarketCap,EnterpriseValue,bookValuePerShare,currentRatio,debtToAssets,debtToEquity,roic,shareholdersEquityPerShare,roe,priceToSalesRatio,peRatio,pbRatio,payoutRatio,inventoryTurnover,dividendYield,assetTurnover,quickRatio,returnOnAssets,priceToFreeCashFlowsRatio,grossProfitMargin,epsdilutedGrowth,fiveYNetIncomeGrowthPerShare,fiveYRevenueGrowthPerShare,fiveYShareholdersEquityGrowthPerShare,grossProfitGrowth,netIncomeGrowth,operatingIncomeGrowth,threeYNetIncomeGrowthPerShare,threeYRevenueGrowthPerShare,threeYShareholdersEquityGrowthPerShare,Industry,Sector,Symbol
2023Q1,2023,Q1,2023-05-09,2023-03-31,25257000.0,166360000.0,28496000.0,0.57,55811000.0,0.3354832893,641316000.0,336923000.0,177691000.0,151162000.0,304393000.0,50971000.0,164948000.0,1151306000.0,1262980000.0,7.608748673245862,1.1755004564639262,0.2312276631177142,0.44013023747265695,0.047170446534431386,7.608748673245862,0.07496371574514057,6.920569848521279,11.395910044740072,3.417119045004348,0.21997861978857347,2.1688607247258247,0.004825823890433994,0.25940410031871963,0.7125798811870708,0.0393830810396123,-527.1547619047619,0.3354832892522241,0.7812499999999998,-0.3923473754496333,0.07168236718352934,0.3343208570967726,-0.5496606982917914,0.7556652300848047,0.501607208726353,-0.3923473754496333,0.07168236718352934,0.3343208570967726,,,METCL
2022Q4,2022,Q4,2023-03-14,2022-12-31,14386000.0,135227000.0,18977000.0,0.32,123931000.0,0.9164663862,596339000.0,309198000.0,147489000.0,162845000.0,287141000.0,44973000.0,140045000.0,1159526160.0,1222025160.0,7.007796564072345,0.905701740919279,0.16452386981230474,0.31731123745949197,0.03736542921337283,7.007796564072345,0.046526821001429505,8.574664527054509,20.150253023773114,3.750108862282421,0.35068816905324623,0.2511729259778089,0.004350915204879896,0.22676195922118125,0.47153428106481626,0.02412386243395116,-453.4713179507235,0.9164663861506948,-0.4666666666666666,0.0,0.0,0.0,1.1631844443280794,-0.46530384686861176,-0.4692638997650744,0.0,0.0,0.0,,,METCL
2022Q3,2022,Q3,2022-11-09,2022-09-30,26905000.0,136925000.0,35756000.0,0.6,57291000.0,0.4184115392,562132000.0,298669000.0,141956000.0,150438000.0,263463000.0,40028000.0,131234000.0,1132543650.0,1174883650.0,6.774844051264602,0.9436179688642498,0.1582332975173091,0.29781463760885796,0.07248297183658986,6.774844051264602,0.09008300158369298,8.271270038342157,10.523542557145511,3.791969203365599,0.1858390633711206,1.9894573798341162,0.0044148408761110446,0.24358157870393432,0.6445578909584014,0.0478624237723524,95.00408103347034,0.41841153916377577,-0.1891891891891892,2.8265312237238924,0.7937277238088352,0.5419030079265987,-0.07611552789021303,-0.1915564903846154,-0.20603974686355056,2.8265312237238924,0.7937277238088352,0.5419030079265987,,,METCL
2022Q2,2022,Q2,2022-08-09,2022-06-30,33280000.0,138655000.0,45035000.0,0.74,62011000.0,0.4472323393,489706000.0,279682000.0,132108000.0,110798000.0,210024000.0,32388000.0,114323000.0,1205942040.0,1211984040.0,6.317499040003614,1.1923319915521942,0.1010871829219981,0.17699744710063572,0.1028408581178565,6.317499040003614,0.11899228409407828,8.697429158703256,9.059059795673075,4.311832867327893,0.15018028846153847,2.366432011856243,0.004144477789330572,0.2831392713178928,0.8683098972905648,0.06795914283263836,-565.373670886076,0.44723233925931266,-0.21276595744680848,0.0,0.0,0.0,-0.15779108775075038,-0.19751151407007306,-0.15436758299534326,0.0,0.0,0.0,,,METCL
2022Q1,2022,Q1,2022-05-13,2022-03-31,41471000.0,154882000.0,53256000.0,0.94,73629000.0,0.4753877145,406364000.0,251935000.0,141601000.0,76230000.0,154429000.0,19543000.0,86041000.0,1190673531.9,1139081531.9,5.702338109141939,1.8575495211858848,0.04892165644594502,0.07890924246333379,0.1503207871178147,5.702338109141939,0.16460991922519697,7.687617230536796,7.177747895517349,4.726114005199753,0.12051795230401968,4.157652356342425,0.004197624173289982,0.38114104595879555,1.5626262626262626,0.10205382366548219,20.661730298297673,0.4753877145181493,1.2380952380952381,0.0,0.0,0.0,1.0531775466384095,1.2250777980470007,1.5981071324031613,0.0,0.0,0.0,,,METCL
2021Q4,2021,Q4,2022-04-01,2021-12-31,18638000.0,87506000.0,20498000.0,0.42,35861000.0,0.4098118986,329033000.0,211074000.0,86761000.0,46660000.0,117959000.0,15791000.0,47067000.0,1213879680.0,1198788680.0,4.78528191525539,1.8594299185597942,0.020666620065464558,0.03221618958280034,0.08104915472216574,4.78528191525539,0.08830078550650483,13.871959408497704,16.282322137568407,5.750967338468973,0.1341882176199163,3.2705338483946553,0.00206033599639793,0.2659490081541973,1.4218602657522503,0.05664477423237183,63.53062647197362,0.40981189861266654,1.625,0.0,0.0,0.0,0.6626176456952108,1.6493248045486852,1.338086004334436,0.0,0.0,0.0,,,METCL
2021Q3,2021,Q3,2021-11-02,2021-09-30,7035000.0,76377000.0,8767000.0,0.16,21569000.0,0.2824017701664114,299084000.0,193807000.0,102483000.0,45281000.0,105277000.0,13880000.0,30929000.0,1178151390.0,1140317390.0,4.393819855358317,2.263267153993949,0.02955022669216675,0.04560206803675822,0.035295621185079555,4.393819855358317,0.0362989984881867,15.42547350642209,41.867497867803834,6.078992967230286,0.0,3.9487031700288187,0.0,0.25536972890559173,1.8609129657030543,0.023521819956935176,28.816225755166933,0.2824017701664114,0.0,0.0,0.0,0.0,0.0,0.0,0.0,0.0,0.0,0.0,,,METCL
2020Q4,2020,Q4,2021-02-18,2020-12-31,-4907000.0,168915000.0,-19093000.0,0.0,23412000.0,0.13860225557232927,228623000.0,169095000.0,42499000.0,29113000.0,59528000.0,11947000.0,9809000.0,0.0,-428000.0,0.0,1.4597945934805756,0.02131019188795528,0.02881220615630267,-0.06418146634980874,0.0,-0.02901919039593128,0.0,0.0,0.0,,12.179040763371558,,0.7388364250316023,0.8792979081509978,-0.021463282346920475,0.0,0.13860225557232927,0.0,0.0,0.0,0.0,0.0,0.0,0.0,0.0,0.0,0.0,,,METCL
