Quarters,Year,Quarter,FillingDate,Date,NetIncome,Revenue,OperatingIncome,EPSDiluted,GrossProfit,GrossProfitRatio,TotalAssets,CommonStockEquity,CurrentAssets,CurrentLiability,TotalLiability,Inventory,RetainedEarnings,MarketCap,EnterpriseValue,bookValuePerShare,currentRatio,debtToAssets,debtToEquity,roic,shareholdersEquityPerShare,roe,priceToSalesRatio,peRatio,pbRatio,payoutRatio,inventoryTurnover,dividendYield,assetTurnover,quickRatio,returnOnAssets,priceToFreeCashFlowsRatio,grossProfitMargin,epsdilutedGrowth,fiveYNetIncomeGrowthPerShare,fiveYRevenueGrowthPerShare,fiveYShareholdersEquityGrowthPerShare,grossProfitGrowth,netIncomeGrowth,operatingIncomeGrowth,threeYNetIncomeGrowthPerShare,threeYRevenueGrowthPerShare,threeYShareholdersEquityGrowthPerShare,Industry,Sector,Symbol
2023Q1,2023,Q1,2023-05-12,2023-03-31,-5007038.0,152411.0,-5007132.0,-0.46,142215.0,0.9331019415,4097220.0,-438876.0,3993458.0,4499569.0,4536096.0,244497.0,-68806464.0,3081004.64,2219324.64,-0.03988480848246954,0.887520115815537,0.013056657929034808,-0.12189319990156673,15.086852633928798,-0.03988480848246954,11.408776055195545,20.215106783631104,-0.15383369568994684,-7.020216735478814,0.0,0.041701943173126865,0.0,0.03719863712468454,0.23255560699258085,-1.2220573950141804,-0.7049968296928384,0.9331019414609182,0.22033898305084737,0.0,0.0,0.0,-0.1685132456719891,-0.002206358467698756,-0.0069377732078759885,0.0,0.0,0.0,,,CYTHW
2022Q4,2022,Q4,2023-03-17,2022-12-31,-4996015.0,186803.0,-4972633.0,-0.59,171037.0,0.9156009272,4215213.0,734544.0,4158555.0,3480669.0,3480669.0,254491.0,-63799379.0,4388372.04,2844954.04,0.08703976702941531,1.1947573871574688,0.0,0.0,-6.7908751632748805,0.08703976702941531,-6.8015190376614605,23.491978394351268,-0.2195936181136366,5.974280696595439,0.0,0.06195111025537249,0.0,0.04431638448638301,0.4592246490545352,-1.1852342930238637,-1.606465453304799,0.9156009271799703,-0.17999999999999994,0.0,0.0,0.0,-0.5919286148854188,-0.1768454700065485,-0.1704443921384018,0.0,0.0,0.0,,,CYTHW
2022Q3,2022,Q3,2022-11-10,2022-09-30,-4245260.0,452167.0,-4248500.0,-0.5,419135.0,0.9269473447,8487523.0,5612460.0,8421796.0,2875063.0,2875063.0,271137.0,-58818952.0,2956670.5,-1328549.5,0.6643827913864598,2.929256158908518,0.0005865079835424304,0.0008869550963392167,-0.7553477690089923,0.6643827913864598,-0.7563991547378511,6.5388904984220435,-0.17411598465111677,0.5268047344658136,0.0,0.12182771071450964,0.0,0.05327431807843113,1.6294488155563895,-0.5001765532770869,-0.9262882778735916,0.9269473446757504,-0.2195121951219513,0.0,0.0,0.0,-0.10483128621435696,-0.23123960978620378,-0.22930280576755255,0.0,0.0,0.0,,,CYTHW
2022Q2,2022,Q2,2022-08-15,2022-06-30,-3447956.0,541886.0,-3456024.0,-0.41,468219.0,0.8640544321,11841815.0,9740042.0,11777036.0,2101773.0,2101773.0,260613.0,-54572072.0,4212001.5,-3231584.5,1.156224896880972,5.603381525978305,0.0008279980729305432,0.001006669170420415,-0.35369962841527114,1.156224896880972,-0.35399806284202884,7.7728553607216275,-0.3053984375090633,0.4324418210927633,0.0,0.28266817081266093,0.0,0.045760383860075506,3.754965450598138,-0.2911678657367979,-0.9669995451981441,0.8640544321130275,-0.32258064516129026,0.0,0.0,0.0,1.6239576328177538,-0.32170159752369454,-0.17773884572171275,0.0,0.0,0.0,,,CYTHW
2022Q1,2022,Q1,2022-05-12,2022-03-31,-2608725.0,194904.0,-2934457.0,-0.31,178440.0,0.9155276444,15924156.0,13048014.0,15850226.0,2876142.0,2876142.0,221056.0,-51120082.0,11566222.25,-217773.75,1.5511563639545314,5.510933048507341,0.0009143341725614846,0.0011158786310315118,-0.21120993056416082,1.5511563639545314,-0.19993272539407148,59.34317535812502,-1.1084171625985875,0.886435456767597,0.0,0.07447886508396062,0.0,0.012239518376986511,4.157051703288642,-0.1638218691150727,-2.392261319846804,0.9155276443787711,0.29545454545454547,0.0,0.0,0.0,-0.6544940556867909,0.06577206732880053,-0.05087799466119655,0.0,0.0,0.0,,,CYTHW
2021Q4,2021,Q4,2022-03-11,2021-12-31,-2792386.0,585115.0,-2792386.0,-0.44,516460.0,0.8826640917,19520833.0,15671863.0,19436335.0,3830936.0,3848970.0,227437.0,-48348491.0,0.0,-16441720.0,0.0,5.073521196908536,0.008759411035379484,0.010910700278582068,-0.17604139275640632,0.0,-0.17817830592316944,0.0,0.0,0.0,0.0,0.3018638128360821,,0.029973874577995725,4.477182860794334,-0.1430464570851049,0.0,0.8826640916742863,0.26666666666666666,0.0,0.0,0.0,0.35465983994628153,0.27663191249492264,0.27639947592857866,0.0,0.0,0.0,,,CYTHW
2021Q3,2021,Q3,2021-11-15,2021-09-30,-3860256.0,403918.0,-3859016.0,-0.6,381247.0,0.9438722711045311,11096529.0,7627054.0,10992175.0,3419587.0,3469475.0,253797.0,-45556105.0,16183985.53,7918294.529999999,1.1828919090735248,3.2144744379949977,0.01582530897724865,0.023024092919756437,-0.493069205726172,1.1828919090735248,-0.5061267430386621,40.06750263667378,-1.04811607895953,2.1219183094809604,0.0,0.08932729701296706,0.0,0.036400391509813564,2.585467484816149,-0.3478795936999759,-5.346822044229596,0.9438722711045311,-0.07142857142857129,0.0,0.0,0.0,0.829119329085745,-0.07306892370541153,-0.07181431664690989,0.0,0.0,0.0,,,CYTHW
2021Q2,2021,Q2,2021-08-16,2021-06-30,-3597398.0,238590.0,-3600452.0,-0.56,208432.0,0.8735990611509283,14243375.0,11126178.0,14120569.0,3035165.0,3117197.0,268930.0,-41695849.0,32901674.7675,21625506.7675,1.747194459820745,4.652323349801411,0.013123996243867763,0.01680091761968935,-0.3174577926721247,1.747194459820745,-0.3233273816039973,137.90047683264177,-2.28649115051351,2.9571407870249784,0.0,0.11214070575986317,0.0,0.016750945615066654,3.850723766253235,-0.2525664036789034,-7.372980492736527,0.8735990611509283,0.26315789473684204,0.0,0.0,0.0,-0.3557707464679465,0.10880824651347726,0.10819770558168429,0.0,0.0,0.0,,,CYTHW
2021Q1,2021,Q1,2021-05-14,2021-03-31,-4036615.0,358133.0,-4037276.0,-0.76,323537.0,0.9033990165664711,18141269.0,14321567.0,18021105.0,3706760.0,3819702.0,257834.0,-38098451.0,20001239.1194,4685930.119399998,2.6850558494253445,4.861686486311496,0.010551025950830671,0.013365087772867313,-0.27755496907333294,2.6850558494253445,-0.28185567961941593,55.84863477925798,-1.238738343847506,1.3965817511030743,0.0,0.1341793557094875,0.0,0.01974134224017074,4.242758096019165,-0.22251006806635193,-4.059665906013596,0.9033990165664711,0.0,0.0,0.0,0.0,1.4859542360118636,-0.5064188445333463,-0.5056243550628892,0.0,0.0,0.0,,,CYTHW
2020Q4,2020,Q4,2020-12-31,2020-12-31,-2679610.0,145586.0,-2681463.0,0.0,130146.0,0.8939458464412787,14187964.0,10452482.0,14050237.0,3672553.0,3735482.0,237909.0,-34061836.0,0.0,-12651672.0,0.0,3.825741112517641,0.013704644302734346,0.0186023759715635,-0.2510065675419645,0.0,-0.25636112073668244,0.0,0.0,0.0,0.0,0.06489876381305457,,0.010261232689905331,3.5283090536746506,-0.18886501262619498,0.0,0.8939458464412787,0.0,0.0,0.0,0.0,-0.3828550293052104,-0.8665319038819066,-0.8673153672112585,0.0,0.0,0.0,,,CYTHW
2020Q3,2020,Q3,2020-09-30,2020-09-30,-1435609.0,222462.0,-1435999.0,0.0,210884.0,0.9479551563862593,4132436.0,-524533.0,3972040.0,4559990.0,4656969.0,421324.0,-31382226.0,0.0,-2038846.0,0.0,0.8710633137353372,0.04810189437900551,-0.37896185749990946,5.029751209277726,0.0,2.736927895861652,0.0,0.0,0.0,0.0,0.02748003911479052,,0.05383313861364096,0.5180250395285955,-0.34740017752241054,0.0,0.9479551563862593,0.0,0.0,0.0,0.0,0.07239876530025884,0.34518598863706856,0.34783730255147477,0.0,0.0,0.0,,,CYTHW
2020Q2,2020,Q2,2020-06-30,2020-06-30,-2192392.0,209594.0,-2201903.0,0.0,196647.0,0.9382281935551591,2262301.0,-1920039.0,2088085.0,4057242.0,4182340.0,216609.0,-29946617.0,0.0,-805410.0,0.0,0.5146562615688194,0.08970733779457286,-0.10569837383511481,1.3163977657318555,0.0,1.141847639553155,0.0,0.0,0.0,0.0,0.05977129297489947,,0.09264638083084435,0.29789916401338645,-0.9690982764892913,0.0,0.9382281935551591,0.0,0.0,0.0,0.0,-0.34297914139946073,0.1676542677426507,0.1665898320994383,0.0,0.0,0.0,,,CYTHW
2020Q1,2020,Q1,2020-03-31,2020-03-31,-2633992.0,325734.0,-2642040.0,0.0,299301.0,0.9188509642837407,2286061.0,-1698010.0,2097259.0,3952301.0,3984071.0,228771.0,-27754225.0,0.0,-884971.0,0.0,0.5306425295036993,0.021209407797954646,-0.02855460215193079,1.6502044298761178,0.0,1.5512229021030501,0.0,0.0,0.0,0.0,0.11554349108934261,,0.14248701150144288,0.2887788657797066,-1.1521967261591008,0.0,0.9188509642837407,0.0,0.0,0.0,0.0,0.3940428504890545,0.00038823308406214004,-0.0015842381384007724,0.0,0.0,0.0,,,CYTHW
2019Q4,2019,Q4,2019-12-31,2019-12-31,-2635015.0,227363.0,-2637861.0,0.0,214700.0,0.9443049220849479,4113228.0,935982.0,3958069.0,3141120.0,3177246.0,242630.0,-25120233.0,0.0,-2731208.0,0.0,1.2600820726365118,0.012766372299323063,0.05610257462216154,-2.5339585630794885,0.0,-2.8152411050639863,0.0,0.0,0.0,0.0,0.0521905782467131,,0.05527605082917845,0.9443157217807661,-0.6406197273771355,0.0,0.9443049220849479,0.0,0.0,0.0,0.0,-0.17404969551016955,-0.6212074881517171,-0.6196859313838361,0.0,0.0,0.0,,,CYTHW
2019Q3,2019,Q3,2019-09-30,2019-09-30,-1625341.0,285914.0,-1628625.0,0.0,259943.0,0.909164993669425,5862239.0,3483247.0,5689606.0,2336698.0,2378992.0,384111.0,-22485218.0,0.0,-4937739.0,0.0,2.434891457946213,0.009633861737810417,0.016213607590848424,-0.45287399279072155,0.0,-0.46661663671855597,0.0,0.0,0.0,0.0,0.06761326803970727,,0.04877215002663658,2.168614001467027,-0.2772560108859431,0.0,0.909164993669425,0.0,0.0,0.0,0.0,0.012294283956290453,-0.18810521260428462,-0.1885309906559516,0.0,0.0,0.0,,,CYTHW
2019Q2,2019,Q2,2019-06-30,2019-06-30,-1368011.0,273095.0,-1370284.0,0.0,256786.0,0.9402808546476501,7591024.0,4840009.0,7403435.0,2704814.0,2751015.0,397584.0,-20859877.0,0.0,-6547230.0,0.0,2.7371327566331733,0.007954526293158867,0.0124758032474733,-0.2762237755189461,0.0,-0.28264637524434355,0.0,0.0,0.0,0.0,0.04102026238480422,,0.03597604223092958,2.513726267314499,-0.18021428992979077,0.0,0.9402808546476501,0.0,0.0,0.0,0.0,0.2821606183466816,0.28156946400681454,0.28174274946403954,0.0,0.0,0.0,,,CYTHW
2019Q1,2019,Q1,2019-03-31,2019-03-31,-1904166.0,220826.0,-1907790.0,0.0,200276.0,0.9069403059422351,1905162.0,-781580.0,1687522.0,2636693.0,2686742.0,413253.0,-19491866.0,0.0,-1050902.0,0.0,0.6400145940388206,0.03371419333369026,-0.08218096675964073,2.921049488760071,0.0,2.436303385449986,0.0,0.0,0.0,0.0,0.049727406697592035,,0.11590930325085216,0.4654952245104,-0.999477209812079,0.0,0.9069403059422351,0.0,0.0,0.0,0.0,-0.11085657458955986,-0.3944223574375036,-0.3946465409982031,0.0,0.0,0.0,,,CYTHW
2018Q4,2018,Q4,2018-12-31,2018-12-31,-1365559.0,239513.0,-1367938.0,0.0,225246.0,0.9404332958962561,2917856.0,992524.0,2769611.0,1925332.0,1925332.0,416531.0,-17587700.0,0.0,-2217412.0,0.0,1.4385108646197124,0.0,0.0,-1.3782417352124483,0.0,-1.3758448158432441,0.0,0.0,0.0,0.0,0.034251952435713065,,0.08208527082899225,1.2127233121352576,-0.46800081978000285,0.0,0.9404332958962561,0.0,0.0,0.0,0.0,0.06533038834997375,-0.7344814753188424,-0.7321108398585885,0.0,0.0,0.0,,,CYTHW
2018Q3,2018,Q3,2018-09-30,2018-09-30,-787301.0,224480.0,-789752.0,0.0,211433.0,0.9418790092658589,1871066.0,216144.0,1710902.0,1654922.0,1654922.0,436585.0,-16222141.0,0.0,-1122340.0,0.0,1.0338263676475388,0.0,0.0,-3.6538233770079205,0.0,-3.6424837145606634,0.0,0.0,0.0,0.0,0.029884214986772337,,0.11997438893122958,0.7429316910404237,-0.4207767123126603,0.0,0.9418790092658589,0.0,0.0,0.0,0.0,-0.2841878967414304,0.38932416196036546,0.3900304308200874,0.0,0.0,0.0,,,CYTHW
2018Q2,2018,Q2,2018-06-30,2018-06-30,-1289229.0,349415.0,-1294740.0,0.0,295375.0,0.8453414993632213,2292463.0,1003445.0,2120750.0,1289018.0,1289018.0,407586.0,-15434840.0,0.0,-1541030.0,0.0,1.645244674628283,0.0,0.0,-1.2902949339525336,0.0,-1.2848028541673933,0.0,0.0,0.0,0.0,0.13258551569484722,,0.1524190357706973,1.2942728495645521,-0.5623772335693095,0.0,0.8453414993632213,0.0,0.0,0.0,0.0,0.6936931254551397,-0.5858767639591411,-0.5898553002544279,0.0,0.0,0.0,,,CYTHW
2018Q1,2018,Q1,2018-03-31,2018-03-31,-812944.0,198069.0,-814376.0,0.0,174397.0,0.8804860932301369,1400736.0,332674.0,1211672.0,1068062.0,1068062.0,453443.0,-14145611.0,0.0,-609559.0,0.0,1.1344584864923573,0.0,0.0,-2.4479700848277894,0.0,-2.443665570498446,0.0,0.0,0.0,0.0,0.052205018050780365,,0.1414035192927147,0.6489557722304511,-0.5803691773467663,0.0,0.8804860932301369,0.0,0.0,0.0,0.0,0.1353601770775691,0.41264115104254345,0.4120355763614586,0.0,0.0,0.0,,,CYTHW
2017Q4,2017,Q4,2017-12-31,2017-12-31,-1384067.0,168467.0,-1385077.0,0.0,153605.0,0.9117809422616893,2088648.0,1145618.0,1895784.0,943030.0,943030.0,471221.0,-13332667.0,0.0,-1270973.0,0.0,2.0103114429021347,0.0,0.0,-1.2090216808744276,0.0,-1.2081400606484884,0.0,0.0,0.0,0.0,0.03153934141305247,,0.08065839720240078,1.4461013965621454,-0.6626616835388252,0.0,0.9117809422616893,0.0,0.0,0.0,0.0,-0.3064829990021988,-1.183935595953603,-1.1747234251010366,0.0,0.0,0.0,,,CYTHW
2017Q3,2017,Q3,2017-09-30,2017-09-30,-633749.0,241147.0,-636898.0,0.0,221487.0,0.9184729646232381,2169856.0,1039685.0,1965272.0,1130171.0,1130171.0,474010.0,-11948600.0,0.0,-1342642.0,0.0,1.7389156154245684,0.0,0.0,-0.6125874663960719,0.0,-0.6095586644031605,0.0,0.0,0.0,0.0,0.041475918229573215,,0.11113502462836243,1.3016189585469808,-0.2920696119926852,0.0,0.9184729646232381,0.0,0.0,0.0,0.0,-0.501230670146622,0.23439091246250474,0.2334426584662787,0.0,0.0,0.0,,,CYTHW
2017Q2,2017,Q2,2017-06-30,2017-06-30,-827771.0,523085.0,-830855.0,0.0,444067.0,0.848938509037728,2195288.0,1628914.0,1982890.0,566374.0,566374.0,473150.0,-11314851.0,0.0,-1330587.0,0.0,3.5010258239255334,0.0,0.0,-0.5100668298019416,0.0,-0.508173543845777,0.0,0.0,0.0,0.0,0.1670041213145937,,0.23827625350295725,2.5894885711561617,-0.37706715474233904,0.0,0.848938509037728,0.0,0.0,0.0,0.0,0.5544264716692512,0.1617279662330008,0.16116855175867323,0.0,0.0,0.0,,,CYTHW
2017Q1,2017,Q1,2017-03-31,2017-03-31,-987473.0,305057.0,-990491.0,0.0,285679.0,0.9364774451987661,2677672.0,2456685.0,2457118.0,220987.0,220987.0,500018.0,-10487080.0,0.0,-1638097.0,0.0,11.118835044595384,0.0,0.0,-0.40318193012128134,0.0,-0.40195344539491223,0.0,0.0,0.0,0.0,0.03875460483422597,,0.11392620156613656,8.576015783733885,-0.3687804182140307,0.0,0.9364774451987661,0.0,0.0,0.0,0.0,-0.3695123458424923,-0.18690082406223257,-0.19605016090371738,0.0,0.0,0.0,,,CYTHW
2016Q4,2016,Q4,2016-12-31,2016-12-31,-831976.0,527641.0,-828135.0,0.0,453108.0,0.8587429710731349,1868545.0,1526003.0,1635533.0,342542.0,342542.0,497397.0,-9499607.0,0.0,-960197.0,0.0,4.774693322278728,0.0,0.0,-0.542682419366148,0.0,-0.5451994524257161,0.0,0.0,0.0,0.0,0.1498460987903023,,0.28238067587347376,3.165325711883506,-0.445253392345381,0.0,0.8587429710731349,0.0,0.0,0.0,0.0,0.8321977493196605,0.4848232093839187,0.48586355255070685,0.0,0.0,0.0,,,CYTHW
2016Q3,2016,Q3,2016-09-30,2016-09-30,-1614933.0,278196.0,-1610730.0,0.0,247303.0,0.8889523932766826,3233927.0,2357979.0,2018552.0,875948.0,875948.0,595366.0,-8667631.0,0.0,-661814.0,0.0,2.3044198970715155,0.18807845693486588,0.25794631758807013,-0.5430261029980672,0.0,-0.6848801452430238,0.0,0.0,0.0,0.0,0.051889090072325256,,0.08602420524643878,1.622822359318133,-0.49937212559219796,0.0,0.8889523932766826,0.0,0.0,0.0,0.0,-0.24652592644500437,-0.5076473097881644,-0.5089823388556418,0.0,0.0,0.0,,,CYTHW
2016Q2,2016,Q2,2016-06-30,2016-06-30,-1071161.0,384386.0,-1067428.0,0.0,328217.0,0.853873450125655,4971657.0,3848751.0,2869404.0,1122906.0,1122906.0,616562.0,-7052698.0,0.0,-1444991.0,0.0,2.55533766851366,0.1385320829654982,0.1789500022214999,-0.23524661789515558,0.0,-0.27831392573850583,0.0,0.0,0.0,0.0,0.09110032729879558,,0.07731547047593991,1.9966969630583504,-0.21545351982246563,0.0,0.853873450125655,0.0,0.0,0.0,0.0,0.18983436710398005,-0.5177175032694741,-0.45614623831935064,0.0,0.0,0.0,,,CYTHW
2016Q1,2016,Q1,2016-03-31,2016-03-31,-705771.0,312685.0,-733050.0,0.0,275851.0,0.8822009370452693,4030525.0,3039912.0,1872861.0,990613.0,990613.0,621453.0,-5981537.0,0.0,-370390.0,0.0,1.8906081385970102,0.17580116734172346,0.23308931311169534,-0.19555911017870428,0.0,-0.2321682338172947,0.0,0.0,0.0,0.0,0.059270773493731624,,0.0775792235502819,1.2254826052151546,-0.17510646876027317,0.0,0.8822009370452693,0.0,0.0,0.0,0.0,0.9300672390028197,0.33126235339376037,0.2131870726759475,0.0,0.0,0.0,,,CYTHW
2015Q4,2015,Q4,2015-12-31,2015-12-31,-1055378.0,162257.0,-931670.0,0.0,142923.0,0.8808433534454599,4757253.0,3745683.0,2522886.0,1011570.0,1011570.0,610166.0,-5275766.0,0.0,-1088200.0,0.0,2.4940300720661943,0.158501765619781,0.20130721152857836,-0.23361347677658945,0.0,-0.2817584937112938,0.0,0.0,0.0,0.0,0.031686459094738155,,0.03410728838680642,1.876161807882796,-0.22184609479462203,0.0,0.8808433534454599,0.0,0.0,0.0,0.0,-0.317597796038025,-0.41177115828111877,-0.2587039403822303,0.0,0.0,0.0,,,CYTHW
2015Q3,2015,Q3,2015-09-30,2015-09-30,-747556.0,234660.0,-740182.0,0.0,209441.0,0.8925296173186739,5840739.0,4801061.0,3523687.0,1039678.0,1039678.0,645550.0,-4220388.0,0.0,-1992405.0,0.0,3.389209928458619,0.1284104631280391,0.15621796931969828,-0.13334034699237426,0.0,-0.1557064157276902,0.0,0.0,0.0,0.0,0.0390659127875455,,0.04017642288073479,2.747655524114197,-0.12798996839269824,0.0,0.8925296173186739,0.0,0.0,0.0,0.0,-0.35144332897743813,-1.075506691098895,-1.1006354278708483,0.0,0.0,0.0,,,CYTHW
2015Q2,2015,Q2,2015-06-30,2015-06-30,-360180.0,380340.0,-352361.0,0.0,322934.0,0.8490666245990429,4488086.0,3638022.0,2114317.0,850064.0,850064.0,608486.0,-3472832.0,0.0,-661655.0,0.0,2.487244489826648,0.1704365736307192,0.210260960488969,-0.08002828100030979,0.0,-0.09900434906660817,0.0,0.0,0.0,0.0,0.09434235134415582,,0.08474436541545773,1.7362057445086487,-0.08025247288042163,0.0,0.8490666245990429,0.0,0.0,0.0,0.0,1.1424382347477642,0.07231311299760983,0.0788838726711403,0.0,0.0,0.0,,,CYTHW
2015Q1,2015,Q1,2015-03-31,2015-03-31,-388256.0,173198.0,-382537.0,0.0,150732.0,0.8702871857642698,4905284.0,3998202.0,2552494.0,907082.0,907082.0,621685.0,-3112652.0,0.0,-1067448.0,0.0,2.813961692548193,0.15895185681399895,0.19501365863955847,-0.08006373503371561,0.0,-0.09710764988862494,0.0,0.0,0.0,0.0,0.036137272091171575,,0.03530845512716491,2.079718261414073,-0.07915056498257797,0.0,0.8702871857642698,0.0,0.0,0.0,0.0,-0.520857505237025,-0.2237361750680018,-0.23419336729590998,0.0,0.0,0.0,,,CYTHW
2014Q4,2014,Q4,2014-12-31,2014-12-31,-317271.0,446027.0,-309949.0,0.0,314587.0,0.7053093198393819,5285079.0,4369937.0,3049488.0,915142.0,915142.0,575176.0,-2724396.0,0.0,-1585558.0,0.0,3.3322566333967845,0.15032812186913383,0.18180948604064542,-0.06001607533682787,0.0,-0.07260310617750325,0.0,0.0,0.0,0.0,0.22852135694117975,,0.08439362968841146,2.6892383914190368,-0.060031458375551246,0.0,0.7053093198393819,0.0,0.0,0.0,0.0,-0.07786040703622171,-0.43621976668914975,-0.5680123438053322,0.0,0.0,0.0,,,CYTHW
2014Q3,2014,Q3,2014-09-30,2014-09-30,-220907.0,387500.0,-197670.0,0.0,341149.0,0.8803845161290322,5618251.0,4609928.0,3379232.0,259209.0,1008323.0,428951.0,-2407125.0,0.0,-1934514.0,0.0,13.036707830360829,0.14400478013531257,0.17550274104064098,-0.03913463975604579,0.0,-0.04791983735971581,0.0,0.0,0.0,0.0,0.10805663117698758,,0.0689716425983816,11.250948076648573,-0.03931953200382112,0.0,0.8803845161290322,0.0,0.0,0.0,0.0,1.2649347372893733,-0.45876751588150616,0.07167982417004409,0.0,0.0,0.0,,,CYTHW
2014Q2,2014,Q2,2014-06-30,2014-06-30,-151434.0,173584.0,-212933.0,0.0,150622.0,0.8677182228776846,4050991.0,3142936.0,1839615.0,140994.0,908055.0,278207.0,-2186218.0,0.0,-667910.0,0.0,13.047470105110856,0.20325372236077544,0.26197765401522655,-0.036714266774040764,0.0,-0.048182336515920146,0.0,0.0,0.0,0.0,0.08253566588906822,,0.04284976194713837,10.85816417719903,-0.03738196406755779,0.0,0.8677182228776846,0.0,0.0,0.0,0.0,-0.6576134643274428,-2.562383286045912,-2.345650223081687,0.0,0.0,0.0,,,CYTHW
2014Q1,2014,Q1,2014-03-31,2014-03-31,96925.0,560325.0,158238.0,0.0,439918.0,0.7851122116628743,3362016.0,2354370.0,1225911.0,226407.0,1007646.0,259997.0,-2034784.0,0.0,-14322.0,0.0,5.4146338231591775,0.2552581546310309,0.3645060037292354,0.031424413708103754,0.0,0.04116812565569558,0.0,0.0,0.0,0.0,0.46310918972141984,,0.1666633948202507,4.119581108357957,0.028829428533356176,0.0,0.7851122116628743,0.0,0.0,0.0,0.0,1.214738813484232,2.1489449976292083,2.5,0.0,0.0,0.0,,,CYTHW
2013Q4,2013,Q4,2013-12-31,2013-12-31,-84360.0,234234.0,-105492.0,0.0,198632.0,0.8480066941605403,2789467.0,1795085.0,618859.0,198925.0,994382.0,241005.0,-2131709.0,0.0,583259.0,0.0,3.111016714842277,0.30535403358419366,0.47450399284713535,-0.02940024704003149,0.0,-0.046994989095223906,0.0,0.0,0.0,0.0,0.1477230762847244,,0.08397088045852487,1.8489279879351515,-0.030242336618429254,0.0,0.8480066941605403,0.0,0.0,0.0,0.0,0.4373105060167732,0.10739604274679929,-0.024054982817869417,0.0,0.0,0.0,,,CYTHW
2013Q3,2013,Q3,2013-09-30,2013-09-30,-94510.0,167288.0,-103014.0,0.0,138197.0,0.826102290660418,2843239.0,1879444.0,662455.0,154352.0,963795.0,101378.0,-2047349.0,0.0,364248.0,0.0,4.2918459106457965,0.3180098472200191,0.4810880239049421,-0.03054360813917368,0.0,-0.05028614845667123,0.0,0.0,0.0,0.0,0.28695574976819427,,0.05883712202878478,3.601501762205867,-0.033240258733085754,0.0,0.826102290660418,0.0,0.0,0.0,0.0,-0.7544552590713162,-1.3583983375110447,-1.2786858636193938,0.0,0.0,0.0,,,CYTHW
2013Q2,2013,Q2,2013-06-30,2013-06-30,263701.0,708322.0,369642.0,0.0,562818.0,0.7945793015041182,2952120.0,1932454.0,828250.0,256507.0,1019666.0,115014.0,-1952839.0,0.0,375220.0,0.0,3.2289567146315696,0.30747462840263945,0.4697146736739917,0.09703191563114229,0.0,0.1364591343442069,0.0,0.0,0.0,0.0,1.2650981619628914,,0.23993672343942657,2.7414144643226113,0.0893259759088384,0.0,0.7945793015041182,0.0,0.0,0.0,0.0,0.5307860939004423,1.1960808807608387,1.094182166348458,0.0,0.0,0.0,,,CYTHW
2013Q1,2013,Q1,2013-03-31,2013-03-31,120078.0,583491.0,176509.0,0.0,367666.0,0.6301142605455783,2797893.0,1668753.0,558424.0,429816.0,1129140.0,200726.0,-2216540.0,0.0,850405.0,0.0,1.2992164088819402,0.3388503420252311,0.568129016097649,0.05059700382615855,0.0,0.07195672457218054,0.0,0.0,0.0,0.0,1.0752219443420383,,0.2085465741541939,0.8120405010516127,0.042917295264686676,0.0,0.6301142605455783,0.0,0.0,0.0,0.0,0.12033860086417571,-0.0805666156202144,0.04380196567752008,0.0,0.0,0.0,,,CYTHW
2012Q4,2012,Q4,2012-12-31,2012-12-31,130600.0,297467.0,169102.0,0.0,328174.0,1.1032282572520649,2618237.0,1548675.0,304210.0,318786.0,1069562.0,205155.0,-2336618.0,0.0,963221.0,0.0,0.9542765366107671,0.37661220126367473,0.636712028023956,0.055995066753326196,0.0,0.08433015319547355,0.0,0.0,0.0,0.0,-0.1496770734322829,,0.11361347349380518,0.2763923133387288,0.0498808931353426,0.0,1.1032282572520649,0.0,0.0,0.0,0.0,1.5177916557978242,3.8553937644846736,6.90749344978166,0.0,0.0,0.0,,,CYTHW
2012Q3,2012,Q3,2012-09-30,2012-09-30,-45738.0,157375.0,-28625.0,0.0,130342.0,0.8282255758538523,2666790.0,1418075.0,275159.0,515540.0,1248715.0,174860.0,-2467218.0,0.0,786913.0,0.0,0.5337296814990108,0.3269807521402135,0.6149103538247271,-0.012499650664784914,0.0,-0.03225358320258096,0.0,0.0,0.0,0.0,0.15459796408555415,,0.05901289565357602,0.19296077898902123,-0.01715095676824947,0.0,0.8282255758538523,0.0,0.0,0.0,0.0,0.09134905218032018,0.1895024099801531,0.5172361453098121,0.0,0.0,0.0,,,CYTHW
2012Q2,2012,Q2,2012-06-30,2012-06-30,-56432.0,148190.0,-59294.0,0.0,119432.0,0.8059383224239153,2712229.0,1413813.0,286678.0,553013.0,1298416.0,171624.0,-2421480.0,0.0,838805.0,0.0,0.5183928768401466,0.32609672708314824,0.6255770741958094,-0.019560365527488324,0.0,-0.039914755346004034,0.0,0.0,0.0,0.0,0.1675639770661446,,0.05463771680046191,0.20656657257605157,-0.0208065026957532,0.0,0.8059383224239153,0.0,0.0,0.0,0.0,-0.6351182492812778,-2.2328665370414873,-1.7770453562582724,0.0,0.0,0.0,,,CYTHW
2012Q1,2012,Q1,2012-03-31,2012-03-31,45773.0,441909.0,76307.0,0.0,327317.0,0.7406886938261045,2823590.0,1470245.0,396617.0,596173.0,1353345.0,159310.0,-2365048.0,0.0,870882.0,0.0,0.6652716577235132,0.3174844789788886,0.609725589952695,0.02314170485066891,0.0,0.03113290642035851,0.0,0.0,0.0,0.0,0.7193019898311468,,0.1565060791403851,0.3965426143082629,0.016210922973944518,0.0,0.7406886938261045,0.0,0.0,0.0,0.0,1.1562668809865742,1.325853734934613,1.5753764486770572,0.0,0.0,0.0,,,CYTHW
2011Q4,2011,Q4,2011-12-31,2011-12-31,-140471.0,176900.0,-132621.0,0.0,151798.0,0.8581006218202374,2790265.0,1424472.0,316279.0,652455.0,1365793.0,142017.0,-2410821.0,0.0,709729.0,0.0,0.48475220513292105,0.2999019806362478,0.5874499463660922,-0.058648693349512976,0.0,-0.09861267894349626,0.0,0.0,0.0,0.0,0.17675348725856763,,0.06339899615269518,0.26582982734441457,-0.05034324696758193,0.0,0.8581006218202374,0.0,0.0,0.0,0.0,-0.26601325835416534,-9.00541403088847,-7.019744904906722,0.0,0.0,0.0,,,CYTHW
2011Q3,2011,Q3,2011-09-30,2011-09-30,17547.0,231235.0,22031.0,0.0,206813.0,0.8943845006162562,2514854.0,1462401.0,268786.0,331572.0,1052453.0,132042.0,-2270350.0,0.0,783339.0,0.0,0.8106414293124872,0.32159719808784126,0.5530425649326005,0.0097002823653525,0.0,0.011998760941766315,0.0,0.0,0.0,0.0,0.1849563017827661,,0.09194768364286754,0.40993811298903404,0.006977343416357371,0.0,0.8943845006162562,0.0,0.0,0.0,0.0,0.0782348923657635,-0.5040137938832042,-0.45948134154419884,0.0,0.0,0.0,,,CYTHW
2011Q2,2011,Q2,2011-06-30,2011-06-30,35378.0,369348.0,40759.0,0.0,191807.0,0.5193124099764991,2385382.0,1429999.0,452205.0,226750.0,955383.0,99863.0,-2287897.0,0.0,612591.0,0.0,1.9942888643880927,0.3162994438626602,0.5276192500833917,0.018658325452026878,0.0,0.024739877440473734,0.0,0.0,0.0,0.0,1.7778456485384977,,0.15483809301822518,1.5502624035281147,0.014831167502731219,0.0,0.5193124099764991,0.0,0.0,0.0,0.0,-0.076407848802215,4.461305156051267,10.206912130110684,0.0,0.0,0.0,,,CYTHW
2011Q1,2011,Q1,2011-03-31,2011-03-31,-10221.0,254366.0,-4427.0,0.0,207675.0,0.8164416628008461,2262232.0,1392803.0,625403.0,134418.0,869429.0,164961.0,-2323275.0,0.0,411759.0,0.0,4.652673005103483,0.3363372987385909,0.5462890301069139,-0.0020555552460072915,0.0,-0.007338439104453393,0.0,0.0,0.0,0.0,0.2830426585677827,,0.11244028021882813,3.4199958338912944,-0.004518104243950222,0.0,0.8164416628008461,0.0,0.0,0.0,0.0,-0.11317459368514549,-1.156504562993814,-1.0639665934574039,0.0,0.0,0.0,,,CYTHW
2010Q4,2010,Q4,2010-12-31,2010-12-31,65308.0,274388.0,69208.0,0.0,234178.0,0.853455690482091,1931684.0,1402694.0,366211.0,102621.0,528990.0,175364.0,-2313054.0,0.0,332222.0,0.0,3.5685775815866148,0.22724990215790988,0.3129513635903483,0.037578956913538755,0.0,0.04655897865108142,0.0,0.0,0.0,0.0,0.22929449601970758,,0.14204600752504032,1.8097173093226533,0.033808842440067835,0.0,0.853455690482091,0.0,0.0,0.0,0.0,0.4334824899150971,2.763555843594729,5.89794762915782,0.0,0.0,0.0,,,CYTHW
2010Q3,2010,Q3,2010-09-30,2010-09-30,-37032.0,196536.0,-14130.0,0.0,163363.0,0.8312115846460699,1820256.0,1293462.0,320171.0,99400.0,526794.0,185060.0,-2378362.0,0.0,431054.0,0.0,3.2210362173038227,0.2417242409858833,0.3401723436792113,-0.025088065833918333,0.0,-0.028630141434383076,0.0,0.0,0.0,0.0,0.179255376634605,,0.10797162596909446,1.3414989939637827,-0.020344391118611888,0.0,0.8312115846460699,0.0,0.0,0.0,0.0,0.18077801549670405,-2.4399813353034956,-1.554574355351466,0.0,0.0,0.0,,,CYTHW
2010Q2,2010,Q2,2010-06-30,2010-06-30,25717.0,154644.0,25479.0,0.0,138352.0,0.8946483536380332,1371804.0,1306625.0,350189.0,65179.0,65179.0,174789.0,-2341330.0,0.0,-131498.0,0.0,5.372727412203317,0.0,0.0,0.019499856500526165,0.0,0.019682005165981058,0.0,0.0,0.0,0.0,0.09320952691530932,,0.11273039005572225,2.660381411190721,0.018746847217240948,0.0,0.8946483536380332,0.0,0.0,0.0,0.0,-0.04280505607483102,1.2809956184919309,1.255548980472002,0.0,0.0,0.0,,,CYTHW
2010Q1,2010,Q1,2010-03-31,2010-03-31,-91521.0,169524.0,-99703.0,0.0,144539.0,0.8526167386328779,1322766.0,1257485.0,510062.0,65281.0,65281.0,181291.0,-2367047.0,0.0,-251921.0,0.0,7.813330065409537,0.0,0.0,-0.07928762569732442,0.0,-0.07278098744716636,0.0,0.0,0.0,0.0,0.13781710068343161,,0.12815872195082123,4.9979473353655735,-0.06918910827765455,0.0,0.8526167386328779,0.0,0.0,0.0,0.0,0.1572470556209417,0.4359468987279361,0.3926548165836186,0.0,0.0,0.0,,,CYTHW
2009Q4,2009,Q4,2009-12-31,2009-12-31,-162256.0,163597.0,-164162.0,0.0,124899.0,0.7634553200853317,1295459.0,1201783.0,564559.0,27676.0,93676.0,185262.0,-2275526.0,0.0,-338872.0,0.0,20.39886544298309,0.0,0.0,-0.13659870375933092,0.0,-0.13501272692324653,0.0,0.0,0.0,0.0,0.20888255551597198,,0.12628496926571972,13.70490677843619,-0.12524981493046095,0.0,0.7634553200853317,0.0,0.0,0.0,0.0,-0.29076971125181,-5.956651901634336,-6.4821172148939725,0.0,0.0,0.0,,,CYTHW
2009Q3,2009,Q3,2009-09-30,2009-09-30,32735.0,215333.0,29945.0,0.0,176105.0,0.8178263433844325,1307136.0,1267314.0,578479.0,39822.0,39822.0,200789.0,-2113270.0,0.0,-278544.0,0.0,14.526618452111897,0.0,0.0,0.02362871395723554,0.0,0.02583022045049609,0.0,0.0,0.0,0.0,0.1953692682368058,,0.16473649260673717,9.434232333885792,0.025043300773599685,0.0,0.8178263433844325,0.0,0.0,0.0,0.0,0.6356298993201323,4.073997558456193,3.427251357704466,0.0,0.0,0.0,,,CYTHW
2009Q2,2009,Q2,2009-06-30,2009-06-30,-10649.0,124448.0,-12337.0,0.0,107668.0,0.865164566726665,1252356.0,1187704.0,517951.0,64652.0,64652.0,211163.0,-2146005.0,0.0,-239308.0,0.0,8.011368557817237,0.0,0.0,-0.010387268208240437,0.0,-0.008966038676303186,0.0,0.0,0.0,0.0,0.07946467894470148,,0.09937110534065394,4.714285714285714,-0.00850317321911661,0.0,0.865164566726665,0.0,0.0,0.0,0.0,0.031579350783735104,0.7989123250939442,0.7731376767621044,0.0,0.0,0.0,,,CYTHW
2009Q1,2009,Q1,2009-03-31,2009-03-31,-52957.0,120496.0,-54381.0,0.0,104372.0,0.8661864294250432,1246859.0,1160572.0,515029.0,86287.0,86287.0,209811.0,-2135356.0,0.0,-260623.0,0.0,5.9687902001460245,0.0,0.0,-0.046857067032463305,0.0,-0.04563008585421671,0.0,0.0,0.0,0.0,0.0768501174866904,,0.09663963607753563,3.5140635321659115,-0.042472324456895284,0.0,0.8661864294250432,0.0,0.0,0.0,0.0,-0.012152646323919134,0.8436121266530036,0.5677598321304804,0.0,0.0,0.0,,,CYTHW
2008Q4,2008,Q4,2008-12-31,2008-12-31,-338626.0,123707.0,-125812.0,0.0,105656.0,0.8540826307322948,1231291.0,1159166.0,516438.0,72125.0,72125.0,209975.0,-2082399.0,0.0,-276669.0,0.0,7.160318890814558,0.0,0.0,-0.2997189280325478,0.0,-0.2921289961920898,0.0,0.0,0.0,0.0,0.08596737706869866,,0.10046934477714854,4.221324090121318,-0.2750170349657392,0.0,0.8540826307322948,0.0,0.0,0.0,0.0,-0.23985207994589694,-213.571249215317,-14.150770712909441,0.0,0.0,0.0,,,CYTHW
2008Q3,2008,Q3,2008-09-30,2008-09-30,1593.0,142105.0,-8304.0,0.0,138994.0,0.9781077372365504,1523047.0,1448603.0,591472.0,74444.0,74444.0,224292.0,-1743773.0,0.0,-243121.0,0.0,7.945193702648971,0.0,0.0,-0.0035216907713354504,0.0,0.001099680174623413,0.0,0.0,0.0,0.0,0.013870311914825318,,0.09330309570223375,3.8979635699317607,0.0010459296397287805,0.0,0.9781077372365504,0.0,0.0,0.0,0.0,0.4294352972633874,1.1787678150600382,0.5571908494640857,0.0,0.0,0.0,,,CYTHW
2008Q2,2008,Q2,2008-06-30,2008-06-30,-8911.0,160655.0,-18753.0,0.0,97237.0,0.6052534935109396,1433280.0,1375637.0,508548.0,57643.0,57643.0,169142.0,-1745366.0,0.0,-206636.0,0.0,8.822372187429522,0.0,0.0,-0.011133425135757574,0.0,-0.006477726318789041,0.0,0.0,0.0,0.0,0.3749394000307434,,0.11208905447644564,4.552261332685669,-0.006217208082161196,0.0,0.6052534935109396,0.0,0.0,0.0,0.0,1.0287717248429968,0.8675692545476162,0.7834651579008141,0.0,0.0,0.0,,,CYTHW
2008Q1,2008,Q1,2008-03-31,2008-03-31,-67288.0,68470.0,-86605.0,0.0,47929.0,0.7,1461766.0,1343378.0,559042.0,92532.0,118388.0,100812.0,-1736455.0,0.0,-269945.0,0.0,6.041607227769853,0.017688193595965428,0.01924700270512097,-0.05172093939691961,0.0,-0.05008865710172416,0.0,0.0,0.0,0.0,0.20375550529698847,,0.04684060239463772,4.111464142134613,-0.04603199144049047,0.0,0.7,0.0,0.0,0.0,0.0,-0.6459852127604571,-1.1359081719009734,-2.763705604431411,0.0,0.0,0.0,,,CYTHW
2007Q4,2007,Q4,2007-12-31,2007-12-31,495099.0,193543.0,49104.0,0.0,135387.0,0.6995189699446634,1598721.0,1363653.0,581334.0,77606.0,235068.0,107624.0,-1669167.0,0.0,-48577.0,0.0,7.490838337241966,0.10095820346389395,0.1183614893231636,0.03219814079080323,0.0,0.3630681705683191,0.0,0.0,0.0,0.0,0.5403627443692857,,0.12106114825538665,5.0951601680282455,0.3096844289904242,0.0,0.6995189699446634,0.0,0.0,0.0,0.0,-0.2524845955078513,6.069510088101324,-0.234209787592402,0.0,0.0,0.0,,,CYTHW
2007Q3,2007,Q3,2007-09-30,2007-09-30,70033.0,226710.0,64122.0,0.0,181116.0,0.7988884477967447,987099.0,822687.0,547111.0,27597.0,164412.0,105295.0,-2164266.0,0.0,118180.0,0.0,19.825017212015798,0.1448659151716292,0.17381701667827498,0.06640060309583673,0.0,0.08512715042294336,0.0,0.0,0.0,0.0,0.43301201386580557,,0.22967301152164069,3.714135594448672,0.07094830407081762,0.0,0.7988884477967447,0.0,0.0,0.0,0.0,0.08330093487011705,-0.17713755302024461,-0.22080857424082243,0.0,0.0,0.0,,,CYTHW
2007Q2,2007,Q2,2007-06-30,2007-06-30,85109.0,179697.0,82293.0,0.0,167189.0,0.9303939409116457,861300.0,702024.0,434677.0,20434.0,159276.0,94564.0,-2234299.0,0.0,101921.0,0.0,21.272242341196044,0.16837803320561942,0.20657983202853464,0.09715269972894099,0.0,0.12123374699440476,0.0,0.0,0.0,0.0,0.13227020853601792,,0.20863462208289796,3.501908583732994,0.09881458260768605,0.0,0.9303939409116457,0.0,0.0,0.0,0.0,0.12116335056765982,24.689405372773923,45.4827027027027,0.0,0.0,0.0,,,CYTHW
2007Q1,2007,Q1,2007-03-31,2007-03-31,3313.0,151266.0,-1850.0,0.0,149121.0,0.9858196818848916,781430.0,588477.0,357876.0,52080.0,192953.0,93573.0,-2319408.0,0.0,107826.0,0.0,6.871658986175115,0.18818704170559103,0.24989081986211867,-0.0025151862869324517,0.0,0.00562978672063649,0.0,0.0,0.0,0.0,0.02292327915103716,,0.193575880117221,4.6759600614439325,0.004239663181602959,0.0,0.9858196818848916,0.0,0.0,0.0,0.0,0.23655405741579183,9.04126213592233,-1.0311185870479394,0.0,0.0,0.0,,,CYTHW
