Quarters,Year,Quarter,FillingDate,Date,NetIncome,Revenue,OperatingIncome,EPSDiluted,GrossProfit,GrossProfitRatio,TotalAssets,CommonStockEquity,CurrentAssets,CurrentLiability,TotalLiability,Inventory,RetainedEarnings,MarketCap,EnterpriseValue,bookValuePerShare,currentRatio,debtToAssets,debtToEquity,roic,shareholdersEquityPerShare,roe,priceToSalesRatio,peRatio,pbRatio,payoutRatio,inventoryTurnover,dividendYield,assetTurnover,quickRatio,returnOnAssets,priceToFreeCashFlowsRatio,grossProfitMargin,epsdilutedGrowth,fiveYNetIncomeGrowthPerShare,fiveYRevenueGrowthPerShare,fiveYShareholdersEquityGrowthPerShare,grossProfitGrowth,netIncomeGrowth,operatingIncomeGrowth,threeYNetIncomeGrowthPerShare,threeYRevenueGrowthPerShare,threeYShareholdersEquityGrowthPerShare,Industry,Sector,Symbol
2023Q1,2023,Q1,2023-04-27,2023-03-31,800000000.0,2266000000.0,1117000000.0,0.86,1175000000.0,0.5185348632,73502000000.0,39520000000.0,1780000000.0,2678000000.0,33982000000.0,285000000.0,13824000000.0,96827699947.01999,115699699947.01999,42.462662512087675,0.6646751306945482,0.2607003891050584,0.48486842105263156,0.01581291607337264,42.462662512087675,0.020242914979757085,42.73067076214474,30.258656233443745,2.450093622141194,0.22125,3.8280701754385964,0.001827989305713622,0.030829093085902426,0.49253174010455564,0.01088405757666458,203.4195377038235,0.5185348631950574,-0.3676470588235295,0.783356736802975,0.05768505958728066,3.765005025447202,-0.10714285714285714,-0.37057435090479934,-0.2737321196358908,0.4364664396727442,-0.18544513124690326,3.1730021318493065,Railroads,Industrials,CP
2022Q4,2022,Q4,2023-02-24,2022-12-31,1271000000.0,2462000000.0,1538000000.0,1.36,1316000000.0,0.5345247766,73495000000.0,38886000000.0,1889000000.0,3213000000.0,34609000000.0,284000000.0,13201000000.0,93941640042.59999,113141640042.59999,41.7994195420832,0.5879240585122938,0.26737873324715966,0.505348968780538,0.02421042002533229,41.7994195420832,0.03268528519261431,38.15663689788789,18.47789930027537,2.4158216335596356,0.13847364280094415,4.035211267605634,0.0018735035913806566,0.03349887747465814,0.4565826330532213,0.017293693448533914,79.54414906232006,0.5345247766043867,0.4166666666666668,0.006619728403024118,0.12007130504637951,3.707873103621302,0.053642914331465175,0.4264870931537598,0.2254980079681275,0.411492471012719,-0.12253732314895328,3.0563590049326743,Railroads,Industrials,CP
2022Q3,2022,Q3,2022-10-27,2022-09-30,891000000.0,2312000000.0,1255000000.0,0.96,1249000000.0,0.5402249135,73435000000.0,37814000000.0,1644000000.0,2811000000.0,35621000000.0,267000000.0,12106000000.0,84849725520.0,105286725520.0,40.660215053763444,0.5848452508004269,0.2801797508000272,0.5441106468503729,0.017618172116356367,40.660215053763444,0.023562701644893425,36.69970826989619,23.807442626262628,2.243870670122177,0.19865319865319866,3.9812734082397006,0.0020860409260637994,0.03148362497446722,0.423692636072572,0.01213317900183836,124.77900811764705,0.5402249134948097,0.17073170731707318,0.3666508538899431,0.13390636060268968,4.315418949076892,0.057578323454699404,0.16470588235294117,0.04583333333333333,0.07045881616035074,-0.13259330497101285,2.89132065067549,Railroads,Industrials,CP
2022Q2,2022,Q2,2022-07-28,2022-06-30,765000000.0,2202000000.0,1200000000.0,0.82,1181000000.0,0.5363306085,69874000000.0,35414000000.0,1611000000.0,3209000000.0,34460000000.0,271000000.0,11392000000.0,83032479040.32,102948479040.32,38.0836649102054,0.5020255531318167,0.2872313020579901,0.5667250240018072,0.016381495405686484,38.0836649102054,0.021601626475405207,37.707756149100824,27.134797072,2.344623003341052,0.23006535947712417,3.7675276752767526,0.0021196524785745056,0.03151386781921745,0.34777189155500154,0.010948278329564645,246.38717816118697,0.536330608537693,0.3015873015873015,0.2554273308957954,0.05572579385200813,4.230880282528681,0.39763313609467454,0.2966101694915254,0.44057623049219685,-0.20630611976930915,-0.1633557934746195,2.7168422439260125,Railroads,Industrials,CP
2022Q1,2022,Q1,2022-04-28,2022-03-31,590000000.0,1838000000.0,833000000.0,0.63,845000000.0,0.4597388466,67592000000.0,33985000000.0,1407000000.0,3191000000.0,33607000000.0,251000000.0,10804000000.0,95922564874.38,115500564874.38,36.55480262450253,0.44092760890003135,0.290907207953604,0.5785787847579814,0.013571870409031161,36.55480262450253,0.017360600264822716,52.18855542675735,40.645154607788136,2.822497127390908,0.3,3.956175298804781,0.001845238398616622,0.027192567167712154,0.2829833907865873,0.008728843650136112,247.86192474,0.45973884657236125,-0.14864864864864863,0.0785481532725049,-0.09660687168856442,4.314885455031382,-0.2441860465116279,0.10902255639097744,0.02334152334152334,0.024300986047230876,-0.21625593300721538,2.757945294755506,Railroads,Industrials,CP
2021Q4,2021,Q4,2022-02-23,2021-12-31,532000000.0,2040000000.0,814000000.0,0.74,1118000000.0,0.5480392157,68177000000.0,33829000000.0,1352000000.0,3159000000.0,34348000000.0,235000000.0,10391000000.0,65865220650.24,86206220650.23999,47.08936525612472,0.4279835390946502,0.29936782199275414,0.6033285051287357,0.011629031718387564,47.08936525612472,0.015726152118005262,32.28687286776471,30.951701433383462,1.9470046602098792,0.2387218045112782,3.923404255319149,0.001928179982488789,0.029922114496091057,0.28110161443494774,0.007803218094078648,359.9192385259016,0.5480392156862746,0.0571428571428572,0.41067969329992565,0.2689061281909301,6.446145846272208,0.03806870937790158,0.1271186440677966,0.05167958656330749,-0.036625733025479765,0.00364274659318264,4.031097041379208,Railroads,Industrials,CP
2021Q3,2021,Q3,2021-10-20,2021-09-30,472000000.0,1942000000.0,774000000.0,0.7,1077000000.0,0.554582904222451,26445000000.0,9468000000.0,1451000000.0,3676000000.0,16977000000.0,227000000.0,10035000000.0,54689647279.409996,64447647279.409996,14.197031039136302,0.39472252448313383,0.37693325770467007,1.0528094634558514,0.029323650822139082,14.197031039136302,0.04985213350232361,28.161507352940266,28.96697419460275,5.776261858830798,0.2690677966101695,3.8105726872246697,0.00232219453439068,0.0734354320287389,0.2777475516866159,0.01784836453015693,310.736632269375,0.554582904222451,-0.6236559139784946,0.502188931280392,0.38009901167795895,1.2394759820783652,-0.08340425531914894,-0.6211878009630819,-0.05609756097560976,-0.18870196074460752,0.09391059809783114,0.42010144934121535,Railroads,Industrials,CP
2021Q2,2021,Q2,2021-07-29,2021-06-30,1246000000.0,2054000000.0,820000000.0,1.86,1175000000.0,0.5720545277507303,24704000000.0,8965000000.0,1987000000.0,2817000000.0,15739000000.0,218000000.0,9690000000.0,63776960688.6,71606960688.6,13.44682765861707,0.7053603123890664,0.35306023316062174,0.9728945900725042,0.038434278989184334,13.44682765861707,0.13898494143892917,31.050126917526775,12.796340427086678,7.113994499564975,0.10112359550561797,4.032110091743119,0.0019756350669517283,0.08314443005181348,0.5846645367412141,0.05043717616580311,41.467464686996095,0.5720545277507303,1.0666666666666667,3.3218464076796157,0.6116011440807271,1.1742525642850241,0.11480075901328274,1.069767441860465,0.05128205128205128,2.060548807422014,0.2569851507424628,0.46045557472658777,Railroads,Industrials,CP
2021Q1,2021,Q1,2021-04-22,2021-03-31,602000000.0,1959000000.0,780000000.0,0.9,1054000000.0,0.5380296069423175,24121000000.0,7866000000.0,1624000000.0,3200000000.0,16255000000.0,213000000.0,8571000000.0,63431769292.2,72811769292.2,11.801950487621905,0.5075,0.4037975208324696,1.2382405288583778,0.033632349627455614,11.801950487621905,0.07653190948385456,32.37966783675344,26.342096882142858,8.064043896796338,0.21096345514950166,4.248826291079812,0.0020021513102523023,0.08121553832759836,0.375,0.02495750590771527,244.91030614749033,0.5380296069423175,-0.24369747899159658,0.27956989247311814,0.41327129393913514,0.7067092860171563,-0.06311111111111112,-0.24937655860349128,-0.15948275862068967,0.8739340007415646,0.27685170390070435,0.32437181412232124,Railroads,Industrials,CP
2020Q4,2020,Q4,2021-04-30,2020-12-31,802000000.0,2012000000.0,928000000.0,1.19,1125000000.0,0.5591451292246521,23640000000.0,7319000000.0,1321000000.0,2653000000.0,16321000000.0,208000000.0,8095000000.0,59323649255.85999,69258649255.85999,10.907600596125187,0.4979268752355824,0.42648054145516073,1.3775105888782622,0.04214631246947709,10.907600596125187,0.10957781117639022,29.484915137107354,18.492409369033663,8.10543096814592,0.1596009975062344,4.264423076923077,0.0021576555320786533,0.08510998307952623,0.3663776856388994,0.03392554991539763,90.57045687917557,0.5591451292246521,0.34920634920634913,1.8663063130404716,0.35972727361068285,0.7398487189399016,0.06736242884250475,0.3411371237458194,0.19127086007702182,-0.11936740455333025,0.2690715254523357,0.22852422435773825,Railroads,Industrials,CP
2020Q3,2020,Q3,2020-10-20,2020-09-30,598000000.0,1863000000.0,779000000.0,0.882,1054000000.0,0.5657541599570585,23787000000.0,7579000000.0,1324000000.0,2221000000.0,16208000000.0,185000000.0,7961000000.0,54736445807.68,64339445807.68,11.211538461538462,0.5961278703286808,0.41140118552150334,1.2911993666710648,0.034087026767757524,11.211538461538462,0.07890222984562607,29.380808270359637,22.883129518260873,7.2221197793481995,0.18896321070234115,4.372972972972973,0.002064438023561718,0.07832009080590238,0.4606033318325079,0.02513978223399336,6081.827311964445,0.5657541599570585,-0.05364806866952794,1.1581328887830435,0.27072131181596887,1.213099275474025,0.017374517374517374,-0.05826771653543307,0.011688311688311689,0.26187782805429866,0.257009237446903,0.4656593406593406,Railroads,Industrials,CP
2020Q2,2020,Q2,2020-07-22,2020-06-30,635000000.0,1792000000.0,770000000.0,0.932,1036000000.0,0.578125,23562000000.0,7465000000.0,1355000000.0,1668000000.0,16097000000.0,192000000.0,7872000000.0,47099168671.200005,56370168671.200005,11.010324483775811,0.8123501199040767,0.40522875816993464,1.2790354989953114,0.034878382550408336,11.010324483775811,0.08506363027461487,26.28301823169643,18.542979791811025,6.3093327088010716,0.1763779527559055,3.9375,0.0023779612923080164,0.07605466428995841,0.6312949640287769,0.02695017400899754,141.43894495855858,0.578125,0.5637583892617452,0.9656134180470465,0.3103276998475938,0.7162351152105317,-0.09598603839441536,0.5525672371638142,-0.07673860911270983,0.429257313176008,0.17836104542916503,0.5122937716793141,Railroads,Industrials,CP
2020Q1,2020,Q1,2020-04-22,2020-03-31,409000000.0,2043000000.0,834000000.0,0.596,1146000000.0,0.5609397944199707,23488000000.0,6955000000.0,1407000000.0,1794000000.0,16533000000.0,177000000.0,7399000000.0,42549247659.38,52372247659.38,10.175566934893927,0.7842809364548495,0.4287295640326976,1.447879223580158,0.033729957430397965,10.175566934893927,0.05880661394680086,20.82684662720509,26.00809759130807,6.117792618171101,0.2787286063569682,5.067796610169491,0.0026792483127458695,0.08698058583106268,0.6309921962095875,0.017413147138964576,317.531698950597,0.5609397944199707,-0.38174273858921165,0.54179087417703,0.4801518416734218,0.5484966662643123,-0.03209459459459459,-0.38403614457831325,-0.06292134831460675,0.016986406461895177,0.3658529795769728,0.47947653430127063,Railroads,Industrials,CP
2019Q4,2019,Q4,2020-02-20,2019-12-31,664000000.0,2069000000.0,890000000.0,0.964,1184000000.0,0.5722571290478492,22367000000.0,7069000000.0,1210000000.0,2292000000.0,15298000000.0,182000000.0,7550000000.0,45684855588.399994,54662855588.399994,10.30466472303207,0.5279232111692844,0.40734117226270844,1.2888668835761776,0.039890744612832436,10.30466472303207,0.09393124911585797,22.080645523634605,17.20062333900602,6.462704143216862,0.1716867469879518,4.862637362637362,0.0024953564705794133,0.09250234720794027,0.40924956369982546,0.02968659185407073,85.71267464990618,0.5722571290478492,0.08071748878923761,0.8167467176924618,0.45061000861383527,0.5548839016125932,0.03315881326352531,0.0744336569579288,0.024165707710011506,0.8438562925170068,0.3477273010609254,0.6294557381967054,Railroads,Industrials,CP
2019Q3,2019,Q3,2019-10-24,2019-09-30,618000000.0,1979000000.0,869000000.0,0.892,1146000000.0,0.5790803436078827,22539000000.0,7215000000.0,1186000000.0,2090000000.0,15324000000.0,188000000.0,7180000000.0,40591080477.5,49429080477.5,10.448950036205648,0.5674641148325359,0.39855361817294466,1.245045045045045,0.039993768311356856,10.448950036205648,0.08565488565488566,20.510904738504294,16.420339998988673,5.62592938011088,0.18770226537216828,4.430851063829787,0.0028577706884225424,0.08780336305958561,0.43779904306220097,0.027419140157061095,113.06707653899721,0.5790803436078827,-0.13733075435203096,0.9231390296886314,0.4750662324879566,0.26633848789040543,0.05427782888684453,-0.1464088397790055,0.057177615571776155,0.8996258401901474,0.3583254817867415,0.6482440997355879,Railroads,Industrials,CP
2019Q2,2019,Q2,2019-07-16,2019-06-30,724000000.0,1977000000.0,822000000.0,1.034,1087000000.0,0.5498229640870005,21933000000.0,7157000000.0,1115000000.0,1674000000.0,14776000000.0,195000000.0,7125000000.0,43782973616.25,52276973616.25,10.246241947029349,0.6660692951015532,0.3893220261706105,1.1930976666200923,0.04471214875079337,10.246241947029349,0.10115970378650273,22.14616773710167,15.118430116108426,6.117503649049881,0.12569060773480664,4.564102564102564,0.0020784335207014227,0.09013814799617015,0.5017921146953405,0.03300962020699403,167.11058632156488,0.5498229640870005,0.6731391585760519,1.4362100535031748,0.46821288245356235,0.2520631975630034,0.20777777777777778,0.6682027649769585,0.5138121546961326,1.396921975662133,0.4805662379976799,0.6567415299129741,Railroads,Industrials,CP
2019Q1,2019,Q1,2019-04-24,2019-03-31,434000000.0,1767000000.0,543000000.0,0.618,900000000.0,0.5093378607809848,21910000000.0,6814000000.0,1376000000.0,1808000000.0,15096000000.0,182000000.0,6798000000.0,39045907658.880005,47616907658.880005,9.72733761598858,0.7610619469026548,0.40725696029210406,1.3095098326973877,0.02613442758537172,9.72733761598858,0.06369239800410918,22.097287865806454,22.491882291981565,5.730247675209863,0.20967741935483872,4.763736263736264,0.0023305899505528427,0.0806481058877225,0.6061946902654868,0.019808306709265176,206.59210401523814,0.5093378607809848,-0.19321148825065276,1.140400276517898,0.4668519929672499,0.17523595732204017,-0.199288256227758,-0.2036697247706422,-0.37871853546910755,-0.12229359980965974,0.2128851125913024,0.40669438114012535,Railroads,Industrials,CP
2018Q4,2018,Q4,2019-02-15,2018-12-31,545000000.0,2006000000.0,874000000.0,0.766,1124000000.0,0.5603190428713859,21254000000.0,6636000000.0,1117000000.0,1955000000.0,14618000000.0,173000000.0,6635000000.0,34309072095.200005,42944072095.200005,9.35966149506347,0.5713554987212276,0.4091465135974405,1.3104279686558167,0.04204019152809781,9.35966149506347,0.08212778782399036,17.103226368494518,15.738106465688075,5.170143474261604,0.1706422018348624,5.098265895953757,0.0027106533147252068,0.09438223393243625,0.44808184143222507,0.025642232050437565,73.9419657224138,0.5603190428713859,-0.11954022988505746,7.221215040077059,0.5440750665064602,0.15660464015367945,0.06742640075973409,-0.12379421221864952,0.10632911392405063,0.8434060953880028,0.28301296816358057,0.49294016758205894,Railroads,Industrials,CP
2018Q3,2018,Q3,2018-10-19,2018-09-30,622000000.0,1898000000.0,790000000.0,0.87,1053000000.0,0.5547945205479452,21109000000.0,7128000000.0,1130000000.0,1669000000.0,13981000000.0,156000000.0,6718000000.0,39488234006.200005,47624234006.200005,9.997194950911641,0.677052127022169,0.3925339902411294,1.1624579124579124,0.03882924661399772,9.997194950911641,0.0872615039281706,20.805181246680718,15.871476690594857,5.539875702328844,0.14790996784565916,5.416666666666667,0.0023298079115301835,0.08991425458335307,0.5446375074895147,0.02946610450518736,162.5030206016461,0.5547945205479452,0.430921052631579,1.3572844700708186,0.5192787695818577,0.45198144982135724,0.15587266739846323,0.42660550458715596,0.25996810207336524,1.1282593498017797,0.22741332291629907,0.9733941937170274,Railroads,Industrials,CP
2018Q2,2018,Q2,2018-07-19,2018-06-30,436000000.0,1750000000.0,627000000.0,0.608,911000000.0,0.5205714285714286,20685000000.0,6574000000.0,1000000000.0,1760000000.0,14111000000.0,160000000.0,6189000000.0,34642804533.12,43074804533.12,9.207282913165265,0.5681818181818182,0.41010394005317863,1.2903863705506542,0.03253729019689338,9.207282913165265,0.06632187404928507,19.795888304640002,19.863993424954128,5.269669080182537,0.18577981651376146,5.24375,0.0023381478806821353,0.08460236886632826,0.41875,0.021078075900410925,116.25102192322149,0.5205714285714286,0.26141078838174275,1.1190809657196212,0.43178513890526155,0.4064225166048951,0.11779141104294479,0.25287356321839083,0.16111111111111112,0.2815700639230052,0.21509839550599158,0.43518588162745575,Railroads,Industrials,CP
2018Q1,2018,Q1,2018-04-19,2018-03-31,348000000.0,1662000000.0,540000000.0,0.482,815000000.0,0.49037304452466907,20318000000.0,6434000000.0,1117000000.0,1939000000.0,13884000000.0,154000000.0,6072000000.0,32844581419.999992,41076581419.99999,8.911357340720222,0.5760701392470345,0.4113101683236539,1.298880944979795,0.027031964521265807,8.911357340720222,0.05408765930991607,19.762082683513835,23.5952452729885,5.104846350637239,0.23563218390804597,5.5,0.0024966066381369037,0.08179938970371099,0.42496132026817945,0.017127670046264396,210.54218858974355,0.49037304452466907,-0.6440177252584934,0.9357519435260478,0.34189959143590354,0.42526113460041737,-0.18254764292878636,-0.6463414634146342,-0.4104803493449782,0.24188885041551245,0.13990916123880118,0.35611187290952817,Railroads,Industrials,CP
2017Q4,2017,Q4,2018-02-16,2017-12-31,984000000.0,1713000000.0,916000000.0,1.354,997000000.0,0.5820198482194979,20135000000.0,6437000000.0,1274000000.0,1984000000.0,13698000000.0,152000000.0,6103000000.0,33218530703.999996,41039530704.0,8.878620689655172,0.6421370967741935,0.40521480009932953,1.267515923566879,0.09944091624599685,8.878620689655172,0.15286624203821655,19.392020259194393,8.439667353658535,5.160560929625602,0.08231707317073171,4.7105263157894735,0.0024383980351739766,0.08507573876334741,0.516633064516129,0.04887012664514527,115.3421205,0.5820198482194979,0.9342857142857145,77.40331034482759,0.36306947059093625,0.5093829365482062,0.05279831045406547,0.9294117647058824,0.32753623188405795,1.547460815047022,0.13640634796238246,0.33970631261909146,Railroads,Industrials,CP
2017Q3,2017,Q3,2017-10-18,2017-09-30,510000000.0,1595000000.0,690000000.0,0.7,947000000.0,0.5937304075235109,19479000000.0,5565000000.0,992000000.0,1888000000.0,13914000000.0,157000000.0,5213000000.0,30404720164.950005,38395720164.950005,7.649484536082475,0.5254237288135594,0.4175265670722316,1.461455525606469,0.03777923784494087,7.649484536082475,0.09164420485175202,19.06252047959248,14.904274590661768,5.463561575013477,0.1627450980392157,4.127388535031847,0.0027298392996124615,0.08188305354484317,0.4078389830508475,0.026182042199291544,146.17653925456733,0.5937304075235109,0.07033639143730876,1.694587628865979,0.3009584573738696,0.25907210582431867,-0.009414225941422594,0.0625,0.016200294550810016,0.506340206185567,0.12838446817704802,-0.07293683604584215,Railroads,Industrials,CP
2017Q2,2017,Q2,2017-07-20,2017-06-30,480000000.0,1643000000.0,679000000.0,0.654,956000000.0,0.5818624467437614,19537000000.0,5333000000.0,1119000000.0,1945000000.0,14204000000.0,192000000.0,4993000000.0,30608831087.9,38792831087.9,7.280546075085324,0.5753213367609255,0.43107949019808567,1.5792237014813426,0.03834086810444922,7.280546075085324,0.09000562535158448,18.629842415033476,15.942099524947919,5.739514548640541,0.15208333333333332,3.578125,0.0023849326290953225,0.08409684188974766,0.43290488431876606,0.024568766955008446,115.50502297320756,0.5818624467437614,0.11604095563139943,4.4427250737267645,0.404750673349357,0.2613420751793226,0.007376185458377239,0.1136890951276102,0.011922503725782414,0.5401966827042493,0.1635330018496222,-0.1103368585377799,Railroads,Industrials,CP
2017Q1,2017,Q1,2017-04-20,2017-03-31,431000000.0,1603000000.0,671000000.0,0.586,949000000.0,0.5920149719276356,19397000000.0,5038000000.0,1110000000.0,1179000000.0,14359000000.0,201000000.0,4729000000.0,28696579685.0,37109579685.0,6.877815699658703,0.9414758269720102,0.44408929215858123,1.7098054783644303,0.03658684386175585,6.877815699658703,0.08554982135768162,17.901796434809732,16.64534784512761,5.69602613834855,0.16937354988399073,3.253731343283582,0.0025438571704821623,0.08264164561530134,0.7056827820186599,0.022219930917152138,354.2787615432099,0.5920149719276356,0.12260536398467423,2.532447243186079,0.3558194102706564,0.21494775879797856,0.018240343347639486,0.12239583333333333,-0.06415620641562064,1.032745693477735,0.27257614721228923,-0.16903713665833517,Railroads,Industrials,CP
2016Q4,2016,Q4,2017-02-16,2016-12-31,384000000.0,1637000000.0,717000000.0,0.522,932000000.0,0.5693341478313989,19221000000.0,4626000000.0,1009000000.0,1347000000.0,14595000000.0,184000000.0,4371000000.0,28152045770.309998,36672045770.31,6.323991797676008,0.749072011878248,0.45179751313667343,1.8772157371379161,0.03925199269499613,6.323991797676008,0.08300907911802853,17.197340116255344,18.328154798378904,6.085613006984435,0.19010416666666666,3.8315217391304346,0.002593061996119231,0.08516726497060506,0.5605048255382331,0.01997814889964102,57.68861838178278,0.5693341478313989,0.11538461538461536,1.0073660449091126,0.3466953351406935,0.1521662836376811,0.05310734463276836,0.10662824207492795,0.091324200913242,4.6143907440441465,0.2212879316013629,-0.21852320606427236,Railroads,Industrials,CP
2016Q3,2016,Q3,2016-10-19,2016-09-30,347000000.0,1554000000.0,657000000.0,0.468,885000000.0,0.5694980694980695,19421000000.0,4669000000.0,964000000.0,1637000000.0,14752000000.0,192000000.0,4059000000.0,29583986681.699997,38359986681.7,6.3394433129667345,0.5888821014050092,0.4571855208279697,1.9016920111372886,0.035803196200742515,6.3394433129667345,0.07431998286571,19.037314466988416,21.31411144214697,6.336257588712786,0.21613832853025935,3.484375,0.002535155278662742,0.08001647700942278,0.4324984728161271,0.017867257092837648,99.60938276666666,0.5694980694980695,0.0883720930232559,1.136305025069379,0.33210550796872035,0.03273680804778027,0.11742424242424243,0.057926829268292686,0.19237749546279492,0.27311567054721614,0.20422892375669494,-0.07926632042097284,Railroads,Industrials,CP
2016Q2,2016,Q2,2016-07-20,2016-06-30,328000000.0,1450000000.0,551000000.0,0.43,792000000.0,0.5462068965517242,19068000000.0,4691000000.0,923000000.0,1445000000.0,14377000000.0,195000000.0,4113000000.0,25216977680.1,33705977680.1,6.18457481872116,0.6387543252595156,0.4500209775540172,1.8292474952035813,0.0306005377545699,6.18457481872116,0.06992112555958217,17.391019089724136,19.220257378124998,5.375608117693456,0.16158536585365854,3.3743589743589744,0.0021017586116921934,0.07604363331235578,0.4629757785467128,0.017201594294105307,138.55482241813186,0.5462068965517242,-0.38746438746438744,1.8614864864864866,0.2804923663356092,0.04670400660528756,-0.09382151029748284,-0.3925925925925926,-0.1562021439509954,0.5006435006435006,0.11673577874271938,-0.05529944472110846,Railroads,Industrials,CP
2016Q1,2016,Q1,2016-04-20,2016-03-31,540000000.0,1591000000.0,653000000.0,0.702,874000000.0,0.5493400377121307,19349000000.0,5290000000.0,1450000000.0,1166000000.0,14059000000.0,181000000.0,4658000000.0,26412139554.300003,34294139554.300003,6.915032679738562,1.2435677530017153,0.43687012248695023,1.597920604914934,0.03613824400232436,6.915032679738562,0.10207939508506617,16.6009676645506,12.22784238625,4.992843015935728,0.1,3.9613259668508287,0.0020445144131160924,0.08222647165228177,1.0291595197255574,0.027908419039743657,-440.20232590500007,0.5493400377121307,0.6875,16.730843079071395,0.5132359401843369,0.19443654241204178,-0.07903055848261328,0.6927899686520376,-0.03545051698670606,1.8349146110056929,0.2123693356941439,0.10597375305416726,Railroads,Industrials,CP
2015Q4,2015,Q4,2015-12-31,2015-12-31,319000000.0,1687000000.0,677000000.0,0.416,949000000.0,0.5625370480142264,19637000000.0,4796000000.0,1537000000.0,1447000000.0,14841000000.0,188000000.0,4172000000.0,27082028160.0,35389028160.0,6.269281045751634,1.0621976503109882,0.4561287365687223,1.8675979983319433,0.034003666727127985,6.269281045751634,0.06651376146788991,16.05336583283936,21.22416,5.646794862385321,0.16927899686520376,3.925531914893617,0.001993942243947508,0.08590925294087691,0.8949550794747754,0.01624484391709528,161.20254857142857,0.5625370480142264,0.01960784313725492,0.8942006655550632,0.4380074726844046,0.09670512210383633,-0.008359456635318705,-0.01238390092879257,-0.10092961487383798,23.088322440087147,0.272190891447569,0.06579007772097138,Railroads,Industrials,CP
2015Q3,2015,Q3,2015-09-30,2015-09-30,323000000.0,1709000000.0,753000000.0,0.408,957000000.0,0.5599765944997074,18431000000.0,3992000000.0,1705000000.0,1616000000.0,14439000000.0,174000000.0,4009000000.0,29947705049.920002,37963705049.92,5.065989847715736,1.0550742574257426,0.4707829200802995,2.1735971943887775,0.03982979986106512,5.065989847715736,0.08091182364729459,17.523525482691635,23.17933827393189,7.501930122725452,0.17647058823529413,4.32183908045977,0.001903317796972635,0.09272421463838099,0.8558168316831684,0.017524822310238185,121.2457694328745,0.5599765944997074,-0.13559322033898305,0.753443054844461,0.4231470818300002,-0.15696686946013627,0.03796095444685466,-0.1717948717948718,0.16563467492260062,0.5755472715736039,0.28692010061326534,-0.16615995815651904,Railroads,Industrials,CP
2015Q2,2015,Q2,2015-06-30,2015-06-30,390000000.0,1651000000.0,646000000.0,0.472,922000000.0,0.5584494245911569,17390000000.0,5251000000.0,1213000000.0,1421000000.0,12139000000.0,174000000.0,5193000000.0,32999261626.59,39515261626.59,6.415394013439218,0.8536242083040113,0.38533640023001725,1.2761378784993334,0.03717692640048731,6.415394013439218,0.07427156732051038,19.987438901629314,21.153372837557693,6.284376619042087,0.14615384615384616,4.189655172413793,0.0017273113757815353,0.09493962047153537,0.6129486277269528,0.022426682001150087,143.4750505503913,0.5584494245911569,0.22916666666666657,1.411007164014048,0.3777500074985695,0.10777901543000017,0.08215962441314555,0.21875,0.05555555555555555,2.957570976982522,0.2632744253271931,0.11145596972402819,Railroads,Industrials,CP
2015Q1,2015,Q1,2015-03-31,2015-03-31,320000000.0,1665000000.0,612000000.0,0.384,852000000.0,0.5117117117117117,17249000000.0,5418000000.0,1274000000.0,1371000000.0,11831000000.0,171000000.0,5410000000.0,37982603950.2,44247603950.2,6.57125530624621,0.9292487235594457,0.3738767464780567,1.1902916205241787,0.03635001590684417,6.57125530624621,0.05906238464377999,22.81237474486486,29.67390933609375,7.010447388372094,0.18125,4.754385964912281,0.001527014842796069,0.09652733491796626,0.700218818380744,0.018551800104353876,130.07741078835616,0.5117117117117117,-0.2699619771863118,2.2764133482246485,0.4581327584912933,0.1551972030281548,-0.11526479750778816,-0.29046563192904656,-0.13559322033898305,1.3300506495614073,0.25112162762491713,0.16079468474407244,Railroads,Industrials,CP
2014Q4,2014,Q4,2014-12-31,2014-12-31,451000000.0,1760000000.0,708000000.0,0.526,963000000.0,0.5471590909090909,16640000000.0,5610000000.0,1277000000.0,1411000000.0,11030000000.0,177000000.0,5608000000.0,38005442029.17,43572442029.17,6.627288836385115,0.9050318922749823,0.34813701923076923,1.032620320855615,0.045164685014979083,6.627288836385115,0.0803921568627451,21.594001152937498,21.067318197987806,6.774588597,0.13303769401330376,4.502824858757062,0.0015787212777040906,0.10576923076923077,0.6576895818568391,0.027103365384615385,263.926680758125,0.5471590909090909,0.13852813852813853,1.2708078485686796,0.5576478325758129,-0.16936530465528044,0.125,0.1275,0.14009661835748793,1.0373200497600665,0.2511826463370748,0.20742388565674186,Railroads,Industrials,CP
2014Q3,2014,Q3,2014-09-30,2014-09-30,400000000.0,1670000000.0,621000000.0,0.462,856000000.0,0.5125748502994012,17225000000.0,7092000000.0,1538000000.0,1345000000.0,10133000000.0,168000000.0,6249000000.0,39520094735.16,44089094735.16,8.25130890052356,1.1434944237918216,0.2835413642960813,0.688663282571912,0.037711787210785205,8.25130890052356,0.05640157924421884,23.664727386323356,24.700059209475,5.572489387360407,0.1525,4.845238095238095,0.0015435185671690682,0.09695210449927431,0.7836431226765799,0.023222060957910014,329.334122793,0.5125748502994012,0.09478672985782,1.0018303469620946,0.5007197095202555,0.028171904597350896,0.0166270783847981,0.07816711590296496,0.05792163543441227,1.110185569270516,0.22667905755693415,0.3441922256348845,Railroads,Industrials,CP
2014Q2,2014,Q2,2014-06-30,2014-06-30,371000000.0,1681000000.0,587000000.0,0.422,842000000.0,0.5008923259964307,17012000000.0,7136000000.0,1913000000.0,1349000000.0,9876000000.0,174000000.0,6306000000.0,33607257785.280006,37963257785.28001,8.18348623853211,1.4180874722016308,0.2777451210909946,0.6621356502242153,0.035651965362536765,8.18348623853211,0.05198991031390134,19.99241986036883,22.646400124851755,4.709537245695068,0.16711590296495957,4.82183908045977,0.0018448395997115847,0.09881260286856337,0.7828020756115641,0.021808135433811427,96.85088698927956,0.5008923259964307,0.46527777777777785,1.2719982269606955,0.5838340440194686,0.04050986761022818,0.3758169934640523,0.46062992125984253,0.3877068557919622,1.815340094610092,0.29126626544922934,0.38500836111511344,Railroads,Industrials,CP
2014Q1,2014,Q1,2014-03-31,2014-03-31,254000000.0,1509000000.0,423000000.0,0.288,612000000.0,0.40556660039761433,17315000000.0,7263000000.0,2010000000.0,1239000000.0,10052000000.0,190000000.0,6439000000.0,29132913127.499996,33722913127.499996,8.276923076923078,1.6222760290556901,0.2812012705746463,0.6703841387856257,0.025088054068139982,8.276923076923078,0.03497177474872642,19.30610545228628,28.67412709399606,4.011140455390334,0.24015748031496062,4.721052631578948,0.0020938517110538827,0.08714987005486573,0.8087167070217918,0.01466936182500722,462.42719249999993,0.40556660039761433,2.0638297872340425,2.7259122507122506,0.29211259667970235,0.02371967336222854,-0.1883289124668435,2.097560975609756,2.710526315789474,6.2708243509430455,0.2512382656786989,0.42967645124479875,Railroads,Industrials,CP
2013Q4,2013,Q4,2013-12-31,2013-12-31,82000000.0,1607000000.0,114000000.0,0.094,754000000.0,0.46919726197884254,17060000000.0,7097000000.0,2029000000.0,1378000000.0,9963000000.0,165000000.0,6326000000.0,28223464629.36,32623464629.36,8.09236031927024,1.4724238026124818,0.2858147713950762,0.6870508665633366,0.02007671590630866,8.09236031927024,0.011554177821614766,17.56282802075918,86.0471482602439,3.976816208166831,0.7439024390243902,5.16969696969697,0.0021613221764610565,0.09419695193434935,0.7663280116110305,0.004806565064478312,125.43762057493333,0.46919726197884254,-0.7445652173913044,-0.6406417251893123,0.08696981454188757,0.04098930504874262,0.01891891891891892,-0.7469135802469136,-0.7824427480916031,-0.5752718988920297,0.19487858834776908,0.4156221339076176,Railroads,Industrials,CP
2013Q3,2013,Q3,2013-09-30,2013-09-30,324000000.0,1534000000.0,524000000.0,0.368,740000000.0,0.48239895697522817,15734000000.0,6028000000.0,1709000000.0,1251000000.0,9706000000.0,158000000.0,6305000000.0,22332736050.300003,26771736050.300003,6.885208452312964,1.3661071143085532,0.3030380068641159,0.7909754479097545,0.034638379690307884,6.885208452312964,0.0537491705374917,14.558498077118646,17.23204942152778,3.7048334522727275,0.19135802469135801,5.025316455696203,0.002776193649553617,0.09749586881911783,0.7378097521982414,0.02059234778187365,108.41134005000002,0.48239895697522817,0.2867132867132868,0.6521171578487535,0.06813466539221208,-0.08559888936558613,0.1111111111111111,0.2857142857142857,0.24761904761904763,0.5830849535548871,0.1497492913616858,0.14576993054776244,Railroads,Industrials,CP
2013Q2,2013,Q2,2013-06-30,2013-06-30,252000000.0,1497000000.0,420000000.0,0.286,666000000.0,0.44488977955911824,15519000000.0,5725000000.0,1651000000.0,1258000000.0,9794000000.0,174000000.0,6042000000.0,22562913215.039997,26984913215.039997,6.5465980560320185,1.3124006359300477,0.3134222565886977,0.8496069868995633,0.02905604104303061,6.5465980560320185,0.044017467248908294,15.072086315991982,22.38384247523809,3.9411202122340607,0.23809523809523808,4.775862068965517,0.0026592310765971997,0.09646240092789483,0.7861685214626392,0.016238159675236806,103.0270009819178,0.44488977955911824,0.15322580645161282,0.4265577498015098,0.07571053884761639,-0.11398891541977395,0.18085106382978725,0.16129032258064516,0.16022099447513813,0.45812012626663035,0.1692409552454866,0.130434690953501,Railroads,Industrials,CP
2013Q1,2013,Q1,2013-03-31,2013-03-31,217000000.0,1495000000.0,362000000.0,0.248,564000000.0,0.37725752508361204,15027000000.0,5449000000.0,1481000000.0,1243000000.0,9578000000.0,190000000.0,5852000000.0,22463720415.36,26860720415.36,6.252438324727481,1.1914722445695898,0.31569840952951356,0.8706184621031382,0.026666648561652833,6.252438324727481,0.03982382088456598,15.025899943384616,25.87986222967742,4.122539991807671,0.28110599078341014,4.9,0.002715489637161353,0.09948758900645505,0.7497988736926791,0.014440673454448659,350.99563149,0.37725752508361204,14.499999999999998,1.110103878334801,0.15092587956021788,-0.13016506250769988,3.6985645933014353,13.466666666666667,5.033333333333333,1.1019951549685718,0.2386462447075143,0.0991506079463543,Railroads,Industrials,CP
2012Q4,2012,Q4,2012-12-31,2012-12-31,15000000.0,1502000000.0,60000000.0,0.016,-209000000.0,-0.13914780292942744,14727000000.0,5097000000.0,1329000000.0,1230000000.0,9630000000.0,136000000.0,5697000000.0,17391844427.22,21748844427.22,5.882285054818234,1.0804878048780489,0.31846268758063423,0.9201491073180302,-0.007663226729334832,5.882285054818234,0.002942907592701589,11.579124119320907,289.864073787,3.412172734396704,4.066666666666666,12.580882352941176,0.003507391079495216,0.1019895430162287,0.7146341463414634,0.001018537380321858,130.7657475730827,-0.13914780292942744,-0.9384615384615385,-0.9612640068626456,0.11725714324609213,-0.1744388222593365,-1.2364253393665159,-0.9330357142857143,-0.8404255319148937,-0.9262174774599734,0.29862851675607804,-0.2627407413398858,Railroads,Industrials,CP
2012Q3,2012,Q3,2012-09-30,2012-09-30,224000000.0,1451000000.0,376000000.0,0.26,884000000.0,0.6092350103376981,14491000000.0,5231000000.0,1118000000.0,1101000000.0,9260000000.0,142000000.0,5742000000.0,14237046041.399998,18686046041.399998,6.0754936120789775,1.0154405086285194,0.32130287764819543,0.8900783788950487,0.02793003563215151,6.0754936120789775,0.04282164022175492,9.811885624672637,15.889560314062496,2.721668140202638,0.26785714285714285,3.992957746478873,0.004214357376208914,0.10013111586501967,0.6721162579473207,0.01545787040231868,316.37880091999995,0.6092350103376981,1.1666666666666667,-0.08832284612125435,0.08675163490320124,-0.09825177541719567,0.1945945945945946,1.174757281553398,0.5732217573221757,0.11907198908222466,0.30164710618671287,-0.24295018962337955,Railroads,Industrials,CP
2012Q2,2012,Q2,2012-06-30,2012-06-30,103000000.0,1366000000.0,239000000.0,0.12,740000000.0,0.541727672035139,14406000000.0,4938000000.0,974000000.0,1153000000.0,9468000000.0,151000000.0,5579000000.0,12953447852.4,17668447852.4,5.772063120981882,0.8447528187337381,0.33298625572678053,0.971445929526124,0.016746429385333862,5.772063120981882,0.020858647225597406,9.48275831068814,31.440407408737865,2.6232174670716892,0.49514563106796117,4.145695364238411,0.00393717569106906,0.09482160211023184,0.5021682567215958,0.0071497986949881995,380.98376036470586,0.541727672035139,-0.26829268292682934,-0.6385089604819231,0.012470239208284033,-0.10640804992578143,-0.25478348439073517,-0.2746478873239437,-0.12773722627737227,-0.3570639551193189,0.31186495556232396,-0.2660965682850555,Railroads,Industrials,CP
2012Q1,2012,Q1,2012-03-31,2012-03-31,142000000.0,1376000000.0,274000000.0,0.164,993000000.0,0.721656976744186,14236000000.0,4826000000.0,1028000000.0,1110000000.0,9410000000.0,171000000.0,5536000000.0,12902856890.0,17557856890.0,5.6609970674486805,0.9261261261261261,0.33239674065748803,0.9805221715706589,0.02120169840273418,5.6609970674486805,0.029423953584749276,9.377076228197675,22.716297341549296,2.6736131143804394,0.3591549295774648,2.239766081871345,0.003952613009257363,0.09665636414723237,0.5432432432432432,0.009974711997752178,-403.2142778125,0.721656976744186,-0.37287584650112865,0.006606509797416308,0.12410283255203347,-0.10929358724188432,0.2190031917505524,-0.35891647855530473,-0.09481334654773703,1.1440750733137828,0.21278074173526945,-0.29982748239488616,Railroads,Industrials,CP
2011Q4,2011,Q4,2011-12-31,2011-12-31,221500000.0,1407500000.0,302700000.0,0.2615112160566706,814600000.0,0.5787566607460035,14110000000.0,4649000000.0,856000000.0,1210000000.0,9461000000.0,138000000.0,5445000000.0,11696002949.400002,16421002949.400002,5.4887839433293975,0.7074380165289256,0.33819985825655563,1.0264573026457302,0.030636555669245898,5.4887839433293975,0.04764465476446548,8.309771189627,13.200906263431152,2.515810485996989,0.2293453724604966,4.296376811594203,0.004343364157804527,0.09975194897236003,0.4669421487603306,0.015698086463501064,-20.84106013791875,0.5787566607460035,0.1886873457121391,0.39110717666672995,0.08806354219302984,-0.1144935201073648,0.039561000510464524,0.18576017130620984,-0.06746765249537892,0.005087127487078406,-0.014251344105019503,-0.29393092283310146,Railroads,Industrials,CP
2011Q3,2011,Q3,2011-09-30,2011-09-30,186800000.0,1341600000.0,324600000.0,0.22,783600000.0,0.5840787119856887,14007500000.0,5199300000.0,950600000.0,1334900000.0,8808200000.0,149700000.0,5274100000.0,8450308435.800001,12699908435.800001,6.1384887839433295,0.7121132669113791,0.3103051936462609,0.8359971534629662,0.025800044692355577,6.1384887839433295,0.03592791337295405,6.298679513864044,11.309299298447538,1.6252781020137328,0.2676659528907923,3.7274549098196395,0.005916943787302888,0.09577726218097447,0.4700726646190726,0.013335713010887025,-312.97438651111116,0.5840787119856887,0.46666666666666673,0.07057477266530778,0.07990306717531648,0.008880686356348236,0.13763066202090593,0.459375,0.40824295010845985,-0.015432619146290386,-0.03440181664447812,-0.18476818813393064,Railroads,Industrials,CP
2011Q2,2011,Q2,2011-06-30,2011-06-30,128000000.0,1264500000.0,230500000.0,0.15,688800000.0,0.5447212336892052,13555800000.0,5004600000.0,1107600000.0,1270100000.0,8551200000.0,137300000.0,5138200000.0,10116780766.4,14046580766.4,5.9086186540732,0.872057318321392,0.30965343247908644,0.8387483515166048,0.018532889157066364,5.9086186540732,0.02557646964792391,8.000617450691973,19.759337434375002,2.0214963766135154,0.359375,4.193008011653314,0.004546900942321086,0.09328110476696322,0.6115266514447681,0.009442452677082873,-1686.1301277333332,0.5447212336892052,2.7499999999999996,-0.6821910912528725,0.04792303952253539,-0.004720051402593827,0.15570469798657718,2.798219584569733,1.1108058608058609,-0.2518732394361904,-0.06185739338730747,-0.20033251205292157,Railroads,Industrials,CP
2011Q1,2011,Q1,2011-03-31,2011-03-31,33700000.0,1163400000.0,109200000.0,0.04,596000000.0,0.5122915592229672,13523300000.0,4900700000.0,1154200000.0,1309000000.0,8622600000.0,122400000.0,5061000000.0,10503563613.74,14413763613.74,5.789367985823981,0.8817417876241406,0.312105772999194,0.861244312037056,0.008867059881158594,5.789367985823981,0.0068765686534576695,9.028333860873301,77.91961137789318,2.143278228363295,1.3560830860534125,4.63562091503268,0.00435090429120823,0.08602929758269061,0.6346065699006875,0.0024919952970059085,5835.313118744444,0.5122915592229672,-0.8182992465016146,-0.7154998974579169,-0.018287624777571038,0.029828840780221823,-0.23707117255504354,-0.8186221743810549,-0.6331877729257642,-0.6626238081994014,-0.07790503319287839,-0.19458709090287327,Railroads,Industrials,CP
2010Q4,2010,Q4,2010-12-31,2010-12-31,185800000.0,1294300000.0,297700000.0,0.22014218009478673,781200000.0,0.6035694970254192,13675900000.0,4824700000.0,1203800000.0,1289500000.0,8851200000.0,114100000.0,5073000000.0,10935552028.800001,14889852028.800001,5.716469194312796,0.9335401318340442,0.31551122778025575,0.8943353990921715,0.025514242009845856,5.716469194312796,0.03851016643521877,8.449008752839374,14.71414427987083,2.2665765806785916,0.24542518837459634,4.4969325153374236,0.004169885514687077,0.09464093770793879,0.6355951919348585,0.013585943155477884,110.90823558620691,0.6035694970254192,-0.05922145258638156,0.28246002184424107,0.03679653600353015,0.030364342774076073,-0.055152394775036286,-0.05828687278256462,-0.11844832691738229,-0.5073990260392108,-0.01157373098411361,-0.19771058413609596,Railroads,Industrials,CP
2010Q3,2010,Q3,2010-09-30,2010-09-30,197300000.0,1286200000.0,337700000.0,0.234,826800000.0,0.6428238221116467,13530800000.0,5071800000.0,1084200000.0,1080100000.0,8459000000.0,124500000.0,4932900000.0,10491506478.720001,14654106478.720001,6.009241706161138,1.003795944819924,0.3274307505838531,0.8735360227138295,0.02539613179116164,6.009241706161138,0.03890137623723333,8.156979069133884,13.29385007440446,2.0685962535431206,0.230613279270147,3.6899598393574298,0.0043368414338101,0.0950572028261448,0.7416905842051662,0.014581547284713395,-24.107321872058826,0.6428238221116467,0.19387755102040818,-0.09171523310367462,0.09128384026985904,0.11958182464418014,0.10667915941641012,0.1842737094837935,0.23203210507114191,-0.18081716518757365,-0.017274784042088646,-0.10808513914880455,Railroads,Industrials,CP
2010Q2,2010,Q2,2010-06-30,2010-06-30,166600000.0,1234200000.0,274100000.0,0.196,747100000.0,0.6053313887538486,13739000000.0,4882000000.0,1151400000.0,1019500000.0,8857000000.0,136800000.0,4781300000.0,9575971671.000002,13402971671.000002,5.791221826809015,1.129377145659637,0.305742776039013,0.8604260548955346,0.02363776194309488,5.791221826809015,0.03412535845964768,7.758849190568791,14.369705388655465,1.9614853893895947,0.2503001200480192,3.560672514619883,0.00435464947398339,0.08983186549239391,0.7992153016184405,0.012126064487953999,501.3597733507854,0.6053313887538486,0.6610169491525425,0.27722642499900746,0.054078576827424105,0.11645365937725345,0.09305047549378201,0.6693386773547094,0.33707317073170734,-0.4066270445857341,-0.07165468870588361,-0.10344202808192218,Railroads,Industrials,CP
2010Q1,2010,Q1,2010-03-31,2010-03-31,99800000.0,1166800000.0,205000000.0,0.118,683500000.0,0.5857901954062393,14174300000.0,4792500000.0,1743500000.0,1594500000.0,9381800000.0,122700000.0,4723300000.0,9577174557.199999,13488574557.199999,5.688427299703264,1.0934462213860143,0.32701438519009757,0.9671778821074596,0.01515429126211521,5.688427299703264,0.020824204486176317,8.208068698320192,23.990918229458916,1.9983671480855503,0.41783567134268534,3.9388753056234718,0.00435410253315791,0.08231799806692394,0.8965820006271559,0.00704091207325935,102.42967440855614,0.5857901954062393,-0.4970638945233266,0.16484974874194655,0.08374981635529265,0.1160095879679191,0.012892708950800236,-0.49391480730223125,-0.25100474972597736,-0.28414277970235063,-0.03548606442704956,-0.1049776896214651,Railroads,Industrials,CP
2009Q4,2009,Q4,2009-12-31,2009-12-31,197200000.0,1121900000.0,273700000.0,0.23462224866151102,674800000.0,0.6014796327658437,15531400000.0,6706000000.0,1427400000.0,1383000000.0,8825400000.0,132700000.0,4876600000.0,9551240280.0,13366940280.0,7.978584176085663,1.0321041214750541,0.2894008267123376,0.6702654339397555,0.03073170156213332,7.978584176085663,0.0294065016403221,8.513450646225154,12.108570334685599,1.4242827736355503,0.21095334685598377,3.369253956292389,0.0043554552896244375,0.07223431242515163,0.902530730296457,0.012696859265745522,-28.55378260089686,0.6014796327658437,0.01130279595478882,0.4541075962077475,0.04968560830958817,0.589746520621729,-0.05503430892031928,0.009211873080859774,0.047856049004594184,0.24807149322415714,-0.12601154533580555,0.28718638977928895,Railroads,Industrials,CP
2009Q3,2009,Q3,2009-09-30,2009-09-30,195400000.0,1088200000.0,261200000.0,0.232,714100000.0,0.6562212828524169,15321000000.0,6745200000.0,1408300000.0,1395000000.0,8575800000.0,169000000.0,4934100000.0,8521082715.749999,12054182715.75,8.025223081499108,1.0095340501792114,0.27080477775602113,0.6151040740081836,0.01700516243995498,8.025223081499108,0.02896874814683034,7.830438077329534,10.902101734582907,1.2632809576810173,0.2128966223132037,2.2136094674556213,0.0048820087056669886,0.07102669538541871,0.7989247311827957,0.012753736701259708,38.400553022758,0.6562212828524169,0.24731182795698933,0.04052742066583517,0.033424171456992086,0.6348688916124967,0.07772411711439782,0.24221233312142404,0.15677590788308238,0.12852292379908303,-0.11729387686996313,0.31897163220431735,Railroads,Industrials,CP
2009Q2,2009,Q2,2009-06-30,2009-06-30,157300000.0,1022400000.0,225800000.0,0.186,662600000.0,0.6480829420970265,15384800000.0,6606500000.0,1183700000.0,1358600000.0,8778300000.0,203800000.0,4780300000.0,7770265440.0,11855965440.0,7.864880952380952,0.8712645370234064,0.2872965524413707,0.6690380685688337,0.014490237898438715,7.864880952380952,0.02380988420494967,7.600024882629108,12.349436490781944,1.1761546113675925,0.26509853782581055,1.7654563297350343,0.005366612031724878,0.06645520253756955,0.6056234358898867,0.01022437730747231,-100.2614895483871,0.6480829420970265,1.3846153846153846,0.7666580850153135,-0.04339545730120947,0.6669981301482623,0.08144279418965236,1.5168,0.6197991391678622,-0.6061880011161003,-0.1456505971494091,0.3248034385522992,Railroads,Industrials,CP
2009Q1,2009,Q1,2009-03-31,2009-03-31,62500000.0,1070700000.0,139400000.0,0.078,612700000.0,0.5722424582049127,16037300000.0,6504500000.0,1494700000.0,1253100000.0,9532800000.0,191800000.0,4664600000.0,6016543354.0,10432343354.0,8.085146053449348,1.1928018514085068,0.3106695017241057,0.7659774002613575,0.012790544653909074,8.085146053449348,0.009608732416019679,5.619261561595218,24.066173415999998,0.9249816825274809,0.608,2.3879040667361835,0.006315918919579683,0.06676310850330168,0.9063921474742638,0.0038971647347122024,313.3616330208333,0.5722424582049127,-0.7002163152841475,1.6180736551312822,0.18877587310260086,0.7481256836496933,-0.04830692761727245,-0.6884346959122633,-0.54280091833388,-0.44482045356453465,-0.049342841386197434,0.43820821342685323,Railroads,Industrials,CP
2008Q4,2008,Q4,2008-12-31,2008-12-31,200600000.0,1299700000.0,304900000.0,0.26018760852156336,643800000.0,0.4953450796337616,15469800000.0,5993400000.0,1123000000.0,1309300000.0,9476400000.0,215800000.0,4654100000.0,6303327649.917958,11065627649.917957,7.773720901860109,0.8577102268387689,0.3154468706770611,0.8142123001968833,-0.11007940724404669,7.773720901860109,0.033470150498882106,4.849832769037438,7.855592784045313,1.0517114909597154,0.18993020937188435,3.0393883225208524,0.006044426391272218,0.08401530724379112,0.6344611624532193,0.012967200610221205,37.5645271151249,0.4953450796337616,0.17201625460163675,0.19336560292766627,0.3840994376848357,0.6773401924181177,-0.17535545023696683,0.16155182397220613,0.005606860158311346,0.5157486219337527,0.1397243647155712,0.40117344390186666,Railroads,Industrials,CP
2008Q3,2008,Q3,2008-09-30,2008-09-30,172700000.0,1264700000.0,303200000.0,0.222,780700000.0,0.617300545583933,14049700000.0,5805300000.0,1135800000.0,1637600000.0,8244400000.0,231800000.0,4491600000.0,8830727387.886267,13401627387.886267,7.529746379612322,0.6935759648265755,0.3323060278867164,0.8042306168501198,0.022580169726871428,7.529746379612322,0.029748677932234336,6.982468085622098,12.783334377368654,1.5211491891695978,0.22061378112333527,2.088006902502157,0.004314480373639941,0.0900161569286177,0.5159379579872985,0.01229207741090557,216.97118889155448,0.617300545583933,0.10999999999999996,0.8753795048907749,0.4397280511243188,0.6822720960754405,-0.36023928542161765,0.11491284699806327,0.20748705694942254,-0.12966708130494733,0.17466726123340529,0.40286705095436853,Railroads,Industrials,CP
2008Q2,2008,Q2,2008-06-30,2008-06-30,154900000.0,1220300000.0,251100000.0,0.2,1220300000.0,1.0,13678200000.0,5666000000.0,1028400000.0,1536400000.0,8012200000.0,199500000.0,4356900000.0,10339421938.126574,14768721938.126574,7.388844417373924,0.6693569382973185,0.3297363688204588,0.7960112954465232,0.018782270159011967,7.388844417373924,0.027338510412989764,8.472852526531652,16.687252966634237,1.8248185559700976,0.2458964567462879,0.0,0.0036838965831876578,0.08921495518416166,0.4960947669877636,0.011324589492769516,-190.7096174662402,1.0,0.6992930940728659,4.506793517736348,0.3715920718992633,0.6740710020997164,0.8927188168406683,0.710348168493456,0.27017655026609755,0.30548486827803195,0.14572814671297982,0.4244493882375947,Railroads,Industrials,CP
2008Q1,2008,Q1,2008-03-31,2008-03-31,90566355.35,1143944171.05,197689053.5,0.117696,644733908.25,0.5636060959672653,13340734933.6,5516847171.1,901471113.2,1179154102.85,7823887762.5,176244608.5,4229173916.05,10118188429.500002,14401222788.200003,7.188074490032574,0.7645066162439297,0.32638013811994926,0.789246244314908,0.01731879019620845,7.188074490032574,0.016416324857507703,8.845001955132785,27.930318025931257,1.8340526963487631,0.3799494714899113,2.832485300110613,0.003400869541989784,0.08574821227943447,0.5553207096657985,0.006788708103471826,311.1802311385136,0.5636060959672653,-0.7366376393368785,-0.08703095980801062,0.3424005553601013,0.6402742634995764,1.2621900546069564,-0.7354363800013445,-0.3529717716129124,0.16037345519415017,0.16635020905419337,0.41022458884592367,Railroads,Industrials,CP
2007Q4,2007,Q4,2007-12-31,2007-12-31,342323541.5,1188439273.6,305533893.0,0.4468975737597911,285004306.7499999,0.239813941764706,13365000000.0,5457900000.0,1167700000.0,1344800000.0,7907100000.0,179500000.0,4187300000.0,9879081164.800001,13907881164.800001,7.125195822454308,0.8683075550267698,0.32973438084549195,0.8074350940838051,-0.3014848101987354,7.125195822454308,0.06272074268491544,8.312651209240551,7.2147252285890495,1.8100516984188062,0.10079380503254111,5.033063882172702,0.0034926418484080264,0.0889217563486719,0.6847858417608567,0.02561343370744482,175.11757570772784,0.239813941764706,0.5848049879952449,-0.4371927423724635,-0.7417675322162616,-0.6665061605660856,-0.621593628271518,0.5660448718387219,-0.050215273831641045,1.7697166847481842,0.22008766989733894,0.4197074339889246,Railroads,Industrials,CP
2007Q3,2007,Q3,2007-09-30,2007-09-30,218591144.9,1187853080.8,321687519.9,0.281989,753169946.5,0.6340598502238611,11801031151.3,5160895225.5,1252050075.6,1128254929.6,6640135925.8,187592673.4,3879346171.7,10896985626.800001,13484982875.300001,6.737461129895562,1.1097226723785636,0.2480447503163774,0.5671852842384351,0.027911372955500495,6.737461129895562,0.04235527662331536,9.173681327206776,12.462748241454499,2.111452597014169,0.15889304535135357,2.317164772065133,0.003187359687304603,0.10065671936381138,0.8401138621535167,0.018523054646450963,80.62307899201228,0.6340598502238611,-0.14112583911014734,2.4657033787303266,0.34067447561288733,0.6285610926355206,-0.1346457441042373,-0.14929896695327016,0.044424545243944895,0.2772340355190946,0.2377746110869299,0.3725307692826234,Railroads,Industrials,CP
2007Q2,2007,Q2,2007-06-30,2007-06-30,256954131.25,1216702357.5,308004557.5,0.328324,870360250.0,0.7153436044854544,11700257521.25,4983423023.75,1260344828.75,1090076748.75,6716834497.5,171569046.25,3698553438.75,11303846727.0,13991602577.0,6.459394716461439,1.156198249522566,0.2632628749329375,0.6180979254259922,0.028932055555238145,6.459394716461439,0.051561773910303796,9.290560388348718,10.997922734312917,2.2682896220385307,0.13523730259153013,2.018674784700565,0.0030741555896186914,0.10398936564346777,0.8804409665196062,0.021961408181257556,54.78895849418094,0.7153436044854544,1.0010848829484438,0.5579427411221637,0.3490506617085226,0.5740109849776838,0.27862164311494697,0.9971973669973302,0.3426402457171229,2.1421198250183013,0.23947937164017946,0.36909877967968796,Railroads,Industrials,CP
2007Q1,2007,Q1,2007-03-31,2007-03-31,128657355.3,1116396334.2,229402148.85,0.164073,680701953.3000001,0.609731447916107,11380264641.45,4941499417.65,905903662.5,1159715891.7,6438765223.8,162272409.0,3643321299.3,10132416542.5,12965077216.0,6.355626260643087,0.78114275141307,0.2511603898110947,0.5784219448232358,0.020302289479308074,6.355626260643087,0.02603609642054452,9.076003057427451,19.688762680675126,2.0504740942211046,0.22628718997148545,2.6849566330157826,0.0028733038439433065,0.09809932979359573,0.546584061007224,0.01130530434515513,430.97898653991876,0.609731447916107,-0.12721476639159096,-0.04039901672686736,0.2974306471672494,0.6286300602304196,1.879223044106779,-0.12649400525450122,1.0395042012501559,4.5765052276447085,0.28255569098179373,0.37417845372980246,Railroads,Industrials,CP
