Quarters,Year,Quarter,FillingDate,Date,NetIncome,Revenue,OperatingIncome,EPSDiluted,GrossProfit,GrossProfitRatio,TotalAssets,CommonStockEquity,CurrentAssets,CurrentLiability,TotalLiability,Inventory,RetainedEarnings,MarketCap,EnterpriseValue,bookValuePerShare,currentRatio,debtToAssets,debtToEquity,roic,shareholdersEquityPerShare,roe,priceToSalesRatio,peRatio,pbRatio,payoutRatio,inventoryTurnover,dividendYield,assetTurnover,quickRatio,returnOnAssets,priceToFreeCashFlowsRatio,grossProfitMargin,epsdilutedGrowth,fiveYNetIncomeGrowthPerShare,fiveYRevenueGrowthPerShare,fiveYShareholdersEquityGrowthPerShare,grossProfitGrowth,netIncomeGrowth,operatingIncomeGrowth,threeYNetIncomeGrowthPerShare,threeYRevenueGrowthPerShare,threeYShareholdersEquityGrowthPerShare,Industry,Sector,Symbol
2023Q1,2023,Q1,2023-05-15,2023-03-31,-1994816.0,3906000.0,-729000.0,-1.07,1079000.0,0.2762416795,65952000.0,1805000.0,12425000.0,7914000.0,64147000.0,0.0,-123401000.0,6349420.0,58195420.0,0.9693877551020408,1.5700025271670457,0.8286177826297914,30.27645429362881,-0.012250684737911221,0.9693877551020408,-1.1051612188365652,1.6255555555555556,-0.7957400582309346,3.517684210526316,0.0,0.0,0.0,0.05922489082969432,1.1889057366691937,-0.030246482290150412,2.446789980732177,0.2762416794674859,0.7176781002638521,0.30439423663136145,-0.42487747261924647,-0.8964962756064503,-0.6855144272806762,0.7032848430760077,-1.2506015812994156,-128.17175878471687,-0.22141766024560075,-0.8606314172036245,Medical Care Facilities,Healthcare,RHE
2022Q4,2022,Q4,2023-04-14,2022-12-31,-6723000.0,10155000.0,2909000.0,-3.79,3431000.0,0.3378631216,68580000.0,3716000.0,14209000.0,7710000.0,64864000.0,0.0,-121409000.0,5896320.0,60457320.0,2.0923423423423424,1.8429312581063553,0.8078740157480315,14.909580193756728,0.13978976819203373,2.0923423423423424,-1.8092034445640475,0.5806322008862629,-0.21925925925925926,1.5867384284176533,0.0,0.0,0.0,0.14807524059492563,1.44526588845655,-0.09803149606299212,-3.8715167432698623,0.337863121614968,-17.047619047619047,-9.71460475815928,0.4747685593159155,-0.8078124429689901,0.7478349465104432,-17.08964910439689,0.7031615925058547,-9.542618152912269,1.1078454519162098,-0.6992358107916312,Medical Care Facilities,Healthcare,RHE
2022Q3,2022,Q3,2022-11-22,2022-09-30,-371649.0,11030000.0,1708000.0,-0.21,1963000.0,0.177969175,95425000.0,5900000.0,19763000.0,9378000.0,89525000.0,0.0,-119165000.0,4298670.0,79752670.0,3.335217637083098,2.1073789720622735,0.8155829185223998,13.191016949152543,0.01569929668354915,3.335217637083098,-0.0629913559322034,0.38972529465095196,-2.8916195119588646,0.7285881355932203,0.0,0.0,0.0,0.11558815823945506,1.6090850927703135,-0.0038946712077547814,7.21253355704698,0.17796917497733455,0.7200000000000001,0.5483270511182581,0.6183176401567847,-0.6801279412726685,-0.062111801242236024,0.7196779587763701,4.228733459357278,-1.061027657824058,1.1790790787276149,-0.48693635547286346,Medical Care Facilities,Healthcare,RHE
2022Q2,2022,Q2,2022-08-23,2022-06-30,-1325793.0,8093000.0,-529000.0,-0.75,2093000.0,0.2586185592,99564000.0,6213000.0,19163000.0,9148000.0,93351000.0,0.0,-118794000.0,4136943.2,83650943.2,3.5141402714932126,2.0947748141670313,0.824896548953437,13.21905681635281,-0.004493235329401067,3.5141402714932126,-0.21339014968614195,0.5111754849870258,-0.7800884451796021,0.6658527603412201,0.0,0.0,0.0,0.08128439998392993,1.5991473546130301,-0.013315987706399903,-3.2044486444616576,0.25861855924873345,0.7011952191235059,-62.758857406108596,0.19604318955715827,-0.7066515665116176,-0.1584238037796542,0.7049203204985534,0.6049290515309933,-0.018344623102041067,0.45761194208213085,0.1540600735954363,Medical Care Facilities,Healthcare,RHE
2022Q1,2022,Q1,2022-05-31,2022-03-31,-4493000.0,6648000.0,-1339000.0,-2.51,2487000.0,0.3740974729,102556000.0,7534000.0,20002000.0,8892000.0,95022000.0,0.0,-117469000.0,6318700.0,85641700.0,4.208938547486033,2.249437696806118,0.8176800967276415,11.130607910804354,-0.016796108296552068,4.208938547486033,-0.5963631537032121,0.9504663056558363,-0.35158580013354107,0.8386912662596231,0.0,0.0,0.0,0.0648231210265611,1.7577597840755737,-0.04381021100666953,-3.808740204942737,0.3740974729241877,-2.2597402597402594,-3.3558855617107177,0.0001230459903566051,-0.6643422301710497,-0.3627978478093774,-2.3036764705882353,-94.64285714285714,-24.02703424823901,0.15582142680575461,0.11673817481238978,Medical Care Facilities,Healthcare,RHE
2021Q4,2021,Q4,2022-02-22,2021-12-31,-1360000.0,6439000.0,-14000.0,-0.77,3903000.0,0.6061500233,105696000.0,10396000.0,21072000.0,8231000.0,95300000.0,0.0,-114542000.0,8005250.0,86148250.0,5.856901408450704,2.5600777548293037,0.8035781864971239,8.169969218930358,-0.00020962451778929367,5.856901408450704,-0.13081954597922277,1.2432442925920173,-1.4715533088235293,0.7700317429780684,0.0,0.0,0.0,0.06091999697244929,2.1329121613412707,-0.012867090523766273,10.28952442159383,0.6061500232955428,-34.044871794871796,-1.8681865414710483,0.011319643110094974,-0.5882358291302776,-0.046886446886446886,-33.87179487179487,-1.0222929936305734,0.2123385634145923,0.11557563896037908,0.6072904764369013,Medical Care Facilities,Healthcare,RHE
2021Q3,2021,Q3,2021-11-12,2021-09-30,-39000.0,6702000.0,628000.0,-0.021971830985915493,4095000.0,0.6110116383169203,107024000.0,10878000.0,20663000.0,7503000.0,96146000.0,0.0,-113881000.0,14022500.0,94252500.0,6.128450704225352,2.753965080634413,0.8078842128868291,7.948428019856591,0.0048156924091498155,6.128450704225352,-0.0035852178709321566,2.0922858848105044,-89.88782051282051,1.2890696819268248,0.0,0.0,0.0,0.06262146808192555,2.2195121951219514,-0.00036440424577664825,8.34672619047619,0.6110116383169203,0.9258723714053706,0.9816561405050017,-0.12535721683064197,-0.5752076359497559,0.007627952755905512,0.9224652087475149,0.145985401459854,0.9918026261092838,0.20847992218149083,0.33146626605038987,Medical Care Facilities,Healthcare,RHE
2021Q2,2021,Q2,2021-08-13,2021-06-30,-503000.0,6468000.0,548000.0,-0.29640542133176195,4064000.0,0.6283240568954854,107163000.0,10738000.0,19229000.0,5994000.0,96425000.0,0.0,-113842000.0,23299810.0,105869810.0,6.3276370064820275,3.208041374708041,0.8230732622267014,8.214099459862172,0.00412088945037261,6.3276370064820275,-0.04684298752095362,3.602320655534941,-11.580422465208747,2.169846340100577,0.0,0.0,0.0,0.06035665294924554,2.548048048048048,-0.004693784235230443,-5824.9525,0.6283240568954854,-24.82535005752448,0.9013027062421772,-0.11741728678750273,-0.5854928010415772,-0.13770422236367494,-24.952380952380953,-0.5085201793721973,0.8459147108447157,0.19910632524929978,-0.13303490690060465,Medical Care Facilities,Healthcare,RHE
2021Q1,2021,Q1,2021-05-14,2021-03-31,21000.0,7081000.0,1115000.0,0.012440758293838863,4713000.0,0.6655839570682107,108968000.0,11125000.0,19474000.0,6993000.0,97843000.0,0.0,-113339000.0,7731040.0,90946040.0,6.5906398104265405,2.784784784784785,0.8205252918287937,8.03694382022472,0.008227932169369954,6.5906398104265405,0.0018876404494382023,1.0918005931365626,92.03619047619048,0.6949249438202247,0.0,0.0,0.0,0.06498238014830042,2.234949234949235,0.00019271712796417297,3.3366594734570567,0.6655839570682107,1.0207305034550838,1.0105719394823187,-0.01845852143676441,-0.6476694178629425,0.3328619909502262,1.020730503455084,4.729096989966555,1.0080776839679946,0.15008507868945117,-0.29630247243659485,Medical Care Facilities,Healthcare,RHE
2020Q4,2020,Q4,2021-03-29,2020-12-31,-1013000.0,3725000.0,-299000.0,-0.6001184834123223,3536000.0,0.949261744966443,108025000.0,11104000.0,17024000.0,5233000.0,96921000.0,0.0,-113360000.0,6043040.0,92180040.0,6.578199052132701,3.2532008408178865,0.5039481601481138,4.902647694524496,-0.0029479329961450106,6.578199052132701,-0.09122838616714697,1.6222926174496644,-1.4913721618953601,0.544221902017291,0.0,0.0,0.0,0.034482758620689655,2.55876170456717,-0.009377458921545938,43.79014492753623,0.949261744966443,-12.876712328767123,0.8844686387710257,1.581344823514232,-0.6475053323099227,-0.2323056882327399,-12.876712328767123,-1.4746031746031747,-2.381543450010968,-0.4308316543218519,-0.3957738272993208,Medical Care Facilities,Healthcare,RHE
2020Q3,2020,Q3,2020-11-13,2020-09-30,-73000.0,4767000.0,630000.0,-0.043246445497630334,4606000.0,0.9662261380323054,110332000.0,12105000.0,17846000.0,5227000.0,98227000.0,0.0,-112347000.0,2194400.0,89118400.0,7.171208530805687,3.414195523244691,0.4966736758148135,4.526972325485336,0.006076681938750904,7.171208530805687,-0.006030565881866997,0.46033144535347176,-7.515068493150685,0.18128046261875258,0.0,0.0,0.0,0.04320596019287242,2.743638798546011,-0.0006616394155820614,2.3147679324894517,0.9662261380323054,-1.1771844660194175,0.9851427070160302,-0.551956811545424,-0.6735466034755134,0.055211912943871705,-1.1771844660194175,-0.41720629047178537,0.9070243200351428,-0.2670256142650667,-0.31222802050243975,Medical Care Facilities,Healthcare,RHE
2020Q2,2020,Q2,2020-08-11,2020-06-30,412000.0,4539000.0,1081000.0,0.24407582938388625,4365000.0,0.9616655651024455,111799000.0,12165000.0,10728000.0,43150000.0,99634000.0,0.0,-112274000.0,2346320.0,90828320.0,7.206753554502369,0.24862108922363846,0.4932512813173642,4.533086724208796,0.010300928131729907,7.206753554502369,0.033867653103164815,0.5169244326944261,1.42373786407767,0.19287464036169338,0.0,0.0,0.0,0.04059964758182095,0.1690614136732329,0.0036851850195440032,46.00627450980392,0.9616655651024455,30.428571428571423,1.0789740820734341,-0.8100317778444655,-0.7153657067874605,-0.00727768933363657,30.428571428571427,0.2256235827664399,19.101597156398103,-0.2974013302319148,-0.39840481528308724,Medical Care Facilities,Healthcare,RHE
2020Q1,2020,Q1,2020-06-11,2020-03-31,-14000.0,4548000.0,882000.0,-0.008293838862559242,4397000.0,0.9667985927880387,112363000.0,11741000.0,9896000.0,5944000.0,100622000.0,0.0,-112686000.0,2329440.0,91780440.0,6.955568720379147,1.6648721399730821,0.4893603766364373,4.683246742185504,0.008385465193664315,6.955568720379147,-0.0011924026914232177,0.5121899736147757,-41.59714285714285,0.19840218039349286,0.0,0.0,0.0,0.040475957388108184,1.0497981157469718,-0.00012459617489743064,-7.977534246575343,0.9667985927880387,-1.018716577540107,0.9973535515278907,-0.9095460855095405,-0.5037512978702651,0.0027366020524515395,-1.018716577540107,-0.26438698915763137,0.9856070880959019,-0.27445647805884194,-0.44530178850699464,Medical Care Facilities,Healthcare,RHE
2019Q4,2019,Q4,2020-03-27,2019-12-31,748000.0,4579000.0,1199000.0,0.4431279620853081,4385000.0,0.9576326708888404,113758000.0,11743000.0,10090000.0,6312000.0,102015000.0,0.0,-112672000.0,2363200.0,53392154.0,6.956753554502369,1.5985424588086186,0.4871037992932365,4.718722132334157,0.012280801427304498,6.956753554502369,0.06369752192795708,0.5160952172963529,0.7898395721925133,0.20124329387720344,0.0,0.0,0.0,0.04025211413702773,0.9800380228136882,0.0065753617328012095,1.6928366762177651,0.9576326708888404,-0.7899867478268682,1.1268252369668246,-0.847553362919671,-0.5990706799350978,-0.06343442973088424,-0.8712786095336431,-0.07198142414860681,-0.49788678251711427,-0.24374793023914215,-0.5109117160173601,Medical Care Facilities,Healthcare,RHE
2019Q3,2019,Q3,2019-11-12,2019-09-30,5811000.0,4830000.0,1292000.0,2.11,4682000.0,0.9693581780538302,114371000.0,10973000.0,6416000.0,14112000.0,103398000.0,0.0,-113420000.0,2700800.0,55060800.0,6.500592417061611,0.4546485260770975,0.4877197891073786,5.083477626902397,0.012096472081156216,6.500592417061611,0.5295725872596373,0.5591718426501036,0.11619342626054036,0.24613141346942496,0.0,0.0,0.0,0.042230985127348714,0.35572562358276644,0.05080833428054315,4.4863787375415285,0.9693581780538302,3.8653901850362025,2.5617598361507086,-0.9242454396579648,-0.6881647121780577,-0.0892822408091811,5.674979887369268,-0.20098948670377242,3.8741067772154247,-0.3371742996001495,-0.5494127057811197,Medical Care Facilities,Healthcare,RHE
2019Q2,2019,Q2,2019-08-14,2019-06-30,-1243000.0,5301000.0,1617000.0,-0.7363744075829384,5141000.0,0.9698170156574232,135065000.0,5140000.0,25797000.0,40080000.0,129925000.0,0.0,-119231000.0,2954000.0,58013000.0,3.0450236966824646,0.6436377245508982,0.41627364602228556,10.93852140077821,0.015824859807596323,3.0450236966824646,-0.24182879377431907,0.5572533484248255,-0.5941271118262269,0.5747081712062256,0.0,0.0,0.0,0.03924776959241846,0.07252994011976048,-0.009202976344722912,4.989864864864865,0.9698170156574232,-7.755434782608695,0.5994109265690294,-0.919131513366691,-0.8507770976791429,-0.02355175688509022,-7.755434782608695,0.19423929098966028,0.7548015117456018,-0.27280211037414565,-0.8005283422577986,Medical Care Facilities,Healthcare,RHE
2019Q1,2019,Q1,2019-05-17,2019-03-31,184000.0,5424000.0,1354000.0,0.10900473933649289,5265000.0,0.9706858407079646,136834000.0,6362000.0,4970000.0,39331000.0,130472000.0,0.0,-117988000.0,1991840.0,80554840.0,3.768957345971564,0.12636342833896927,0.5853515939021003,12.589751650424395,0.0012693155008358984,3.768957345971564,0.028921722728701665,0.36722713864306783,2.706304347826087,0.3130839358692235,0.0,0.0,0.0,0.039639270941432686,0.08138618392616512,0.001344695031936507,-7.904126984126984,0.9706858407079646,1.1120583989008894,1.0653871190884339,-0.9175412946571082,-0.8359440425728077,-0.006416304963200604,1.1120584652862362,1.1629392971246006,1.0926303268926965,-0.24814560376684228,-0.7985144122646328,Medical Care Facilities,Healthcare,RHE
2018Q4,2018,Q4,2019-05-17,2018-12-31,-1642000.0,5489000.0,626000.0,-0.9727493914392129,5299000.0,0.9653853160867188,100570000.0,6151000.0,8075000.0,36710000.0,94419000.0,0.0,-118172000.0,2633278.44,81539278.44,3.6439595047153466,0.21996731135930264,0.8085214278611912,13.219476507884897,0.006906780251252116,3.6439595047153466,-0.2669484636644448,0.47973737292767354,-0.4009254628501827,0.4281057454072508,0.0,0.0,0.0,0.054578900268469725,0.10863524925088532,-0.016326936462165657,2.1601956029532405,0.9653853160867188,0.6370812032595086,0.58652289788783,-0.9214669473339594,-0.8347116445081999,0.03516311779644462,0.6358394322466179,-0.00792393026941363,0.8127318780641294,1.856645268905936,-0.8047373932422586,Medical Care Facilities,Healthcare,RHE
2018Q3,2018,Q3,2018-11-14,2018-09-30,-4509000.0,5256000.0,631000.0,-2.6803499851091668,5119000.0,0.9739345509893456,101338000.0,7743000.0,4972000.0,34466000.0,93595000.0,0.0,-116530000.0,3431775.72,82455775.72,4.602783307762315,0.14425810944118841,0.7983974422230555,10.449179904429808,0.00711779900959944,4.602783307762315,-0.5823324292909725,0.6529253652968037,-0.19027365934797072,0.443210089112747,0.0,0.0,0.0,0.05186603248534607,0.10445076307085244,-0.044494661430065724,-41.346695421686746,0.9739345509893456,-0.3933702718299495,-14.329978950613267,-0.9302677994888062,-0.6861942746035286,-0.007945736434108527,-0.40205223880597013,1.4755086661642802,0.07916721085139852,-0.5043058468997298,-0.7904684771290004,Medical Care Facilities,Healthcare,RHE
2018Q2,2018,Q2,2018-08-14,2018-06-30,-3216000.0,5314000.0,-1327000.0,-1.9236451640302281,5160000.0,0.9710199473089951,102648000.0,12202000.0,5596000.0,30586000.0,90446000.0,0.0,-112021000.0,4694487.408,79332487.40799999,7.298606433923148,0.18295952396521284,0.7537896500662458,6.341173578101951,-0.014850265512987638,7.298606433923148,-0.26356335027044747,0.8834187820850583,-0.36493216791044775,0.38473097918374033,0.0,0.0,0.0,0.05176915283298262,0.1377427581246322,-0.03133037175590367,117.3621852,0.9710199473089951,-0.24900728191885155,0.6477109588436318,-0.9308331703165664,-0.4504582634479961,-0.11492281303602059,-0.2721518987341772,-0.8379501385041551,0.3775782245715584,-0.7754445019155011,-0.7117379319210456,Medical Care Facilities,Healthcare,RHE
2018Q1,2018,Q1,2018-04-16,2018-03-31,-2528000.0,5987000.0,-722000.0,-1.5401392705052364,5830000.0,0.9737765157841991,105998000.0,15373000.0,6204000.0,26233000.0,90625000.0,0.0,-108805000.0,7301648.244000001,81946648.244,9.36572824583742,0.2364960164678077,0.7374573105152927,5.0848240421518245,-0.0078004686067165655,9.36572824583742,-0.16444415533727966,1.219583805578754,-0.7220775557753165,0.4749657349899174,0.0,0.0,0.0,0.056482197777316556,0.18488163763199025,-0.023849506594464047,-43.98583279518073,0.9737765157841991,-4.545582047685834,0.26329924615861755,-0.9225743603695835,-0.49149365301804854,0.0,-4.545582047685834,-1.569850039463299,0.5085630084201549,-0.8775464061464217,-0.33179720115779804,Medical Care Facilities,Healthcare,RHE
2017Q4,2017,Q4,2018-04-16,2017-12-31,713000.0,6364000.0,1267000.0,0.4343826344423392,0.0,0.0,106551000.0,17870000.0,4704000.0,19498000.0,88681000.0,0.0,-106277000.0,3348476.4,74632476.4,10.886981314845164,0.2412555133859883,0.6860752128088896,4.09076664801343,0.03538581671853448,10.886981314845164,0.03989927252378288,0.5261590823381521,1.1740800841514727,0.18737976496922215,0.0,0.0,0.0,0.059727266754887334,0.14170684172735665,0.006691631237623298,2.2043952600394996,0.0,1.9338807001933938,1.0938507728717375,-0.8635520003777882,-0.4690899456835958,0.0,1.9308093994778068,-0.09564596716630978,1.1243222844439178,-0.7821122856194154,-0.37256509348455746,Medical Care Facilities,Healthcare,RHE
2017Q3,2017,Q3,2017-11-14,2017-09-30,-766000.0,6345000.0,1401000.0,-0.46513717903409346,0.0,0.0,107199000.0,17171000.0,4545000.0,20526000.0,90028000.0,0.0,-106990000.0,19761912.0,92464912.0,10.42672389189872,0.2214264834843613,0.6886071698430023,4.298992487333295,0.014370967919199024,10.42672389189872,-0.044610098421757616,3.1145645390070924,-6.449710182767624,1.150888824180304,-2.496083550913838,0.0,0.09675177179212213,0.05918898497187474,0.10722985481827925,-0.007145589044673924,12.035269183922047,0.0,-39.30776779088987,0.6695954619469308,-0.9245896745888094,-0.401402865678043,0.0,-39.3,-0.22937293729372937,0.7889832784541697,-0.8979958115370077,-0.49982705617161866,Medical Care Facilities,Healthcare,RHE
2017Q2,2017,Q2,2017-08-14,2017-06-30,20000.0,6304000.0,1818000.0,0.012142111270307681,0.0,0.0,109252000.0,19732000.0,6412000.0,15623000.0,89520000.0,0.0,-104312000.0,19765920.0,91941920.0,11.979406979285558,0.41042053382833005,0.6789532457071724,3.7592235961889315,0.019359166853017282,11.979406979285558,0.0010135819987837015,3.135456852791878,247.07399999999998,1.0017190350699372,95.6,0.0,0.09673215312011786,0.0577014608428221,0.22383665109133968,0.00018306301028814118,11.173499152063313,0.0,1.0210711035913917,-0.9799316293629654,-0.921915303364519,-0.3719890883604279,0.0,1.0210084033613445,1.7883435582822085,1.006605331544905,-0.9014459737875652,-0.4129431966393873,Medical Care Facilities,Healthcare,RHE
2017Q1,2017,Q1,2017-04-17,2017-03-31,-952000.0,6135000.0,652000.0,-0.5762446763950326,0.0,0.0,107486000.0,20716000.0,10693000.0,18184000.0,86770000.0,0.0,-102420000.0,19824912.0,87473912.0,12.539374701890228,0.5880444346678398,0.6683009880356512,3.467513033404132,0.007058011387597712,12.539374701890228,-0.04595481753234215,3.231444498777506,-5.206121848739496,0.9569855184398532,-1.9726890756302522,0.0,0.0947292981678809,0.05707720075172581,0.35454245490541136,-0.008856967419012709,-31.4182440570523,0.0,-1.652949245541838,-1.844844440147409,-0.924725027550678,-0.3670911025386444,0.0,-1.6529492455418382,-0.4703493095044679,0.6543363205226816,-0.9047041873056733,-0.4541834960123119,Medical Care Facilities,Healthcare,RHE
2016Q4,2016,Q4,2017-04-17,2016-12-31,1458000.0,5926000.0,1231000.0,0.8825259854873505,0.0,0.0,119486000.0,23499000.0,20469000.0,25268000.0,95987000.0,0.0,-99590000.0,19824912.0,85749912.0,14.223921901897976,0.8100759854361247,0.6692834306948094,3.4031235371717945,0.012137925259432391,14.223921901897976,0.062045193412485634,3.345412082348971,3.3993333333333333,0.8436491765607047,1.2880658436213992,0.0,0.0947292981678809,0.04959576854192123,0.6519708722494855,0.012202266374303265,-5.598676080203332,0.0,1.7368039872891006,1.1830438422734044,-0.9236823109649607,-0.18180301284948716,0.0,1.733400402414487,-0.3923988153998026,1.375126718381298,-0.9133710484076004,-0.3548093339768961,Medical Care Facilities,Healthcare,RHE
2016Q3,2016,Q3,2016-11-14,2016-09-30,-1988000.0,7165000.0,2026000.0,-1.1977758002293126,0.0,0.0,154313000.0,23945000.0,58534000.0,61330000.0,130368000.0,0.0,-99170000.0,19916916.0,101926916.0,14.426932362419965,0.9544105657916191,0.5408941566815498,3.4857799122990185,0.018610459414838815,14.426932362419965,-0.08302359574023804,2.779751011863224,-2.5046423541247487,0.831777657130925,-0.7882293762575453,0.0,0.07867683932592777,0.046431603299786794,0.07800423936083482,-0.012882906819256964,-14.634030859662014,0.0,0.6011637389083885,-1.3189933383022614,-0.9007620369855956,-0.33936830987023153,0.0,0.6009634684865516,2.663652802893309,-5.850552318570245,-0.903652135627358,-0.01640949127453187,Medical Care Facilities,Healthcare,RHE
2016Q2,2016,Q2,2016-08-15,2016-06-30,-4982000.0,7164000.0,553000.0,-3.003176784756256,0.0,0.0,155434000.0,25324000.0,59856000.0,68835000.0,130110000.0,0.0,-95303000.0,19906920.0,100471920.0,15.265445382811604,0.8695576378295925,0.5392256520452411,3.3096667193176432,0.0050669794205501295,15.265445382811604,-0.19673037434844418,2.7787437185929647,-0.9989421918908068,0.7860890854525352,-0.42412685668406264,0.0,0.10614399414876836,0.04609030199312892,0.10522263383453186,-0.03205218935368066,12.504346733668342,0.0,-1.5520472686034652,0.4964424536823636,-0.9085362405073526,0.10889953315744398,0.0,-1.554871794871795,0.24269662921348314,0.45000965369919904,-0.9060276371503354,0.14939741454188848,Medical Care Facilities,Healthcare,RHE
2016Q1,2016,Q1,2016-05-16,2016-03-31,-1950000.0,7082000.0,445000.0,-1.176771614578933,0.0,0.0,163242000.0,30997000.0,20887000.0,57241000.0,132245000.0,0.0,-88520000.0,19884912.0,135059912.0,18.70584089082215,0.3648957914781363,0.7194165717156124,3.788721489176372,0.002997925031663478,18.70584089082215,-0.06290931380456173,2.807810223100819,-2.549347692307692,0.6415108558892796,-0.9112820512820513,0.0,0.08936423756866513,0.04338344298648632,0.18906028895372198,-0.01194545521373176,-12.435842401500938,0.0,0.8038721820814495,-0.12334531972237424,-0.9009128146366052,-0.022849719660678766,-1.0,0.7731239092495636,1.1662308554351886,0.4371102976453237,-0.9092793582424323,0.015621910965139377,Medical Care Facilities,Healthcare,RHE
2015Q4,2015,Q4,2016-03-30,2015-12-31,-8595000.0,-6281000.0,-2677000.0,-6.000024,6251000.0,0.995223690495144,171985000.0,30879000.0,25157000.0,63784000.0,141106000.0,0.0,-84793000.0,19855920.0,141648920.0,18.661839894600703,0.3944092562398094,0.7239759281332674,4.032287315003725,-0.017556724904960394,18.661839894600703,-0.27834450597493443,-3.161267314121955,-0.577542757417103,0.6430234139706597,-0.32809773123909247,0.0,0.1420231346621058,-0.03652062679884874,0.18068794682051925,-0.04997528854260546,-4.78917510853835,-0.995223690495144,-1.0613050032917706,-2.6252860431805174,-1.1010120151513567,-0.033731253566564895,0.030497856907352457,-0.7861596009975063,-12.639130434782608,-0.12228332774892207,-1.1335900468616895,-0.08994438903127591,Medical Care Facilities,Healthcare,RHE
2015Q3,2015,Q3,2015-11-16,2015-09-30,-4812000.0,10420000.0,230000.0,-2.9107890343342446,6066000.0,0.5821497120921305,190168000.0,36315000.0,40325000.0,68886000.0,157077000.0,0.0,-74572000.0,19837920.0,140144920.0,21.96702073604491,0.5853874517318468,0.6551154768415296,3.430593418697508,0.0014294859444240725,21.96702073604491,-0.13250722841800908,1.9038310940499041,-1.030648379052369,0.5462734407269724,-0.5384455527847049,0.0,0.13060845088597997,0.05479365613562744,0.2216125192346776,-0.025303941777796473,-3.2735841584158414,0.5821497120921305,0.2649552339348516,-0.4132183104405189,-0.6542596847284421,0.18086947941025108,-0.06157178217821782,0.05517376791674848,-0.11877394636015326,-1.0676435890510751,-0.8766327926176188,0.2611243760280457,Medical Care Facilities,Healthcare,RHE
2015Q2,2015,Q2,2015-08-13,2015-06-30,-5093000.0,23326000.0,261000.0,-3.960016,6464000.0,0.2771156649232616,213124000.0,41724000.0,60380000.0,52049000.0,174340000.0,0.0,-68262000.0,19774920.0,135456920.0,25.319343896207926,1.1600607120213644,0.6147688669506953,3.140207075064711,0.0015108888194227362,25.319343896207926,-0.12206403988112358,0.8477630112321015,-0.9706911447084233,0.4739459303997699,-0.4765364225407422,0.0,0.12273121711743967,0.10944802087047915,0.6146900036504064,-0.023896886319701206,-2.3499607843137253,0.2771156649232616,-0.1379310543003562,-1.7909671408233814,0.25284082405481945,0.026314751866929657,-0.002776920703486578,-0.014743972902968718,1.803076923076923,-6.108084722730284,-0.7112032561929456,0.32734652640724354,Medical Care Facilities,Healthcare,RHE
2015Q1,2015,Q1,2015-05-14,2015-03-31,-5019000.0,47703000.0,-325000.0,-3.480014,6482000.0,0.13588243925958535,208453000.0,22447000.0,54266000.0,63778000.0,188676000.0,0.0,-61732000.0,19217916.0,148170916.0,14.016296043754172,0.8508576625168554,0.6698536360714406,6.220563995188667,-0.0020156754705831,14.016296043754172,-0.22359335323205773,0.40286598327149237,-0.957258218768679,0.8561463001737426,-0.12871089858537557,0.0,0.03361446683396888,0.22884295260802195,0.5418639656307818,-0.024077369958695725,-19.53040243902439,0.13588243925958535,0.12121213651662009,-4.986719858905976,1.4341751862204724,-0.13985243340383316,0.246778226582035,0.04943181818181818,0.7786103542234333,-14.471903511225408,-0.3962088989452723,-0.2925453871151037,Medical Care Facilities,Healthcare,RHE
2014Q4,2014,Q4,2015-03-31,2014-12-31,-5280000.0,26890000.0,-1468000.0,-3.960016,5199000.0,0.1933432502789141,209961000.0,26221000.0,52422000.0,65353000.0,186180000.0,0.0,-56067000.0,18133920.0,147604920.0,17.351570978585986,0.8021360916866862,0.6677716337796067,5.347088211738683,-0.009445999452008752,17.351570978585986,-0.2013653178749857,0.6743741167720342,-0.8586136363636364,0.6915800312726441,-0.12234848484848485,0.0,0.035623847463758525,0.12807140373688447,0.5359968172845929,-0.025147527397945332,23.071145038167938,0.1933432502789141,-0.4999998106068498,-480.74923978960067,-0.04192258004205733,-0.18400016689649093,-0.4738386802955166,-0.5851095767036926,-2.2102225886232483,0.2753119585467779,-0.6214058151922245,-0.0018925022983326467,Medical Care Facilities,Healthcare,RHE
2014Q3,2014,Q3,2014-11-13,2014-09-30,-3331000.0,57079000.0,1213000.0,-2.640011,9881000.0,0.17311095148828817,215863000.0,31502000.0,54696000.0,89667000.0,186543000.0,0.0,-50141000.0,18133920.0,145369920.0,20.84623732761587,0.6099902974338386,0.6490366575096241,4.447431909085138,0.006512732536741068,20.84623732761587,-0.10573931813853088,0.31769862821703254,-1.360996697688382,0.575643451209447,-0.19393575502851995,0.0,0.035623847463758525,0.2644223419483654,0.4309054613179877,-0.015431083603952508,10.187595505617978,0.17311095148828817,-0.15789499076538718,-5.025101138459134,0.996635880412471,0.48388684577270863,0.05509877202349173,-0.26269901440485216,5.0954773869346734,-1.5870434712681587,-0.13170280384060368,-0.04541834309403485,Medical Care Facilities,Healthcare,RHE
2014Q2,2014,Q2,2014-08-11,2014-06-30,-2638000.0,55729000.0,199000.0,-2.280009,9365000.0,0.16804536237865383,216186000.0,29284000.0,54601000.0,89255000.0,188866000.0,0.0,-46164000.0,17220924.0,148153924.0,20.405873691794934,0.6117416391238586,0.6572118453553885,4.8517962027045485,0.0011612707453140683,20.405873691794934,-0.0900833219505532,0.3090118968580093,-1.632005686125853,0.5880659745936347,-0.244882486732373,0.0,0.03751250513619362,0.257782650125355,0.4264186880286819,-0.012202455293127214,-4.57638161041722,0.16804536237865383,-0.055555324075038624,-5.564187584145347,1.1447600236559787,0.5422550618086496,-0.012339168951697954,-0.1225531914893617,-0.8476263399693721,0.691775045063841,-0.17752568832042337,0.48230616552987277,Medical Care Facilities,Healthcare,RHE
2014Q1,2014,Q1,2014-05-08,2014-03-31,-2350000.0,54932000.0,1306000.0,-2.160009,9482000.0,0.17261341294691618,220963000.0,32385000.0,58229000.0,84244000.0,190385000.0,0.0,-42880000.0,16915932.0,143017932.0,22.973608548438243,0.6911946251365082,0.6464566465878903,4.410776594102208,0.007482855364272846,22.973608548438243,-0.0725644588544079,0.3079431296876138,-1.7995672340425533,0.522338490041686,-0.27489361702127657,0.0,0.0381888506054529,0.24860270724057873,0.49005270405014006,-0.010635264727578825,-2.239927436440678,0.17261341294691618,0.24999999999999992,-7.354826962993047,1.2291377077778676,0.8080049058322957,-0.04598048093369554,0.2387431162941367,0.9550898203592815,-0.5913813856599497,-0.09652794552079175,0.20008868697939644,Medical Care Facilities,Healthcare,RHE
2013Q4,2013,Q4,2014-03-31,2013-12-31,-3087000.0,54332000.0,668000.0,-2.880012,9939000.0,0.18293086946918943,226428000.0,28928000.0,53601000.0,69235000.0,199134000.0,0.0,-39884000.0,15745932.0,150644932.0,22.046075138645335,0.7741893550949664,0.6813335806525694,5.3329991703539825,0.0038341546208737398,22.046075138645335,-0.10671321902654868,0.2898095413384377,-1.2751807580174928,0.5443145741150442,-0.20926465824425008,0.0,0.041026469566869714,0.23995265603193952,0.6206687369105222,-0.013633472892045154,12.496771428571428,0.18293086946918943,-15.471924779522935,-1.9070304071875759,1.2919533012451543,0.7808794176437261,0.01802724572365052,-13.160550458715596,-0.4542483660130719,-0.641930122172917,0.10184771818354008,0.1414969535859874,Medical Care Facilities,Healthcare,RHE
2013Q3,2013,Q3,2013-11-14,2013-09-30,-218000.0,55865000.0,1224000.0,-0.1748436833308203,9763000.0,0.17476058354962856,222991000.0,18288000.0,42421000.0,75494000.0,206170000.0,0.0,-36151000.0,14961936.0,168939936.0,14.66762055391762,0.5619122049434392,0.7475727719952823,9.115376202974629,0.005335946668433691,14.66762055391762,-0.011920384951881014,0.26782307348071244,-17.15818348623853,0.8181286089238846,-1.4036697247706422,0.0,0.020451898738238154,0.25052580597423213,0.4904893104087742,-0.0009776179307685064,7.200161693936478,0.17476058354962856,0.9689994733477469,0.9038901680287996,1.6455727812170937,0.21715139432463346,0.09377100604974233,0.9674821002386634,7.08955223880597,0.9151115756472218,1.4577089424224388,-0.2115205035851253,Medical Care Facilities,Healthcare,RHE
2013Q2,2013,Q2,2013-07-08,2013-06-30,-6704000.0,56421000.0,-201000.0,-5.640023,8926000.0,0.1582035057868524,222904000.0,16306000.0,41191000.0,69717000.0,207869000.0,0.0,-35627000.0,14732940.0,168920940.0,13.281259544938077,0.5908315045110949,0.7375820981229587,10.08279161045014,-0.0011122424135107019,13.281259544938077,-0.4111370047835153,0.2611251129898442,-0.549408562052506,0.9035287624187416,-0.045644391408114555,0.0,0.020769785256710475,0.2531179341779421,0.5481159545017714,-0.03007572766751606,3.1426919795221844,0.1582035057868524,-1.3499997916675348,-87.85138108122317,1.7897520710284613,0.004958750644090801,0.04081156716417911,-1.620797498045348,0.8334714167357083,-3.9310609187603687,3.067445284883531,-0.46164668996873615,Medical Care Facilities,Healthcare,RHE
2013Q1,2013,Q1,2013-07-26,2013-03-31,-2558000.0,57642000.0,-1207000.0,-2.40001,8576000.0,0.1487804031782381,229164000.0,22536000.0,45582000.0,67977000.0,207658000.0,0.0,-28617000.0,14682936.0,172890936.0,18.418114742174183,0.6705503332009356,0.7334398072995758,7.458200212992545,-0.006521696364652545,18.418114742174183,-0.11350727724529641,0.2547263453731654,-1.4350015637216578,0.6515324813631522,-0.11962470680218922,0.0,0.020840518544792404,0.25153165418652146,0.5567471350603881,-0.011162311706899863,-1.9695420523138834,0.1487804031782381,0.48146455327555715,-4.47487024106388,1.871281798864009,0.4096265107839578,5.32694248234107,0.547576936681995,0.8617727897388915,-3.659453792488196,2.8498035152789756,0.13027696670473973,Medical Care Facilities,Healthcare,RHE
2012Q4,2012,Q4,2013-07-08,2012-12-31,-5654000.0,34711000.0,-8732000.0,-4.628439608440885,-1982000.0,-0.057100054737691225,234449000.0,25050000.0,50364000.0,56282000.0,210237000.0,0.0,-25753000.0,14658936.0,166935936.0,20.506263210372158,0.8948509292491382,0.7174865322522169,6.715129740518962,-0.044755108771260904,20.506263210372158,-0.22570858283433134,0.4223138486358791,-0.6481666077113548,0.5851870658682635,0.0,0.0,0.0,0.14805352123489543,0.7457801783874063,-0.024116119070672088,-2.82881821690467,-0.057100054737691225,-2.5063803610144544,-5.330188805317886,0.7112590792297819,0.530201655051736,-1.1572267174361415,-2.3219741480611047,-3.1571146245059287,-637.16380182203,0.5299110270012468,-0.035643090882603035,Medical Care Facilities,Healthcare,RHE
2012Q3,2012,Q3,2012-11-13,2012-09-30,-1702000.0,61770000.0,4048000.0,-1.320005,12606000.0,0.20407965031568723,236891000.0,21059000.0,43998000.0,46293000.0,218063000.0,0.0,-19943000.0,14507940.0,184689940.0,17.418599746070083,0.9504244702222798,0.760121743755567,8.550548459091125,0.021247051373758454,17.418599746070083,-0.08082055178308561,0.23487032540067995,-2.1310135135135133,0.6889187520774965,0.0,0.0,0.0,0.26075283569236485,0.8701315533665998,-0.007184738972776509,6.543951285520975,0.20407965031568723,-3.2000009999966665,-2.299137872311312,2.159477053543608,0.23922238338962956,-0.013460635467209266,-3.5066273932253313,0.0024764735017335313,-3.570677906341625,1.7007604267325318,0.2398991064316602,Medical Care Facilities,Healthcare,RHE
2012Q2,2012,Q2,2012-08-07,2012-06-30,679000.0,55005000.0,4038000.0,0.600002,12778000.0,0.23230615398600127,213909000.0,21407000.0,40667000.0,39469000.0,193994000.0,0.0,-18240000.0,13466940.0,166976940.0,19.075157385419406,1.030352935214979,0.7614593121374043,7.608866258700425,0.01989062587564681,19.075157385419406,0.031718596720698836,0.2448311971638942,4.9583726067746685,0.6290904844209838,0.0,0.0,0.0,0.25714205573398036,0.9206465833945628,0.00317424699288015,-5.130262857142857,0.23230615398600127,3.4999979166753477,2.038070278610835,2.0484570741615036,0.4712994470471648,0.27169585987261147,4.296116504854369,0.5804305283757338,0.502263077142063,1.706993107465395,0.4416808844743958,Medical Care Facilities,Healthcare,RHE
2012Q1,2012,Q1,2012-05-10,2012-03-31,-206000.0,50171000.0,2555000.0,-0.240001,10048000.0,0.20027505929720357,177404000.0,20149000.0,35012000.0,41549000.0,158351000.0,0.0,-18919000.0,12203940.0,129762940.0,19.812290129253338,0.8426676935666322,0.7265168767333319,6.396694625043427,0.02025005084128136,19.812290129253338,-0.01022383244826046,0.2432468956169899,-14.810606796116504,0.6056846493622513,0.0,0.0,0.0,0.2828064756149805,0.7876001829165563,-0.001161191404928863,9.107417910447761,0.20027505929720357,0.950221629830877,0.45107609955286826,2.093614160723393,0.5100827487813695,1.5323254468675578,0.9545261693065771,19.37481751037404,-1.772145161777643,1.8220201556802278,0.5592116351219849,Medical Care Facilities,Healthcare,RHE
2011Q4,2011,Q4,2011-12-31,2011-12-31,-4530078.0,44161083.0,-139049.0,-4.821391282691503,-18875671.0,-0.42742771956022907,159104035.0,16334084.0,28738874.0,34105417.0,143610533.0,0.0,-18713125.0,11274948.0,120913049.0,17.384471130155102,0.8426483687327442,0.735380809166782,7.163061852749135,-0.0009802756100545412,17.384471130155102,-0.27733896801314356,0.2553141189947719,-0.6222270345013927,0.6902712144739797,0.0,0.0,0.0,0.2775610499130333,0.7666232317288483,-0.028472426862084295,-14.695406800713725,-0.42742771956022907,-2.4547242969603835,-2.4616378162047674,1.8968585833397968,0.29404077249843685,-1.9982651165680998,-2.2840397178109115,-1.0811130387303691,-4.957615199390788,1.6016184988836357,0.4043155812367047,Medical Care Facilities,Healthcare,RHE
2011Q3,2011,Q3,2011-09-30,2011-09-30,3527989.0,40872463.0,1714262.0,3.314299,18908475.0,0.4626213742000329,158285537.0,20518608.0,33572874.0,32971407.0,138309284.0,0.0,-14183047.0,11274948.0,113451651.0,21.83808705813987,1.0182420786592457,0.7090135215575634,5.469502901951244,0.011989309949336932,21.83808705813987,0.17194095232970968,0.2758568281045358,0.7989642257954885,0.549498679442582,0.0,0.0,0.0,0.258219820803969,0.8779570735334407,0.022288764133895567,-11.366069781437787,0.4626213742000329,1.557692304456374,2.1044975483237462,0.47990069182396694,3.401436461760766,0.20385929461653224,1.802386470375517,1.328910347938197,3.0640099751043475,1.5685259931792426,0.8121724661808402,Medical Care Facilities,Healthcare,RHE
2011Q2,2011,Q2,2011-06-30,2011-06-30,-4396870.0,34809320.0,736079.0,-5.942881,15706549.0,0.4512167718300731,115938349.0,10149137.0,24068867.0,24451691.0,105583962.0,0.0,-17711036.0,8846940.0,83682879.0,13.766301568677983,0.9843436595039582,0.6943063851978779,7.93138726967623,0.00836848904105279,13.766301568677983,-0.43322599744195,0.2541543471690915,-0.5030248790616961,0.8716938198784784,0.0,0.0,0.0,0.3002399145773587,0.819779294609931,-0.037924207459604245,-8.629283580255223,0.4512167718300731,-4.777775293220919,-0.8440635386228198,0.61914540268633,0.6464529918987947,0.17265095188140586,-4.745319458092032,1.0601666428765348,-95.85990530153589,1.8662674192871365,0.04166063306256364,Medical Care Facilities,Healthcare,RHE
2011Q1,2011,Q1,2011-03-31,2011-03-31,-765296.0,31509865.0,357291.0,-1.028576,13394053.0,0.4250749090800611,98235407.0,13985127.0,25452973.0,23707048.0,83879524.0,0.0,-13314166.0,8766612.0,61113900.0,19.143258992185352,1.0736458204328096,0.6316586442197974,4.436945334854664,0.005234696831760315,19.143258992185352,-0.05472213445040578,0.2782180120416257,-2.863797798498881,0.6268525126729274,0.0,0.0,0.0,0.32075873620597917,0.9839494567185252,-0.007790429371356908,27.850407433881344,0.4250749090800611,0.2821370274077774,0.6920776427839671,0.5392709921447387,0.6136738915728288,0.19142601850999397,0.2664779736168394,1.7027048820830326,-1.7433666445368299,1.6288417266517234,0.46512527237097734,Medical Care Facilities,Healthcare,RHE
2010Q4,2010,Q4,2010-12-31,2010-12-31,-1043317.0,27363298.0,-508451.0,-1.4328305530034293,11242035.0,0.4108435686370846,82958906.0,14063000.0,17417444.0,16709498.0,68348813.0,0.0,-12548870.0,8737812.0,55671068.0,19.313301773945238,1.0423678796334874,0.6128865296270903,3.6154729431842423,-0.007905691330502004,19.313301773945238,-0.07418879328734979,0.319325981831576,-2.0937576978042145,0.6213334281447771,0.0,0.0,0.0,0.3298415965128566,0.9052532278348517,-0.012576310974978383,-15.167732203395715,0.4108435686370846,0.30715362505787897,0.6168238356606457,0.17395790345923204,0.15751382276795023,1.2342769854883744,0.30434588375237703,0.33092302044006744,-0.9596427076629939,1.2631682007754441,0.4411814593336767,Medical Care Facilities,Healthcare,RHE
2010Q3,2010,Q3,2010-09-30,2010-09-30,-1499764.0,13274686.0,-759929.0,-2.068035,5031621.0,0.3790387960965706,49187770.0,13545365.0,12860567.0,8252412.0,34978822.0,0.0,-11505553.0,8737812.0,29875386.0,18.602412137043004,1.5584009862813442,0.5406280463619311,1.963202025194596,-0.01905644068838944,18.602412137043004,-0.11072156416604499,0.6582311626806088,-1.4565311609026486,0.6450776335669065,0.0,0.0,0.0,0.26987777652859646,1.4780289689850676,-0.030490587396013277,-9.445619497008318,0.3790387960965706,-0.8136362440474627,-10.934763879616161,-0.44126401413847977,0.0,1.2271663945205455,-1.4584642671558141,-1.8094012828333241,-2.900735415847131,0.12736595550982663,0.32344309194334786,Medical Care Facilities,Healthcare,RHE
2010Q2,2010,Q2,2010-06-30,2010-06-30,-610041.0,6224213.0,-270495.0,-1.14027,2259203.0,0.3629700654524516,42528030.0,13590813.0,10632241.0,4125442.0,28129735.0,0.0,-10005789.0,6610812.0,27373154.0,24.670154891713757,2.5772368148673523,0.5530318944940549,1.7305334861130088,-0.006911431041635723,24.670154891713757,-0.044886277222709194,1.062112109595221,-2.7091670887694432,0.48641769995658096,0.0,0.0,0.0,0.1463555448018636,2.477778138681867,-0.014344445298782944,-11.084489991649928,0.3629700654524516,-3.199998070634086,0.6554046896055312,-0.66123040605304,0.0,-0.023492427667562547,-2.4897179738266817,-1.3751382961909278,-0.8998972985859076,-0.29728944032645904,0.9028511543758512,Medical Care Facilities,Healthcare,RHE
2010Q1,2010,Q1,2010-03-31,2010-03-31,409501.0,6374518.0,-113886.0,0.518305,2313554.0,0.36293787232226815,30557779.0,8488654.0,6082093.0,4051517.0,22066501.0,0.0,-9395748.0,6251148.0,19965072.0,16.295222573517695,1.5011890607888354,0.5659188450836038,2.037216147577696,-0.004306640186683362,16.295222573517695,0.04824098143239199,0.9806463798517786,3.8163203508660537,0.7364121567447561,0.0,0.0,0.0,0.20860540944418768,1.364123857804373,0.013400875763909413,-24.099139144078677,0.36293787232226815,72.46328293884484,1.3446992848219412,-0.7934855217452303,0.0,-0.17052300826195013,155.58701396753492,-1.330668881075227,3.1302970670866554,-0.232636701369902,0.24201363574263324,Medical Care Facilities,Healthcare,RHE
2009Q4,2009,Q4,2009-12-31,2009-12-31,-2649.0,6783585.0,344411.0,-0.007252745447526428,2789172.0,0.4111648928995509,30104437.0,7766552.0,7002786.0,4344509.0,22028629.0,0.0,-9805249.0,4382892.0,17335200.0,21.264184469980094,1.6118705243791647,0.5790976260409719,2.244677947176559,0.008696327095039048,21.264184469980094,-0.00034107799703137246,0.646102613883367,-413.6364665911665,0.5643291900961972,0.0,0.0,0.0,0.2253350560915655,1.487125012285623,-8.799367349072164e-05,43.55625782600918,0.4111648928995509,-1.0139931998485958,-1.0028195732301177,-0.4142708820348566,1.1249693481788174,-0.06410502046997217,-1.013243874270687,-0.30898610392163944,0.9947927109748187,0.14472357976152064,0.582833408739815,Medical Care Facilities,Healthcare,RHE
2009Q3,2009,Q3,2009-09-30,2009-09-30,200017.0,6909499.0,498414.0,0.518305,2980219.0,0.43132201046703966,26977926.0,5131052.0,4637589.0,4258591.0,21558885.0,0.0,-9802600.0,4382892.0,19551704.0,14.048400918845365,1.0889961022319354,0.6375650226040356,3.3521745638126452,0.021157550484300864,14.048400918845365,0.03898167471309977,0.6343284802559491,5.478149357304629,0.8541897451049024,0.0,0.0,0.0,0.2561167600504205,0.9868578597944719,0.007414098474434247,11.901753128258603,0.43132201046703966,0.25,1.3001654790051191,-0.3621292496532891,0.0,0.026458643817126065,0.35972563068911834,-0.05488850121359223,1.1610861572097926,-0.356420650399389,1.8314359160223204,Medical Care Facilities,Healthcare,RHE
2009Q2,2009,Q2,2009-06-30,2009-06-30,147101.0,6613127.0,527360.0,0.414644,2903399.0,0.43903572394723406,26910467.0,4832574.0,4496089.0,4220787.0,21783705.0,0.0,-10002617.0,4382892.0,19989276.0,13.231192555052692,1.0652252767078747,0.6471455140484927,3.6036671140472967,0.022259549016085296,13.231192555052692,0.03043947180115607,0.6627563632151628,7.448780089870226,0.9069477259944699,0.0,0.0,0.0,0.24574553091181955,0.9379321913188228,0.005466311677162644,10.007265321219899,0.43903572394723406,0.3333333333333333,0.022441204570582084,-0.439838900606687,0.0,0.09679770017679325,0.5352766819045234,0.30558567658432484,1.1245317793391842,-0.3790888090530743,0.5824538246511471,Medical Care Facilities,Healthcare,RHE
2009Q1,2009,Q1,2009-03-31,2009-03-31,95814.0,6384889.0,403926.0,0.310983,2647160.0,0.4145976539294575,26769908.0,4640974.0,4213788.0,4264513.0,21851623.0,0.0,-10149718.0,4382892.0,20422954.0,12.70660741811571,0.9881053241014859,0.6571588142925258,3.790601067793097,0.016480328938124258,12.70660741811571,0.020645235245877268,0.6864476422377899,11.435938380612436,0.9443905525004019,0.0,0.0,0.0,0.23850993436361456,0.8670192821548439,0.0035791680718514234,10.6387845805429,0.4145976539294575,1.384270211422849,-0.33403456417885835,-0.4591716684490907,0.0,0.10465135688222549,1.3241526068819924,1.8022977501196744,1.077110188893536,-0.37613171190775185,0.07109874287597583,Medical Care Facilities,Healthcare,RHE
2008Q4,2008,Q4,2008-12-31,2008-12-31,-295583.0,6598456.0,144141.0,-0.8092820904553432,2396376.0,0.3631722330193609,26839527.0,4521435.0,4030142.0,4570164.0,22048899.0,0.0,-10245532.0,4382892.0,20848746.0,12.379319408281107,0.8818375007986584,0.6606736772969211,3.921801153837222,0.01215579345810464,12.379319408281107,-0.06537371431857364,0.6642299350029764,-3.7069892382173535,0.9693586217649928,0.0,0.0,0.0,0.2458484458388555,0.7771292233714151,-0.011012973514771702,45.35652785826641,0.3631722330193609,0.5662771897616303,-1.3146160491045233,-0.43025585839761604,0.23708832243483235,0.18465216436990942,0.55514569214492,1.502992319422683,0.7835769158891808,-0.43562426142480626,-0.25806402761873115,Medical Care Facilities,Healthcare,RHE
2008Q3,2008,Q3,2008-09-30,2008-09-30,-664449.0,6185760.0,-286567.0,-1.865897,2022852.0,0.327017537052844,27357925.0,4401438.0,4509811.0,5269252.0,22715634.0,0.0,-9949949.0,4382892.0,19960671.0,12.050777431887438,0.8558730916646233,0.6410973419950526,3.9848551768762843,-0.013273653147732907,12.050777431887438,-0.1509617993028642,0.7085454333824784,-1.6490701317934107,0.9957863770885789,0.0,0.0,0.0,0.22610486723682444,0.7661647231903124,-0.024287258627984396,128.62485693323552,0.327017537052844,-44.968717492183075,0.0028614949755646226,-0.42894334702636616,0.0,-0.12772723764250932,-29.935635587684537,-728.178117048346,-9.774819753198836,-0.48094021882349003,0.0,Medical Care Facilities,Healthcare,RHE
2008Q2,2008,Q2,2008-06-30,2008-06-30,22963.0,6016536.0,-393.0,0.0424369212118076,2319059.0,0.3854475399133322,26706033.0,4826925.0,4167241.0,5066448.0,21587697.0,0.0,-9285499.0,4382892.0,20083024.0,13.215726054851455,0.8225172744297385,0.6273288136804145,3.470835780543514,-1.2443942841494298e-05,13.215726054851455,0.004757273005070516,0.7284743247609587,47.716892392109045,0.90800913625134,0.0,0.0,0.0,0.22528752211157682,0.7078266667298273,0.0008598431672723537,-230.89727109893585,0.3854475399133322,1.1023454365957486,-0.8403932170375846,-0.490372796364043,0.0,-0.03579243663063973,1.1646470875039436,-1.0025322980766134,1.0195646913925889,-0.5060755391594749,0.0,Medical Care Facilities,Healthcare,RHE
2008Q1,2008,Q1,,2008-03-31,-139468.0,5992542.0,155195.0,-0.414644,2405145.0,0.40135638598778284,24328648.0,4772222.0,4013011.0,5135921.0,19249426.0,0.0,-9308822.0,4382892.0,17780556.0,13.065953712754045,0.7813615123752877,0.587112937800736,2.9930845631238445,0.008816975418386868,13.065953712754045,-0.02922496061583053,0.7313911191611173,-7.856447357099837,0.9184174583663542,0.0,0.0,0.0,0.24631627700807707,0.6608524547009192,-0.005732665456789872,-29.34153640167364,0.40135638598778284,0.4329028724485402,-1.9693872231939276,-0.49240519426277424,0.0,0.005719081334142878,0.47775160735883887,15.446150982034814,0.8325600827190482,-0.7231061873983373,0.0,Medical Care Facilities,Healthcare,RHE
2007Q4,2007,Q4,2008-03-31,2007-12-31,-267053.0,6064705.0,-10743.0,-0.7311692827475558,2391468.0,0.3943255277874192,24491443.0,4894602.0,3992181.0,5158840.0,19341771.0,0.0,-9169354.0,4382892.0,17861994.0,13.401020148340411,0.7738524552031076,0.5881942930026622,2.9431865961726817,,13.401020148340411,-0.05456071811354631,0.72268840776262,-4.103017004115288,0.8954542167064861,0.0,0.0,0.0,0.2476254665762242,0.6859995657938607,-0.010903930813713181,31.061870136497003,0.3943255277874192,-1.705347226145592,-1.2842489580304357,-0.47634262556320967,0.3391887701948995,0.10720211859698507,-1.6747426001490708,-1.1312490837120657,-1.2842489580304357,-0.47634262556320967,0.3391887701948995,Medical Care Facilities,Healthcare,RHE
2007Q3,2007,Q3,2007-11-14,2007-09-30,395785.0,5906326.0,81852.0,1.036609,2159920.0,0.3656960350647763,24628160.0,5133854.0,4343030.0,4590436.0,19265491.0,0.0,-8902301.0,4382892.0,17474145.0,14.05607256578533,0.9461040302054097,0.5790142665956368,2.777651253814386,,14.05607256578533,0.07709315457743832,0.7420674036617687,2.7684803618126,0.8537235379112846,0.0,0.0,0.0,0.23982002715590608,0.8367316307209163,0.016070425074386392,-7.486159742837329,0.3656960350647763,2.999998070634086,1.593954484409031,-0.4547401197377281,0.0,-0.026407861867400854,2.8591929725667042,0.4414116155390413,1.593954484409031,-0.4547401197377281,0.0,Medical Care Facilities,Healthcare,RHE
2007Q2,2007,Q2,2007-08-14,2007-06-30,-212880.0,5872377.0,56786.0,-0.518305,2218506.0,0.37778671226319427,25102191.0,4735290.0,4443146.0,4537208.0,20142634.0,0.0,-9298083.0,4382892.0,17414795.0,12.964836915899365,0.979268748534341,0.5710370461287623,3.0271178745124376,,12.964836915899365,-0.04495606393695001,0.7463573949697031,-5.147139233370913,0.9255804818712264,0.0,0.0,0.0,0.2339388223123631,0.8445138508086911,-0.00848053462743551,-9.338475338615963,0.37778671226319427,-0.25,-2.4796451664433654,-0.5025837011186985,0.0,0.03873679459380749,-0.5794979855613347,-0.69109671382955,-2.4796451664433654,-0.5025837011186985,0.0,Medical Care Facilities,Healthcare,RHE
2007Q1,2007,Q1,2007-05-15,2007-03-31,-134777.0,5824348.0,183831.0,-0.414644,2135773.0,0.36669735393558217,24787187.0,4791963.0,4373520.0,4970401.0,19807091.0,0.0,-9085202.0,4382892.0,16973993.0,13.120002956951712,0.8799129084353556,0.5809240879168741,3.004921782576368,,13.120002956951712,-0.0281256345259761,0.7525120408327249,-8.12989605051307,0.9146339402036284,0.0,0.0,0.0,0.23497414208397266,0.807399644415008,-0.0054373656841335,-18.568586414051975,0.36669735393558217,0.7022960248392994,-1.9367819268965498,-0.5066519697974583,0.0,-0.03173622344245291,0.7350612333156415,-0.24659117455399407,-1.9367819268965498,-0.5066519697974583,0.0,Medical Care Facilities,Healthcare,RHE
