Quarters,Year,Quarter,FillingDate,Date,NetIncome,Revenue,OperatingIncome,EPSDiluted,GrossProfit,GrossProfitRatio,TotalAssets,CommonStockEquity,CurrentAssets,CurrentLiability,TotalLiability,Inventory,RetainedEarnings,MarketCap,EnterpriseValue,bookValuePerShare,currentRatio,debtToAssets,debtToEquity,roic,shareholdersEquityPerShare,roe,priceToSalesRatio,peRatio,pbRatio,payoutRatio,inventoryTurnover,dividendYield,assetTurnover,quickRatio,returnOnAssets,priceToFreeCashFlowsRatio,grossProfitMargin,epsdilutedGrowth,fiveYNetIncomeGrowthPerShare,fiveYRevenueGrowthPerShare,fiveYShareholdersEquityGrowthPerShare,grossProfitGrowth,netIncomeGrowth,operatingIncomeGrowth,threeYNetIncomeGrowthPerShare,threeYRevenueGrowthPerShare,threeYShareholdersEquityGrowthPerShare,Industry,Sector,Symbol
2023Q1,2023,Q1,2023-04-27,2023-03-31,33311000.0,752990000.0,249918000.0,1.04,140824000.0,0.1870197479,3712977000.0,2171641000.0,3628624000.0,364937000.0,1541336000.0,2741187000.0,1590832000.0,2039969342.88,2810646342.88,68.04577392522388,9.943151831686016,0.31683444308973635,0.5417097024784483,0.05650060117632691,68.04577392522388,0.015339091498088313,2.7091586115087853,15.310027790219447,0.9393676684498036,0.22109813575095313,0.22332150269208192,0.003610348373962423,0.20279953255837566,1.2564059001964722,0.008971507229912816,11.982480310139445,0.18701974793821963,-0.5789473684210527,0.5388951013936827,0.7329789411193807,1.6516496171320687,-0.3793838966991318,-0.580935726955931,1.002772746942766,0.32669060048769083,0.30019502307105383,1.0835319545031015,Residential Construction,Consumer Cyclical,CCS
2022Q4,2022,Q4,2023-02-02,2022-12-31,79489000.0,1179133000.0,124786000.0,2.47,226910000.0,0.1924380032,3773767000.0,2150215000.0,3690828000.0,406514000.0,1623552000.0,2830645000.0,1565094000.0,1588957027.86,2509271027.8599997,67.67473900463119,9.079214983985791,0.32249950778625175,0.5660075852879828,0.028647953161395928,67.67473900463119,0.03696793111386536,1.347563869266656,4.997411679163155,0.7389758828117189,0.07993558857200367,0.3363978881138398,0.003998849489691699,0.31245516747589347,0.8598006464722002,0.021063568577498294,4.3505178265440785,0.19243800317691048,-0.4436936936936937,3.0691885550185485,0.980983616137187,1.5743041491738092,-0.21324355435973538,-0.44980030870820153,-0.2864070452336021,0.518781480923233,0.5167999641095984,1.064753833604569,Residential Construction,Consumer Cyclical,CCS
2022Q3,2022,Q3,2022-10-27,2022-09-30,144473000.0,1144291000.0,174870000.0,4.44,288412000.0,0.2520442789,3880064000.0,2072000000.0,3785346000.0,596469000.0,1808064000.0,3107734000.0,1491985000.0,1377370077.42,2655762077.42,64.35464328224334,6.346257726721758,0.3547866736218784,0.6643798262548263,0.04237518276257653,64.35464328224334,0.06972635135135136,1.2036886398826872,2.383438561911222,0.6647538983687259,0.04467962871955313,0.27540291414902307,0.004686467425001047,0.2949154962392373,0.23497952114862633,0.03723469509781282,55.75042813162795,0.2520442789465267,-0.07112970711297067,11.056985120973934,1.3816590954105652,1.5076712557805578,-0.12349832395782999,-0.08946353391988303,-0.2047423496186747,4.078915564837374,0.841416459935402,1.0694809439498303,Residential Construction,Consumer Cyclical,CCS
2022Q2,2022,Q2,2022-07-28,2022-06-30,158668000.0,1166142000.0,219891000.0,4.78,329049000.0,0.2821688954,3772735000.0,1951164000.0,3522824000.0,455156000.0,1821571000.0,3002338000.0,1354114000.0,1476787907.94,2774455907.94,59.41533283705958,7.739816678237791,0.3646370603819245,0.7050555463302931,0.04885127286038127,59.41533283705958,0.08131966354442784,1.2663877194544062,2.3268521503075603,0.756875335922557,0.041394610129326645,0.2788137111810862,0.004447490370612412,0.3090972464273266,0.3473995728936892,0.04205649217344976,-6.4521801973942905,0.2821688953832381,0.1380952380952381,6.2147518764582745,1.6948395868854271,1.5215623731826704,0.12967724880440268,0.11349090500785987,0.17568651353779033,8.461095064860187,0.7379545397327488,1.0092506221246151,Residential Construction,Consumer Cyclical,CCS
2022Q1,2022,Q1,2022-04-28,2022-03-31,142496000.0,1016350000.0,187032000.0,4.2,291277000.0,0.2865912333,3495501000.0,1829862000.0,3416043000.0,461650000.0,1665639000.0,2680195000.0,1202085000.0,1796234777.7,2791177777.7,54.57288131650453,7.399638254088595,0.34443960965824355,0.6579671035302116,0.04626705067934584,54.57288131650453,0.07787253902206832,1.767338788507896,3.1513775434047275,0.9816230828882179,0.04671710083090052,0.2705299427840139,0.0037060856869300775,0.2907594648091933,0.5525484674536987,0.04076554405219738,17.339512488416094,0.28659123333497316,-0.12133891213389122,9.389975538096783,1.855959954837819,1.3646935724438698,-0.09026825619419138,-0.1362098856734115,-0.11851370076068207,6.498720133934368,0.7174407495899138,0.8828726278007532,Residential Construction,Consumer Cyclical,CCS
2021Q4,2021,Q4,2022-02-03,2021-12-31,164966000.0,1206802000.0,212178000.0,4.78,320179000.0,0.2653119567,3496876000.0,1764508000.0,3288613000.0,232080000.0,1732368000.0,2456614000.0,1066325000.0,2761307282.6000004,3793168282.6000004,52.264776987844535,14.170169769045156,0.385535832554543,0.7640492420550091,0.052704152473548246,52.264776987844535,0.0934912168151122,2.288119577693773,4.184661206854746,1.5649162727513846,0.03070329643684153,0.3609126220073646,0.0018342761169379462,0.3451086055096034,1.6015942778352292,0.04717525013755135,-9.56310141993309,0.26531195672529545,0.4441087613293052,5.734892285212107,1.4980037755160105,1.292528990769525,0.27370045787800795,0.4473621871079253,0.3160529204890121,4.7223044270977885,0.6819099272318896,0.8656378315249459,Residential Construction,Consumer Cyclical,CCS
2021Q3,2021,Q3,2021-10-28,2021-09-30,113977000.0,958032000.0,161223000.0,3.31,251377000.0,0.26238893899159943,3210872000.0,1601017000.0,3011032000.0,229472000.0,1609855000.0,2162682000.0,906473000.0,2074609763.0,3024869763.0,47.4221689325001,13.121566029842421,0.44914247593800066,0.9007643266748573,0.04120371581569609,47.4221689325001,0.07119037461813335,2.165491093199392,4.550500897110821,1.295807454261885,0.0444124691823789,0.32674937878060667,0.002439976949052852,0.298371283564091,2.342882791800307,0.035497210726556525,-32.93083641010175,0.26238893899159943,-0.04610951008645537,4.2311383341354,1.3150002631585458,1.2001615932180458,-0.006713398346741691,-0.03335594945297261,0.05086038326163473,4.9868935346905205,0.5272527655153708,0.7051579186587681,Residential Construction,Consumer Cyclical,CCS
2021Q2,2021,Q2,2021-07-29,2021-06-30,117910000.0,1042912000.0,153420000.0,3.47,253076000.0,0.2426628517075266,2894253000.0,1488658000.0,2722449000.0,201630000.0,1405595000.0,1948769000.0,797613000.0,2244965512.44,3060906512.44,44.123307360895325,13.502202053265883,0.42683103377624554,0.8298460761303134,0.04341933040372469,44.123307360895325,0.07920556635573785,2.1525934234527937,4.759913307692308,1.5080465173599311,0.0,0.405299961154965,0.0,0.3603389199216516,2.295814114963051,0.04073935485253017,49.00708403239538,0.2426628517075266,0.15666666666666673,4.49136691173155,1.4584648583949078,1.115148050943255,0.13111141900679804,0.159937827096368,0.16589406489854852,2.1482880282837895,0.7377789441481762,0.6416026693022742,Residential Construction,Consumer Cyclical,CCS
2021Q1,2021,Q1,2021-04-29,2021-03-31,101652000.0,1008569000.0,131590000.0,3.0,223741000.0,0.22184005258936176,2951684000.0,1373169000.0,2784096000.0,239213000.0,1578515000.0,1853199000.0,684823000.0,2024574628.96,3005219628.96,40.91207747799772,11.638564793719405,0.5026117294398723,1.0803848615865927,0.03553540289068906,40.91207747799772,0.07402730472359921,2.0073734459020653,4.9791805103687095,1.4743812516594825,0.0,0.42349904138735234,0.0,0.3416927421770081,2.2584349512777315,0.03443864587130601,21.72127231817353,0.22184005258936176,0.10294117647058816,6.825315396161315,2.366768964037226,1.0259596844592418,0.03153036855354031,0.10711524009714976,0.08462533897117612,3.4653107913357992,1.2071106638657503,0.5942870265510505,Residential Construction,Consumer Cyclical,CCS
2020Q4,2020,Q4,2021-02-05,2020-12-31,91817000.0,987778000.0,121323000.0,2.72,216902000.0,0.21958577737102872,2845093000.0,1280705000.0,2694546000.0,222677000.0,1564388000.0,1929664000.0,583171000.0,1460090712.74,2495865712.74,38.40122015075396,12.100692931914836,0.5025410417163868,1.1163976091293468,0.03371029793904597,38.40122015075396,0.07169254434081229,1.4781567444709236,3.9755456852761477,1.1400679412823407,0.0,0.3994871646048224,0.0,0.34718654188105624,1.9173197052232607,0.032272055781656345,63.603881893186966,0.21958577737102872,0.8378378378378379,3.311694002263099,1.9590242424265747,0.9325564394746388,0.44178409997341134,0.8450486295313882,0.8770770801745211,3.477907270833977,0.5809882974743281,0.46075805864072494,Residential Construction,Consumer Cyclical,CCS
2020Q3,2020,Q3,2020-10-29,2020-09-30,49764000.0,794361000.0,64634000.0,1.48,150440000.0,0.189384927004221,2591361000.0,1184957000.0,2429848000.0,241643000.0,1406404000.0,1872337000.0,491354000.0,1411732294.8899999,2383243294.89,35.5302701450974,10.055528196554421,0.4861738677088989,1.063204825153993,0.02013493853367846,35.5302701450974,0.041996460631060877,1.7771923532122043,7.092136358060043,1.1913785014055362,0.0,0.3439129814771593,0.0,0.30654200630479506,1.3228440302429618,0.01920380834627055,10.067334822968144,0.189384927004221,0.2869565217391305,1.9046599844407828,1.685295739266036,0.853352747639003,0.06952175798551126,0.2942522756827048,0.1979241960893337,3.00934194683315,0.5961246762913215,0.38448808988368255,Residential Construction,Consumer Cyclical,CCS
2020Q2,2020,Q2,2020-07-29,2020-06-30,38450000.0,776444000.0,53955000.0,1.15,140661000.0,0.18116052155725332,2551782000.0,1129488000.0,2408512000.0,223568000.0,1422294000.0,1898503000.0,441590000.0,1022210041.44,2159737041.44,33.877677459728474,10.773062334502255,0.51377743083069,1.1607453996855213,0.016838715548637334,33.877677459728474,0.03404197300015582,1.3165277102276534,6.646359177113134,0.9050207186264928,0.0,0.3348864868793992,0.0,0.3042752084621649,0.9415166750161025,0.015067901568394165,5.557513015282739,0.18116052155725332,0.4743589743589742,1.4195848126610842,1.532247835140971,0.8176941230905078,0.2984491830517862,0.4717140013779377,0.5544063841433551,0.7220892044041769,0.7673349553028799,0.4377547460272308,Residential Construction,Consumer Cyclical,CCS
2020Q1,2020,Q1,2020-04-30,2020-03-31,26126000.0,602609000.0,34711000.0,0.78,108330000.0,0.17976830747632377,2910438000.0,1084533000.0,2760666000.0,708776000.0,1825905000.0,2074509000.0,403140000.0,481847035.28,1603799035.28,32.658857848643855,3.8949766922130546,0.5404427099976017,1.450324701968497,0.009943283868870969,32.658857848643855,0.024089631205320632,0.7996014584581378,4.610799924213427,0.4442898789432871,0.0,0.23826312635905653,0.0,0.20705096621195848,0.672470568980891,0.008976655747347994,-31.99090660470057,0.17976830747632377,-0.5214723926380368,1.5406678631269783,1.3790876526735083,0.7976363975017405,-0.26794161373158537,-0.5103639566700401,-0.45287033826171935,0.9234657155205922,0.7097952700049945,0.41513860685032145,Residential Construction,Consumer Cyclical,CCS
2019Q4,2019,Q4,2020-02-07,2019-12-31,53358000.0,792542000.0,63442000.0,1.63,147980000.0,0.18671565670967596,2499967000.0,1061699000.0,2350539000.0,278669000.0,1438268000.0,1995549000.0,377014000.0,885932085.3000001,1989301085.3000002,32.77617791680628,8.434877937624924,0.46352811857116516,1.0914628345698734,0.02800456977661799,32.77617791680628,0.050257182120356146,1.1178361339840666,4.150886864668841,0.8344475084746242,0.0,0.32299983613531913,0.0,0.31702098467699774,0.35481879936412014,0.021343481733958888,11.70737363788934,0.18671565670967596,0.8735632183908045,3.807608102374314,2.642706829400209,0.8827917110484564,0.37361923326835605,0.9744671403197158,0.8180307198532784,1.2704251196435197,0.7098215477955552,0.4376859983230015,Residential Construction,Consumer Cyclical,CCS
2019Q3,2019,Q3,2019-10-30,2019-09-30,27024000.0,590362000.0,34896000.0,0.87,107730000.0,0.18248125726249317,2489562000.0,951179000.0,2334490000.0,493333000.0,1538383000.0,2093493000.0,323656000.0,936894726.81,2168636726.81,31.096997278658428,4.732077521674001,0.5102303136053651,1.3354479020247503,0.01209010548421109,31.096997278658428,0.028411056173443694,1.5869834555916538,8.667246954651421,0.9849825603908412,0.0,0.23053910378491832,0.0,0.2371348855742496,0.15426699612634873,0.010854921468113668,-15.277782382264691,0.18248125726249317,0.7058823529411764,3.5199733749180044,3.431343574235612,0.7852861992674441,0.003091305238458817,0.7440464666021297,0.08436655169199217,0.36898707450128504,0.574563416742345,0.44275178923798203,Residential Construction,Consumer Cyclical,CCS
2019Q2,2019,Q2,2019-07-31,2019-06-30,15495000.0,619950000.0,32181000.0,0.51,107398000.0,0.17323655133478508,2410373000.0,897229000.0,2257774000.0,448795000.0,1513144000.0,2009769000.0,296632000.0,801929228.04,1991042228.04,29.570891845355167,5.030746777481924,0.5064846810016541,1.3606526316024115,0.01120985073524388,29.570891845355167,0.017269838580785953,1.2935385563997095,12.938516102613747,0.8937843382681567,0.0,0.2550303044777783,0.0,0.2572008564649538,0.13925066010093695,0.006428465635816531,-21.90883883943939,0.17323655133478508,-0.08928571428571436,0.6909482272813607,3.5225432330482915,0.4391453431787126,0.16918688831553394,-0.09475959572354968,0.40399633523842765,-0.19756585304107996,0.6250285754892225,0.41754591830052723,Residential Construction,Consumer Cyclical,CCS
2019Q1,2019,Q1,2019-05-03,2019-03-31,17117000.0,533057000.0,22921000.0,0.56,91857000.0,0.1723211589004553,2323065000.0,875406000.0,2173296000.0,499949000.0,1447659000.0,1943792000.0,281137000.0,721253442.8399999,1866060442.84,28.983841238505416,4.347035397610556,0.5092074479190207,1.351283861431153,0.008215908263395112,28.983841238505416,0.019553213023442838,1.3530512550065001,10.534168412104925,0.8239073559468406,0.0,0.22697901833117948,0.0,0.22946280022298127,0.12883314098038,0.007368282850458339,-11.508751281953087,0.1723211589004553,-0.3411764705882352,1.8731791315939734,5.067054313654335,0.7981944958487027,-0.15964210892257585,-0.3465297396350309,-0.37126947553214834,0.46430806393784246,0.9774259588144973,0.43527528959042766,Residential Construction,Consumer Cyclical,CCS
2018Q4,2018,Q4,2019-02-13,2018-12-31,26194000.0,651946000.0,36456000.0,0.85,109307000.0,0.16766265917729384,2254255000.0,859359000.0,2116551000.0,385791000.0,1394896000.0,1848243000.0,264020000.0,529460614.3600001,1588390614.3600001,28.01442815142961,5.486263287635015,0.4843427207658406,1.2705190729369216,0.01357129358533202,28.01442815142961,0.03048085840725471,0.8121234187494057,5.053262334504085,0.6161110948509296,0.0,0.2935972163833435,0.0,0.2892068554799701,0.26328504293775645,0.011619803438386518,30.239340588268895,0.16766265917729384,0.5178571428571427,2.6041913905084,3.299804774995537,0.3280703711277764,0.1574717268838155,0.5364852182074143,0.5538979583137974,0.33732779069305385,1.1233031913121323,0.40983706532517394,Residential Construction,Consumer Cyclical,CCS
2018Q3,2018,Q3,2018-11-07,2018-09-30,17048000.0,561729000.0,23461000.0,0.56,94436000.0,0.16811665411613072,2152494000.0,840793000.0,2015777000.0,398441000.0,1311701000.0,1834897000.0,237826000.0,785739452.24,1850594452.24,27.811012935271776,5.059160578354136,0.5021068583698723,1.2854317293317141,0.009105931688900672,27.811012935271776,0.02027609649461877,1.3987874085902634,11.522457945800092,0.9345218766569179,0.0,0.25466988065270146,0.0,0.2609665810915152,0.12254511960365524,0.007920114992190454,-5.593884925959677,0.16811665411613072,-0.4909090909090909,2.9493731340233365,6.64592396685856,0.0,-0.039014958787015365,-0.4863977344620854,-0.32264118258459407,0.09770402868966872,1.0947531656926435,0.45069590036094864,Residential Construction,Consumer Cyclical,CCS
2018Q2,2018,Q2,2018-08-03,2018-06-30,33193000.0,531892000.0,34636000.0,1.1,98270000.0,0.18475555187895287,1985673000.0,803706000.0,1867038000.0,288640000.0,1181967000.0,1696931000.0,220778000.0,943401506.0500001,1884193506.0500002,26.87818933655178,6.4683966186252775,0.48360127775318495,1.194807554006067,0.014015511377637107,26.87818933655178,0.04129992808315479,1.7736711701811647,7.105425135194168,1.173814188335038,0.0,0.25553307706677525,0.0,0.26786484985191417,0.15682511086474502,0.016716246834196768,-22.740785972038086,0.18475555187895287,0.6417910447761195,2.449398701776563,4.240789465331572,0.0,0.2763829538517489,0.6580748289125331,0.6921197909033172,1.3289587813347756,0.9341507443096009,0.4421392037409079,Residential Construction,Consumer Cyclical,CCS
2018Q1,2018,Q1,2018-05-09,2018-03-31,20019000.0,401846000.0,20469000.0,0.67,76991000.0,0.1915932969346466,1740485000.0,757418000.0,1608951000.0,111620000.0,983067000.0,1480208000.0,187584000.0,883990153.4499999,1704772153.4499998,25.661676220563336,14.41454040494535,0.4888108774278434,1.123247665093779,0.011027045438820373,25.661676220563336,0.026430583904792335,2.199823199559035,11.039389498101801,1.167110041549052,0.0,0.21946577778258192,0.0,0.2308816220766051,0.40063608672280954,0.011501966405915592,-18.831941233676314,0.1915932969346466,0.09836065573770501,2.892830740078999,8.405329255680039,0.0,-0.16877915011228192,0.16423378889211981,-0.31580706621653243,1.190324844051483,0.7849483638028832,0.4124916250525001,Residential Construction,Consumer Cyclical,CCS
2017Q4,2017,Q4,2018-03-01,2017-12-31,17195000.0,523944000.0,29917000.0,0.61,92624000.0,0.17678225153833235,1735022000.0,735233000.0,1605552000.0,110699000.0,999789000.0,1390354000.0,168148000.0,869798486.7,1653887486.7,26.28855608469984,14.503762454945392,0.5031181160815252,1.1872712459859665,0.009450604179973456,26.28855608469984,0.023387143939404244,1.660098191218909,12.646096055539402,1.1830242748897288,0.0,0.3102231518016275,0.0,0.3019811852529824,0.9447601152675272,0.009910537157453912,200.09166935817805,0.17678225153833235,0.6486486486486487,1.5950325583384348,2.7901517021379405,0.24625254697690582,0.4518551029045253,0.8157338965153115,0.696744555353902,0.7943887472153063,1.7891485538229663,0.5101173668674122,Residential Construction,Consumer Cyclical,CCS
2017Q3,2017,Q3,2017-11-03,2017-09-30,9470000.0,379716000.0,17632000.0,0.37,63797000.0,0.16801240927429975,1631008000.0,653012000.0,1538113000.0,114737000.0,977996000.0,1352989000.0,150953000.0,628505134.4,1400929134.4,25.6631100005219,13.405553570339123,0.5094677647197317,1.272481975828928,0.007424126276412173,25.6631100005219,0.014502030590555763,1.6551979226579865,16.59200460401267,0.9624710333041352,0.0,0.23349709421140896,0.0,0.2328106299907787,0.7155843363518307,0.005806225352665346,-6.696840037932467,0.16801240927429975,-0.43939393939393945,1.6065443179528105,5.140764330530315,0.0,0.1653484336469084,-0.3614725911941204,-0.14095006090133982,0.9040052630227674,2.4261616252932994,0.47332540513990917,Residential Construction,Consumer Cyclical,CCS
2017Q2,2017,Q2,2017-08-04,2017-06-30,14831000.0,291824000.0,20525000.0,0.66,54745000.0,0.18759594824277648,1405506000.0,521827000.0,1336456000.0,75015000.0,883679000.0,926992000.0,141483000.0,549223875.2,1010388875.2,23.562904280676836,17.815850163300674,0.5677321903997564,1.5291485492318335,0.009980942726381465,23.562904280676836,0.02842129671327854,1.8820380612972205,9.258038486953003,1.0525018352825746,0.0,0.2557508586913371,0.0,0.20762913854512183,4.676304739052189,0.01055207163825697,-17.571228051316506,0.18759594824277648,0.6097560975609758,1.0809746938323177,2.8823415105665555,0.0,0.2415521386129632,0.6855324468689624,0.8861422532622679,1.2174320339785958,1.916676221198792,0.14675080293962414,Residential Construction,Consumer Cyclical,CCS
2017Q1,2017,Q1,2017-05-05,2017-03-31,8799000.0,228316000.0,10882000.0,0.41,44094000.0,0.19312706950016645,1026026000.0,496465000.0,956870000.0,62063000.0,529561000.0,884072000.0,126652000.0,546412140.6,970895140.6,23.078204276634626,15.417720703156471,0.4365854276597279,0.9022750848498887,0.008413118309696693,23.078204276634626,0.017723303757565992,2.3932275469086703,15.5248363620866,1.1006055625270663,0.0,0.20837895556018063,0.0,0.22252457540062337,0.5369866103797754,0.008575806071191178,-47.456326263679,0.19312706950016645,-0.4305555555555556,1.3475801914622736,6.331868689038282,0.0,-0.21630172046068535,-0.41624096065813043,-0.4950816629547142,1.0736493674585106,2.6484427208423265,0.4318012427277677,Residential Construction,Consumer Cyclical,CCS
2016Q4,2016,Q4,2017-02-15,2016-12-31,15073000.0,297289000.0,21552000.0,0.72,56264000.0,0.18925691835217584,1007528000.0,473636000.0,938608000.0,55636000.0,533892000.0,857885000.0,117853000.0,436284450.0,860922450.0,22.797869600899137,16.870515493565318,0.4506951667844467,0.9587277994071397,0.01599495587047233,22.797869600899137,0.03182401675548311,1.4675431987056367,7.23619136867246,0.9211387014500587,0.0,0.28095257522861455,0.0,0.29506773012759946,0.6835322453087929,0.014960378272365632,30.774102419411722,0.18925691835217584,0.12499999999999993,2.062302925809068,1.8950654146750403,0.08077077205103285,0.1176131736289057,0.12974066856543248,0.11098510232486211,2.062302925809068,1.8950654146750403,0.08077077205103285,Residential Construction,Consumer Cyclical,CCS
2016Q3,2016,Q3,2016-11-02,2016-09-30,13342000.0,253413000.0,19399000.0,0.64,50343000.0,0.1986598951119319,1001371000.0,445596000.0,952235000.0,84803000.0,555775000.0,873613000.0,102780000.0,444687436.71000004,877664436.71,21.553948163933953,11.228789075858165,0.44971444150070256,1.0106262174705338,0.014641263540053242,21.553948163933953,0.02994192048402589,1.7547933085911143,8.332473330647579,0.9979610156060648,0.0,0.23244846402239894,0.0,0.2530660464503166,0.2957560463662842,0.013323733161835124,-15.073128489932888,0.1986598951119319,0.015873015873015886,3.519948617660232,4.044171574897683,0.0,0.0010937002863506205,0.015218383807639629,0.02613065326633166,3.519948617660232,4.044171574897683,0.0,Residential Construction,Consumer Cyclical,CCS
2016Q2,2016,Q2,2016-08-03,2016-06-30,13142000.0,259642000.0,18905000.0,0.63,50288000.0,0.1936820699270534,971112000.0,430770000.0,928529000.0,108461000.0,540342000.0,869741000.0,89438000.0,358069439.4,760236439.4,20.860623605623463,8.560948174920018,0.4251322195586091,0.9584023957100076,0.015421464358942694,20.860623605623463,0.030508159806857487,1.3790890510780227,6.811547698219449,0.831231142837245,0.0,0.24070844078869458,0.0,0.26736565916186805,0.39546011930555686,0.013532939557950062,172.56358525301204,0.1936820699270534,0.6153846153846153,0.9775951620316141,2.7044798718468632,0.0,0.3517916185048789,0.6462482775898785,0.5733189081225033,0.9775951620316141,2.7044798718468632,0.0,Residential Construction,Consumer Cyclical,CCS
2016Q1,2016,Q1,2016-05-06,2016-03-31,7983000.0,184096000.0,12016000.0,0.39,37201000.0,0.2020739179558491,957621000.0,416529000.0,915005000.0,110891000.0,541092000.0,867357000.0,76296000.0,352093518.57,755707518.5699999,20.193924781340232,8.251391005582057,0.43341885777358685,0.996451627617765,0.009280808791284116,20.193924781340232,0.019165532291869233,1.9125538771619155,11.026353456407366,0.8453037329213572,0.0,0.1693593295494243,0.0,0.19224306902208702,0.2845316572129388,0.008336283352182127,-8.726418126549023,0.2020739179558491,-0.390625,1.2213416626051272,5.165734185837175,0.0,-0.11303705116589575,-0.393296853625171,-0.39983017831277157,1.2213416626051272,5.165734185837175,0.0,Residential Construction,Consumer Cyclical,CCS
2015Q4,2015,Q4,2016-02-19,2015-12-31,13158000.0,206265000.0,20021000.0,0.64,41942000.0,0.20334036312510606,917741000.0,409479000.0,876265000.0,100291000.0,508262000.0,810137000.0,68313000.0,364953352.61,725909352.61,19.87068494682269,8.73722467619228,0.4252212770269608,0.9530232319606133,0.016143585759810414,19.87068494682269,0.03213351600448375,1.7693421211063438,6.934058227124184,0.8912626840692686,0.0,0.2028335948117417,0.0,0.22475295317524224,0.49148976478447715,0.014337378410684496,-21.002091995741498,0.20334036312510606,0.2549019607843137,1.6950695376191738,1.025054543594595,-0.05799726522194846,0.10420176916596462,0.24331475007086836,0.2664305142640268,1.6950695376191738,1.025054543594595,-0.05799726522194846,Residential Construction,Consumer Cyclical,CCS
2015Q3,2015,Q3,2015-09-30,2015-09-30,10583000.0,182732000.0,15809000.0,0.51,37984000.0,0.20786725915548454,860055000.0,394942000.0,806104000.0,83901000.0,465113000.0,741554000.0,55155000.0,408934177.3,758475177.3,19.170808250269474,9.607799668657108,0.4212823598490794,0.9174157218021887,0.0138560380358757,19.170808250269474,0.02679633971570509,2.2378903383096556,9.660166713124823,1.035428435820956,0.0,0.19519549486618643,0.0,0.21246548185871833,0.5401246707428994,0.012305027004086947,-5.325079788785582,0.20786725915548454,0.06250000000000006,2.5978488106103703,2.6500357617697587,0.0,0.03211781968371284,0.08011839150847112,0.13002144388849177,2.5978488106103703,2.6500357617697587,0.0,Residential Construction,Consumer Cyclical,CCS
2015Q2,2015,Q2,2015-08-07,2015-06-30,9798000.0,189054000.0,13990000.0,0.48,36802000.0,0.19466395844573509,781119000.0,383127000.0,731561000.0,76506000.0,397992000.0,661728000.0,44572000.0,413803069.68,685659069.6800001,18.637721841851175,9.562138917209108,0.3898074429120275,0.7947390812968024,0.013813847081031205,18.637721841851175,0.02557376535717921,2.188808857151925,10.55835552357624,1.0800676268704634,0.0,0.230082450795493,0.0,0.2420297035406897,0.6412699657543199,0.012543543301340769,-11.714170408492569,0.19466395844573509,0.5483870967741935,0.48109048963058065,1.709607552953316,0.0,0.22160260240323973,0.5427491733585262,0.5216445507939961,0.48109048963058065,1.709607552953316,0.0,Residential Construction,Consumer Cyclical,CCS
2015Q1,2015,Q1,2015-05-08,2015-03-31,6351000.0,156438000.0,9194000.0,0.31,30126000.0,0.19257469412802516,718170000.0,372613000.0,661728000.0,69016000.0,345557000.0,599747000.0,34774000.0,396452095.07,632126095.0699999,18.167666105354453,9.588037556508636,0.36526309926619044,0.7040038860694608,0.009652716595641637,18.167666105354453,0.017044493885076475,2.534244205819558,15.605892578727758,1.0639781625171423,0.0,0.21060880671349752,0.0,0.21782864781319186,0.6585719253506434,0.008843310079786122,-10.168567125012824,0.19257469412802516,-0.08823529411764713,0.7772846574110716,4.269244447857146,0.0,0.1112914530229813,-0.1164440734557596,-0.1805704099821747,0.7772846574110716,4.269244447857146,0.0,Residential Construction,Consumer Cyclical,CCS
2014Q4,2014,Q4,2015-03-06,2014-12-31,7188000.0,140908000.0,11220000.0,0.34,27109000.0,0.19238794106793086,675979000.0,365205000.0,621286000.0,65567000.0,310774000.0,556323000.0,28423000.0,362513698.56,558661698.56,17.408286707696654,9.475589854652492,0.33967031520209945,0.6287153790336935,0.012305463857532275,17.408286707696654,0.019682096356840678,2.572697778408607,12.608295025041736,0.9926307103133858,0.0,0.20455562685705966,0.0,0.20845026250815485,0.7208046730824957,0.010633466424252825,-17.153103934891643,0.19238794106793086,0.7000000000000001,0.4461930628831905,0.35889201632625195,-0.17473133259692758,0.4350979354155638,0.7417009934577175,0.7792578496669839,0.4461930628831905,0.35889201632625195,-0.17473133259692758,Residential Construction,Consumer Cyclical,CCS
2014Q3,2014,Q3,2014-11-14,2014-09-30,4127000.0,91961000.0,6306000.0,0.2,18890000.0,0.20541316427616055,638593000.0,367769000.0,597213000.0,47555000.0,270824000.0,461566000.0,21235000.0,366322833.8,474666833.8,17.418494183968065,12.558363999579434,0.3289231169148425,0.5711411239120209,0.006724592363527095,17.418494183968065,0.011221717980580201,3.9834585726558,22.190624775866247,0.9960677321905871,0.0,0.15831105410710494,0.0,0.1440056499209982,2.477320996740616,0.006462645221604371,-6.369502604673808,0.20541316427616055,-0.33333333333333326,0.3689795761460783,0.7923160090279247,0.0,-0.03138139677981745,-0.2268639940052454,-0.2292837936934735,0.3689795761460783,0.7923160090279247,0.0,Residential Construction,Consumer Cyclical,CCS
2014Q2,2014,Q2,2014-08-13,2014-06-30,5338000.0,79853000.0,8182000.0,0.3,19502000.0,0.2442237611611336,612774000.0,363175000.0,573364000.0,38254000.0,249599000.0,383898000.0,17108000.0,391498326.2,425020326.2,20.5475367623679,14.98834108851362,0.32841634925763824,0.5541267983754389,0.00961210094363148,20.5475367623679,0.0146981482756247,4.902737858314653,18.335440530161108,1.0779880944448268,0.0,0.15720582029601612,0.0,0.13031394935163698,4.682386155696136,0.008711205109877378,-11.760944670752222,0.2442237611611336,0.4999999999999999,-0.06153845441722129,0.331084157490358,0.0,0.5731225296442688,0.584916864608076,0.5168705969595847,-0.06153845441722129,0.331084157490358,0.0,Residential Construction,Consumer Cyclical,CCS
2014Q1,2014,Q1,2014-03-31,2014-03-31,3368000.0,49671000.0,5394000.0,0.2,12397000.0,0.24958225121298142,410073000.0,275220000.0,399603000.0,26704000.0,134853000.0,197014000.0,11769000.0,362843750.0,278209750.0,16.118301610541728,14.964162672258837,0.24507831532434468,0.36516241552212775,0.00930571117157905,16.118301610541728,0.012237482741079863,7.304941515169817,26.933176217339668,1.3183771164886273,0.0,0.18919467652045033,0.0,0.12112721393507986,7.210268124625524,0.008213171801118337,-19.234719571670908,0.24958225121298142,-0.1666666666666666,0.13210084033613445,1.0095885422988227,0.0,-0.1770446096654275,0.10426229508196722,0.15108834827144688,0.13210084033613445,1.0095885422988227,0.0,Residential Construction,Consumer Cyclical,CCS
2013Q4,2013,Q4,2013-12-31,2013-12-31,3050000.0,63631000.0,4686000.0,0.24,15064000.0,0.23673995379610568,312639000.0,271556000.0,303705000.0,27954000.0,41083000.0,184072000.0,8401000.0,273563192.5,165065192.5,21.094084139261536,10.86445589182228,0.004797865909243569,0.005523722547098941,0.011054278865912337,21.094084139261536,0.01123156917910118,4.299212530056105,22.4232125,1.0073914496457452,0.0,0.2638478421487244,0.0,0.203528670447385,4.093725406024182,0.009755660682128589,-18.074872315824248,0.23673995379610568,0.7142857142857141,0.0,0.0,0.0,0.5780431594385083,0.25102543068088595,0.2127329192546584,0.0,0.0,0.0,Residential Construction,Consumer Cyclical,CCS
2013Q3,2013,Q3,2013-09-30,2013-09-30,2438000.0,41494000.0,3864000.0,0.14,9546000.0,0.23005735769026847,,,,,,,,362843750.0,,,0.0,0.0,0.0,0.0,,0.0,8.744487154769365,37.20711136177194,0.0,0.0,0.0,0.0,0.0,0.0,0.0,-47.41815865133299,0.23005735769026847,-0.5625,0.0,0.0,0.0,-0.10399849821663225,-0.3772669220945083,-0.3935018050541516,0.0,0.0,0.0,Residential Construction,Consumer Cyclical,CCS
2013Q2,2013,Q2,2013-06-30,2013-06-30,3915000.0,41291000.0,6371000.0,0.32,10654000.0,0.2580223293211596,,,,,,,,258514431.25,,,0.0,0.0,0.0,0.0,,0.0,6.26079366568986,16.507945801404855,0.0,0.0,0.0,0.0,0.0,0.0,0.0,-6.429267856698749,0.2580223293211596,0.8823529411764705,0.0,0.0,0.0,0.7134126728851721,0.31596638655462184,1.1655336505778382,0.0,0.0,0.0,Residential Construction,Consumer Cyclical,CCS
2013Q1,2013,Q1,2013-03-31,2013-03-31,2975000.0,24717000.0,2942000.0,0.17,6218000.0,0.2515677468948497,,,,,,,,362843750.0,,,0.0,0.0,0.0,0.0,,0.0,14.679926771048267,30.491071428571427,0.0,1.2873949579831934,0.0,0.010555507708207734,0.0,0.0,0.0,-71.82180324623911,0.2515677468948497,0.0,0.0,0.0,0.0,0.0,0.0,0.0,0.0,0.0,0.0,Residential Construction,Consumer Cyclical,CCS
