Quarters,Year,Quarter,FillingDate,Date,NetIncome,Revenue,OperatingIncome,EPSDiluted,GrossProfit,GrossProfitRatio,TotalAssets,CommonStockEquity,CurrentAssets,CurrentLiability,TotalLiability,Inventory,RetainedEarnings,MarketCap,EnterpriseValue,bookValuePerShare,currentRatio,debtToAssets,debtToEquity,roic,shareholdersEquityPerShare,roe,priceToSalesRatio,peRatio,pbRatio,payoutRatio,inventoryTurnover,dividendYield,assetTurnover,quickRatio,returnOnAssets,priceToFreeCashFlowsRatio,grossProfitMargin,epsdilutedGrowth,fiveYNetIncomeGrowthPerShare,fiveYRevenueGrowthPerShare,fiveYShareholdersEquityGrowthPerShare,grossProfitGrowth,netIncomeGrowth,operatingIncomeGrowth,threeYNetIncomeGrowthPerShare,threeYRevenueGrowthPerShare,threeYShareholdersEquityGrowthPerShare,Industry,Sector,Symbol
2023Q1,2023,Q1,2023-02-14,2023-03-31,-6741000.0,1860000.0,-6838000.0,-0.32,1213000.0,0.6521505376,61242000.0,48735000.0,58965000.0,4774000.0,12507000.0,8125000.0,-196103000.0,262821548.60782588,227984548.60782588,2.3293429484429677,12.351277754503561,0.13302962019529083,0.16716938545193394,-0.1189903055067455,2.3293429484429677,-0.13831948291782087,141.30190785366983,-9.747127600052881,5.39287059829334,0.0,0.07963076923076923,0.0,0.030371313804251985,10.46899874319229,-0.11007151954541002,-45.13507618200685,0.6521505376344086,0.30434782608695654,0.3483953259966925,1.3592047898204105,-0.44103203902983573,1.1699463327370303,0.2924320352681852,-0.08574150523975865,-0.8561923028153076,0.18428403377268654,-0.3560651049537814,Medical Devices,Healthcare,PROF
2022Q4,2022,Q4,2022-12-31,2022-12-31,-9527000.0,1257000.0,-6298000.0,-0.46,559000.0,0.4447096261,64421000.0,52004000.0,62024000.0,4185000.0,12417000.0,7941000.0,-189362000.0,307478475.793566,269191475.793566,2.4934715626817967,14.820549581839904,0.12775337234752643,0.15825705714945004,-0.10502838613972254,2.4934715626817967,-0.18319744635028073,244.61294812535084,-8.06860700623402,5.912592796584224,0.0,0.08789824959073164,0.0,0.01951227084335853,12.631063321385902,-0.14788655873084863,-46.46093620331913,0.4447096260938743,-0.9166666666666669,0.18327340505437778,-0.7474802548628847,0.3661808759872901,-0.4871559633027523,-0.9065439263558135,0.23512266213262084,-0.6343483079694078,-0.592527990596601,1.5575162227789208,Medical Devices,Healthcare,PROF
2022Q3,2022,Q3,2022-09-30,2022-09-30,-4997000.0,2035000.0,-8234000.0,-0.24,1090000.0,0.5356265356,64084000.0,60119000.0,57553000.0,3316000.0,3965000.0,7440000.0,-179835000.0,115219278.331374,70111278.331374,2.882567050166659,17.35615199034982,0.017164970975594534,0.018297044195678572,-0.13303179806826554,2.882567050166659,-0.08311848167800528,56.618809990847176,-5.764422570110766,1.9165202071121277,0.0,0.12701612903225806,0.0,0.03175519630484989,14.977683956574186,-0.07797578178640534,-20.02072603499114,0.5356265356265356,0.17241379310344826,0.6682434006947283,-0.4910679623359713,0.1986738146369913,0.16452991452991453,0.15733558178752108,-0.0586268963743893,0.4474802652716425,1.067934394700102,0.7888438153560307,Medical Devices,Healthcare,PROF
2022Q2,2022,Q2,2022-06-30,2022-06-30,-5930000.0,2025000.0,-7778000.0,-0.29,936000.0,0.4622222222,73025000.0,67881000.0,65194000.0,3319000.0,5144000.0,7992000.0,-174838000.0,193768786.73944083,141765786.73944083,3.2651223974765227,19.642663452847245,0.016870934611434442,0.018149408523740074,-0.11086847606702296,3.2651223974765227,-0.08735876018326189,95.68828974787202,-8.169004499976426,2.8545364201977113,0.0,0.13626126126126126,0.0,0.027730229373502224,17.082856282012653,-0.0812050667579596,-34.800428652916814,0.4622222222222222,0.2750000000000001,0.5590560009926396,-0.26713462180524716,2.5497414512290155,1.146788990825688,0.278149726110773,-0.0666483817882611,0.30760257703194316,1.4068641997439368,1.5147260037762167,Medical Devices,Healthcare,PROF
2022Q1,2022,Q1,2022-03-31,2022-03-31,-8215000.0,1364000.0,-7292000.0,-0.4,436000.0,0.3196480938,80274000.0,74464000.0,70651000.0,3856000.0,5810000.0,7802000.0,-168908000.0,233736786.12933,174948786.12933,3.5840601542988337,18.322354771784234,0.01664299773276528,0.01794155565105286,-0.09489241355685041,3.5840601542988337,-0.11032176622260421,171.36128015346776,-7.113109742219415,3.138923320387436,0.0,0.1189438605485773,0.0,0.01699180307446994,16.069502074688796,-0.10233699578942124,-29.74128847554778,0.3196480938416422,0.19999999999999996,0.291156694482424,-0.1812776514597179,1.441201573541773,-0.1227364185110664,0.19151658301348293,0.3088806748175528,-0.9491769915952535,-0.35818445118904635,1.1647962490617534,Medical Devices,Healthcare,PROF
2021Q4,2021,Q4,2021-12-31,2021-12-31,-10161000.0,998000.0,-10551000.0,-0.5,497000.0,0.497995992,86775000.0,80618000.0,77125000.0,4155000.0,6157000.0,7413000.0,-160693000.0,292057580.08232564,226282580.08232564,3.9505966176134333,18.561973525872443,0.015868625756266207,0.01708055273015952,-0.126168354665225,3.9505966176134333,-0.12603884988464115,292.64286581395356,-7.185748944058794,3.62273412987578,0.0,0.06758397409955484,0.0,0.01150100835494094,16.501564380264742,-0.11709593777009507,-56.38177221666518,0.49799599198396793,-0.7241379310344829,0.4168209382066497,0.0,0.41309790721996303,-0.49645390070921985,-0.6946297531687792,-0.38701196266596555,-0.8333065578516154,-0.5665823395026705,1.1834399512400675,Medical Devices,Healthcare,PROF
2021Q3,2021,Q3,2021-09-30,2021-09-30,-5996000.0,2537000.0,-7607000.0,-0.29,987000.0,0.38904217579818684,93565000.0,88014000.0,87265000.0,3597000.0,5551000.0,6991000.0,-150532000.0,376507825.52660644,305743825.52660644,4.313029481041811,24.260494856825133,0.015539998931224283,0.016520099075147135,-0.08439704859352773,4.313029481041811,-0.06812552548458199,148.4067108894783,-15.698291591336158,4.277817455479883,0.0,0.22171363181233014,0.0,0.027114839950836318,22.287461773700304,-0.0640837920162454,-73.25054971334755,0.38904217579818684,0.17142857142857143,0.6244379573123693,0.0,6.668609917830084,-0.18832236842105263,0.148658242226324,-0.19157268170426064,0.2012261077629314,4.715141251077644,0.935327906786744,Medical Devices,Healthcare,PROF
2021Q2,2021,Q2,2021-06-30,2021-06-30,-7043000.0,2627000.0,-6384000.0,-0.35,1216000.0,0.4628854206318995,95841000.0,89881000.0,89138000.0,4069000.0,5960000.0,7386000.0,-144536000.0,414096390.736632,341900390.736632,4.41672441808657,21.90661096092406,0.016433467931261152,0.017523169524148598,-0.06918218847860073,4.41672441808657,-0.07835916378322448,157.630906256807,-14.698863791588527,4.607162701089575,0.0,0.19103709721093962,0.0,0.027409981114554314,19.981813713443106,-0.07348629500944272,-66.99504784608186,0.4628854206318995,0.054054054054054106,0.5145256291239161,0.0,2.293856195382564,3.8253968253968256,0.060808107747699694,0.028606208155812538,0.1590646990201453,7.572977763260024,0.7377688599664977,Medical Devices,Healthcare,PROF
2021Q1,2021,Q1,2021-03-31,2021-03-31,-7499000.0,711000.0,-6572000.0,-0.37,252000.0,0.35443037974683544,99769000.0,93432000.0,93014000.0,3976000.0,6337000.0,7414000.0,-137493000.0,512351587.83805203,435454587.83805203,4.607786079418225,23.393863179074447,0.016197416031031683,0.017296001369980305,-0.06823375671058901,4.607786079418225,-0.08026158061477866,720.6070152433924,-17.080663683092812,5.483684260617904,0.0,0.06190990018883194,0.0,0.007126462127514559,21.341800804828974,-0.07516362798063526,-79.4097315310062,0.35443037974683544,0.05939588146648589,0.5060438970071736,0.0,1.2847482893094506,-0.7777359585016258,-0.01898653736767102,0.8005635296558609,0.252058869582917,-0.06947831840453739,0.1057215903397809,Medical Devices,Healthcare,PROF
2020Q4,2020,Q4,2020-12-31,2020-12-31,-7359272.89027,2849847.029644,-32952849.539804,-0.39336421424229256,1133786.6363859999,0.3978412260701696,104601000.0,97350000.0,97742000.0,4809000.0,7251000.0,5331000.0,-129994000.0,490452776.39884233,408215776.39884233,5.203504045503908,20.32480765231857,0.01602279136910737,0.01721623009758603,-0.3114462304400685,5.203504045503908,-0.07559602352614278,172.0979306247568,-16.66104735181414,5.038035710311683,0.0,0.321902155929094,0.0,0.02724493102020057,18.994385527136618,-0.07035566476678043,-65.80491581159193,0.3978412260701696,-0.224514349794368,0.06833623220045104,0.0,1.0405073985863205,-0.22651201406631571,-0.21072669202959163,-7.439948736629643,0.2966885132174052,-0.3617748934360244,1.851016158148638,Medical Devices,Healthcare,PROF
2020Q3,2020,Q3,2020-09-30,2020-09-30,-6078393.198661,2226803.430552,5116942.83409,-0.321241,1465810.2737270002,0.658257596344569,98460653.986373,93021093.563232,92221136.146306,3290490.527134,5439560.423141,4923880.139852,-112178018.168778,438885360.6241104,358073340.2440004,4.972117479953521,28.026561810718878,0.016923901942532515,0.017913554758741793,0.05474048798023191,4.972117479953521,-0.06534424576001305,197.0920982977449,-18.05104351923103,4.718127295781292,0.0,0.15455151937306774,0.0,0.02261617550153781,26.501921776245474,-0.061734235479506884,-97.20320019624518,0.658257596344569,0.046193723853099375,0.41799332617766294,0.0,0.5813971254335535,2.4767208987655738,-0.12988590187683652,0.28031114926495065,0.5501255982216041,-0.3791745246017227,1.0675831378057867,Medical Devices,Healthcare,PROF
2020Q2,2020,Q2,2020-07-15,2020-06-30,-5379652.21848,1040579.147752,3996640.064431,-0.336799,421607.1167080001,0.4051658325258707,56231597.598477,50883528.335042,49908031.922683,3549399.619271,5348069.263435,4965578.415581,-103983536.38893,370930699.3191801,331627565.62464106,3.161058578966751,14.06097855302454,0.029737406419967874,0.03286293081760246,0.07568685070968013,3.161058578966751,-0.1057248267662915,356.4656279347081,-17.23767096156195,7.289799105061881,0.0,0.12465255389015477,0.0,0.018505238908243,12.541542193626476,-0.09566956032253483,-96.95467633077024,0.4051658325258707,-0.9105911050601317,0.9383107143999773,0.0,-0.7375644359386052,0.005572077351896136,-1.1147649692614612,-0.1349368232481242,0.4833611810145943,-0.5136169991329075,2.43660644274578,Medical Devices,Healthcare,PROF
2020Q1,2020,Q1,2020-04-16,2020-03-31,-2543853.476237,1100139.613595,4620055.704414,-0.17628,419270.906784,0.381106999150699,58290491.468058,53013898.603864,51821582.992526,3157079.396418,5276592.864194,4102836.694401,-94960643.773798,202333613.707368,160338737.80834097,3.617357851488664,16.41440600173768,0.0283495917232323,0.0311712905103258,0.08494729272183374,3.617357851488664,-0.04798465201070097,183.91630590065643,-19.88455856414639,3.8166144923478726,0.0,0.16595072081229995,0.0,0.01887339745965007,14.877470032630821,-0.04364096805790323,-39.441873683779406,0.381106999150699,0.36929855732667366,0.6902612433376694,0.0,-0.7810661876613143,-0.6633222681310516,0.37896710274324813,0.08237304615375643,0.6888229427812259,-0.06385552097836111,1.4638815474472426,Medical Devices,Healthcare,PROF
2019Q4,2019,Q4,2020-01-10,2019-12-31,-4096165.416476,2167721.253976,4268450.439367,-0.2794983300701038,1245318.199266,0.5744826263902044,29888532.232999,14288422.760991,22675564.010503,8178530.472261,15600109.472008,3647376.116729,-100335682.515866,209592393.40493998,205785177.438869,0.9749582585139832,2.772571929322923,0.3649598656520406,0.7634232896630396,0.16101378259941346,0.9749582585139832,-0.2866772270805839,96.68788965394371,-12.791987877363107,14.668686454123598,0.0,0.25289496481575346,0.0,0.07252685535299343,2.201583695180782,-0.1370480619303731,-37.125943331977105,0.5744826263902044,0.35087793396774164,0.8634059133451873,0.0,-0.9549835864433288,4.739624724315479,0.13515361984317473,-0.06836473724561491,0.6726487367620078,0.0,-0.651264958667127,Medical Devices,Healthcare,PROF
2019Q3,2019,Q3,2019-10-28,2019-09-30,-4736292.491313,515352.772322,4581675.47968,-0.430579,216968.575313,0.42100981495726747,32418347.182354,17600146.547817,24933643.299592,6921851.48814,14818200.634537,2757674.119958,-95115550.687415,118449065.26278001,108902521.978295,1.6114134869806656,3.602163863572292,0.33996146558828766,0.6261873325952486,0.15136832660542823,1.6114134869806656,-0.26910528718867155,229.84074526094,-6.252203885213571,6.7300044883701045,0.0,0.1082013987256567,0.0,0.015896947781548765,3.1585147548109034,-0.14609913530357482,-44.861403152921035,0.42100981495726747,-0.1305291901329867,0.8950804141249308,0.0,-0.9257313380254379,-0.13697201373584483,-0.06393946179109872,2.074554581778464,0.4457335065668447,0.0,1.8651094323148905,Medical Devices,Healthcare,PROF
2019Q2,2019,Q2,2019-06-30,2019-06-30,-4451656.002438,437316.422913,-4263790.371725,-0.380865,251403.86959199997,0.5748786380291381,28841187.538087,14030718.312005,21085301.645338,5686835.009141,14810469.226082,2750872.943327,-91136549.360146,92696790.550797,88153266.02307001,1.2984008566235365,3.7077392981237463,0.38372136110381044,0.7887678657546592,-0.15849587856198863,1.2984008566235365,-0.317279265640239,211.9673209008164,-5.205747619539253,6.606703127343347,0.0,0.0675831116707815,0.0,0.015162913189184396,3.202355660444389,-0.15435064858405179,-19.1937633210191,0.5748786380291381,-0.6951064824087055,0.9239584957182957,0.0,-0.8922049203855074,-0.6438210431316572,-1.0309152039045053,-1.092956353642443,0.42213459202548415,0.0,-0.03169287896566304,Medical Devices,Healthcare,PROF
2019Q1,2019,Q1,2019-03-31,2019-03-31,-2191945.775914,1105293.588975,-2037209.40683,-0.224685,705835.829838,0.6385957874708752,33609085.530258,17889691.431995,25593726.782504,5504451.767525,15719394.098262,2556927.801078,-85230623.127621,88885690.10387631,79463881.38608131,1.6556108482967877,4.649641392718001,0.32242642989500625,0.6057375277125477,-0.06729138745556046,1.6556108482967877,-0.12252563350499115,80.41817214040384,-10.137761056932698,4.96854238329163,0.0,0.1562256701063631,0.0,0.03288674986351273,4.160191979257814,-0.06521884607483915,-36.87962227550444,0.6385957874708752,0.17395220588235302,0.8692511193062077,0.0,0.0,0.8760256087974939,0.2530448734846208,0.29710008619197886,0.7290597300355735,0.0,-0.17907342306875307,Medical Devices,Healthcare,PROF
2018Q4,2018,Q4,2018-12-31,2018-12-31,-2934507.975251,1219152.047714,-2898292.298534,-0.272,376239.97589800006,0.30860791859676384,34176833.109403,19549006.996909,27840641.542404,5785012.077561,14627826.112494,2666331.138081,-81520716.136943,61814937.336600006,48061981.82167101,1.8093452102356757,4.812546831214534,0.256826592348109,0.44900078996983633,-0.10582346580006458,1.8093452102356757,-0.15011033428526527,50.703222335973244,-5.266209689829922,3.162049987826691,0.0,0.3161318036523614,0.0,0.03567188463048607,4.2964523768425815,-0.08586248953662225,-23.285364085307876,0.30860791859676384,0.2971467257890303,0.8672652279624312,0.0,-0.9164577236620399,6.718660663281878,0.2616477598674861,0.2767220419337865,0.356725426799128,0.0,-0.2904815186465209,Medical Devices,Healthcare,PROF
2018Q3,2018,Q3,2018-09-30,2018-09-30,-3974401.126926,235032.236593,-4007162.483263,-0.386994,48744.20476700002,0.2073936983010941,38390010.913228,24078594.592921,31413778.531126,4312184.116222,14311416.320307,2540146.74809,-82178041.965619,73301390.02107207,55175064.373438075,2.228578147360466,7.284888048483493,0.23775824401630824,0.37907285440901334,-0.12144875977935705,2.228578147360466,-0.1650595142332126,311.87802611097317,-4.610844985202023,3.0442553338483616,0.0,0.07333750775071347,0.0,0.006122223750450023,6.600521055356924,-0.10352696007066113,-19.134141233783097,0.2073936983010941,-0.017949864534287284,0.9109988182355823,0.0,-0.8972867495230317,-0.26383287275268635,0.10356589573343125,0.0608748471111756,0.3410572802910345,0.0,-0.29119392487226187,Medical Devices,Healthcare,PROF
2018Q2,2018,Q2,2018-06-30,2018-06-30,-4433567.518248,162213.351582,-4266909.975669,-0.38017,66213.50365,0.40818775399341034,35028831.356448,27380041.818735,27848277.068127,6585454.683698,7648789.537713,1958544.708029,-76824730.839416,107096027.96339999,85594314.15561399,2.541606378060958,4.228755401971585,0.08067878304711935,0.10321691632578994,-0.1418484599534289,2.541606378060958,-0.16192698125151506,660.2170963051841,-6.038930698732249,3.911463272131262,0.0,0.049015908362189164,0.0,0.0046308525092185315,3.854030219865972,-0.1265690959864661,-26.347914602620392,0.40818775399341034,0.18174030580618503,0.9240325190072853,0.0,-0.7889922357381653,-0.41133979933344655,-0.15944466829333098,-0.19197582525382603,0.9240325190072853,0.0,-0.7889922357381653,Medical Devices,Healthcare,PROF
2018Q1,2018,Q1,2018-03-31,2018-03-31,-3823871.582224,291414.035821,-3579695.061987,-0.464608,112481.706042,0.3859858902303919,40157054.692158,32226802.487204,32496434.130137,5627378.601683,7930252.204954,1411752.270774,-73724733.430901,74755249.0487348,48260393.0386368,4.167220862534015,5.7747019403347375,0.07326066326255024,0.09128837595930052,-0.10254214144259585,4.167220862534015,-0.1186550103362662,256.52590424523316,-4.8874058294902545,2.319660756862775,0.0,0.12674484998766777,0.0,0.00725685780630491,5.416206233635058,-0.095222909437398,-25.942160175515873,0.3859858902303919,0.16885867620751346,0.6812975810796809,0.0,0.0,-0.8258541369241139,-0.10962435839856148,0.1730687924489205,0.11766333340131432,0.0,-0.7477867582505232,Medical Devices,Healthcare,PROF
2017Q4,2017,Q4,2017-12-31,2017-12-31,-3446095.56674,1470577.052946,-4328891.0,-0.559,645905.1283519999,0.43921882709788057,22170480.318091,11245438.568588,13997666.799205,8528980.516899,10925041.749503,1138097.017893,-71785822.664016,50403247.20851471,45665168.480880715,1.825140145429026,1.6411887413121122,0.18454819241134524,0.36383837256680157,-0.286846444370395,1.825140145429026,-0.30644385683329545,34.27446872473777,-3.656547405053257,4.482105957993193,0.0,0.7246059972292562,0.0,0.06633041016012704,1.4540419925310115,-0.15543621596362092,-14.248257072906636,0.43921882709788057,0.2294926505452821,0.7266621219579812,0.0,-0.9157284295322089,1.864339806796975,0.22555658974710202,0.11087260325968186,0.7266621219579812,0.0,-0.9157284295322089,Medical Devices,Healthcare,PROF
2017Q3,2017,Q3,2017-09-30,2017-09-30,-4449770.662539,1181278.969473,-4868696.0,-0.725496,225498.77874799992,0.1908937554764062,25321248.98229,14816941.95223,16741127.582566,8306195.738918,10504307.03006,856445.229055,-69116973.390406,59744633.83636821,50930456.83137921,2.4047968804921473,2.01549880460038,0.17105617324514302,0.2923245543285749,-0.2542625994317226,2.4047968804921473,-0.3003163997594857,50.57622744525951,-3.3566130912844874,4.032183835840461,0.0,1.1159851888948065,0.0,0.04665168650642791,1.8501010036310328,-0.17573266886049838,-25.715268096222072,0.1908937554764062,-0.17943815840811553,0.8252630335707047,0.0,-0.8891649796419414,-0.3962808438218582,-0.24228881161166177,-0.7207855528399683,0.8252630335707047,0.0,-0.8891649796419414,Medical Devices,Healthcare,PROF
2017Q2,2017,Q2,2017-06-30,2017-06-30,-3581913.175863,735943.747309,-2829345.0,-0.61512,373516.023867,0.5075333885677707,12260154.08747,5093253.67534,11215071.200098,4731287.291628,7166900.41213,715757.827397,-61682356.062004,49712623.01811801,45560961.426189005,0.919819779084488,2.370405876629609,0.3303204891093429,0.795126328448319,-0.30961021434733477,0.919819779084488,-0.7032662035283153,67.54948757957885,-3.4696976571843208,9.76048439503643,0.0,0.5063552357646477,0.0,0.06002728367510012,2.098193285156679,-0.2921589035755881,-14.732433981206068,0.5075333885677707,-0.17187366046679098,0.8805949469279711,0.0,-0.923635258085673,0.7771234966018872,-0.16087991370327853,0.2691580456429927,0.8805949469279711,0.0,-0.923635258085673,Medical Devices,Healthcare,PROF
2017Q1,2017,Q1,2017-03-31,2017-03-31,-3085515.679599,443555.692197,-3871350.0,-0.524903,210180.11667800002,0.4738528224876235,15570676.674815,8121068.102401,14662058.519174,5047118.283118,7449608.572414,648390.047841,-56661851.557462,53246405.278330006,45765250.04204801,1.4681541226024057,2.905035645432922,0.33303161999159625,0.6385277911714463,-0.29109716563288013,1.4681541226024057,-0.37993963856635615,120.04446389717674,-4.314222548793692,6.5565766235339975,0.0,0.3599308414681729,0.0,0.02848660347012633,2.666963167177926,-0.19816195172748716,-18.067930785838968,0.4738528224876235,0.3852283121537289,0.6404667887226683,0.0,0.0,0.0,0.0847049633503067,0.1981603472184106,0.6404667887226683,0.0,0.0,Medical Devices,Healthcare,PROF
2016Q4,2016,Q4,2016-12-31,2016-12-31,-3371061.303788,0.0,-4828085.0,-0.853817783702584,0.0,0.0,17627291.868165,11038038.092404,16722810.058775,3680624.209508,6589253.775761,310113.086824,-53157004.687151,42342791.54300156,31781683.73852156,2.795699149668674,4.543471190450706,0.2801637608453635,0.4474099782915703,-0.3024959705673124,2.795699149668674,-0.30540402882898626,0.0,-3.1401677192448076,3.836079490624373,0.0,0.0,0.0,0.0,4.318344162177759,-0.1912410215363914,-12.2211700195764,0.0,-0.1225567461817484,0.5827293125320692,0.0,-0.8709151412355423,0.0,-0.09132623819204318,-0.2773951862522102,0.5827293125320692,0.0,-0.8709151412355423,Medical Devices,Healthcare,PROF
2016Q3,2016,Q3,2016-09-30,2016-09-30,-3088958.357102,0.0,-3779633.0,-0.760601,0.0,0.0,9166226.27876,2220584.141472,8175046.206503,3537763.072828,6945642.137288,0.0,-50701436.014451,49374821.84244235,46940151.372771345,0.56242650587999,2.3107952788845387,0.5282747183373114,2.180635948529338,-0.5357643272997247,0.56242650587999,-1.3910566591069882,0.0,-3.9960737677898672,22.23506009986739,0.0,0.0,0.0,0.0,2.1331009525557603,-0.33699346526713414,-19.861996757175756,0.0,-0.09338935880259207,0.8107055232128648,0.0,-0.9740782459696291,0.0,-0.09770239258685694,-0.10197429993055139,0.8107055232128648,0.0,-0.9740782459696291,Medical Devices,Healthcare,PROF
2016Q2,2016,Q2,2016-06-30,2016-06-30,-2814021.703845,0.0,-3429874.0,-0.695636,0.0,0.0,11424307.069208,5292968.665461,10988094.575585,2633125.415449,6131338.403747,0.0,-48384195.922027,51890756.085294,54312608.33219901,1.3408977672668527,4.173023628542704,0.41307597692646375,0.8915803401813606,-0.34301248744443935,1.3408977672668527,-0.531652817483647,0.0,-4.610017400931195,9.803714959414839,0.0,0.0,0.0,0.0,3.9282208363851248,-0.24631880837916625,-16.780728181949694,0.0,0.09703631398041508,0.868409662124891,0.0,-0.8886767666240574,0.0,0.0478351907285807,0.048003481715166614,0.868409662124891,0.0,-0.8886767666240574,Medical Devices,Healthcare,PROF
2016Q1,2016,Q1,2016-03-31,2016-03-31,-2955393.516379,0.0,-3602822.0,-0.770392,0.0,0.0,13911707.651536,7960816.307664,13657784.814027,1543651.19719,5950891.343872,0.0,-45420618.779082,52304450.88665581,51463267.25595081,2.016758739235514,8.84771432749126,0.32627031424879377,0.5701647986569237,-0.2882305207642013,2.016758739235514,-0.3712425211386673,0.0,-4.424491239219146,6.570237129614649,0.0,0.0,0.0,0.0,8.66240210088934,-0.21243930582833181,-20.467158538806284,0.0,-0.8246355093209736,0.5174254432131513,0.0,0.0,0.0,-0.773932627007254,-0.41332640822790395,0.5174254432131513,0.0,0.0,Medical Devices,Healthcare,PROF
2015Q4,2015,Q4,2015-12-31,2015-12-31,-1666012.26641,0.0,-2549179.0,-0.4222169282930904,0.0,0.0,15269199.893348,10062369.837644,15080676.519972,913012.272193,5206830.055704,0.0,-39721811.787935,55749716.89257601,52380703.640337005,2.550103003355409,16.51749596284082,0.2759638105129995,0.41876284156134785,-0.1804703388930456,2.550103003355409,-0.16556857810744904,0.0,-8.365742260215777,5.5404162033492925,0.0,0.0,0.0,0.0,16.407545355962473,-0.1091093363140655,-52.93375121949002,0.0,0.29146702014742265,0.7936576734611265,0.0,-0.8822549679345989,0.0,0.24366382026388728,0.07554638298921704,0.7936576734611265,0.0,-0.8822549679345989,Medical Devices,Healthcare,PROF
2015Q3,2015,Q3,2015-09-30,2015-09-30,-2202740.409683,0.0,-2757498.0,-0.595903,0.0,0.0,18052323.277467,12406320.297952,17838865.549348,1397360.893855,5646002.979516,0.0,-38995653.631285,53192110.21506481,47479428.65081881,3.1441295800954316,12.766111909812103,0.23147297382275334,0.33681420865256845,-0.1662651252808765,3.1441295800954316,-0.17754985819982594,0.0,-6.037037998354034,4.287500962218878,0.0,0.0,0.0,0.0,12.721132200789617,-0.1220197741767937,-33.9715386905178,0.0,0.8895969707591852,0.864933355961916,0.0,-0.855089771262954,0.0,0.6856681625642548,0.3870195658161404,0.864933355961916,0.0,-0.855089771262954,Medical Devices,Healthcare,PROF
2015Q2,2015,Q2,2015-06-30,2015-06-30,-7007691.068307,0.0,-4498509.0,-5.397524,0.0,0.0,21761184.555027,15580630.140738,21545748.443177,1621565.92632,6180554.414288,0.0,-39792224.343637,16574785.096587902,-2642.782024097629,12.045084629715985,13.287001221142555,0.19922349666684405,0.27825185756316595,-0.20687286615167613,12.045084629715985,-0.4497694255628528,0.0,-0.5913069274539321,1.063807108369162,0.0,0.0,0.0,0.0,13.256751318764351,-0.32202709602442897,-6.88978758875215,0.0,-4.018231043071525,0.0,0.0,0.0,0.0,-169.5184203362534,-84.75121997712543,0.0,0.0,0.0,Medical Devices,Healthcare,PROF
2015Q1,2015,Q1,2015-03-31,2015-03-31,-41096.387443,0.0,-52460.0,-1.075583,0.0,0.0,1310623.915444,1211669.032971,1310623.915444,98954.882474,98954.882474,0.0,-456023.032024,941655.2664246,5020477.5459636,16.522609334974227,13.244661432328629,2.616280658085177,2.8299477057627076,-0.01130450196024704,16.522609334974227,-0.033917172366972254,0.0,-5.728333589726469,0.7771555109530784,0.0,0.0,0.0,0.0,22.2565341436252,-0.03135635399196709,-23.97057559203857,0.0,0.47435007046520344,0.6387972630119938,0.0,0.0,0.0,0.7261259059167173,0.7216547903921559,0.6387972630119938,0.0,0.0,Medical Devices,Healthcare,PROF
2014Q4,2014,Q4,2014-12-31,2014-12-31,-150055.767708,0.0,-188471.0,-2.0461964124144325,0.0,0.0,1707513.0,1588256.0,1707513.0,119257.0,119257.0,0.0,-526044.0,870153.8794179001,-837359.1205820999,21.6578394741866,14.317926830290885,0.0,0.0,-0.11866537888098644,21.6578394741866,-0.09447832572834607,0.0,-1.4497174828880457,0.5478675222494989,0.0,0.0,0.0,0.0,14.317926830290885,-0.08787972197459111,-9.485852139537217,0.0,0.44170255850457424,0.0,0.0,0.0,0.0,0.504920821263027,0.442901143336841,0.0,0.0,0.0,Medical Devices,Healthcare,PROF
2014Q3,2014,Q3,2014-09-30,2014-09-30,-303094.482969,0.0,-338308.0,-3.665065,0.0,0.0,1626252.038202,1591134.04648,1626252.038202,35117.991722,35117.991722,0.0,-303094.482969,827662.3521348,-798589.6860672,21.697085205770858,46.308230011433686,0.0,0.0,-0.21262067815620236,21.697085205770858,-0.19048959680017116,0.0,-0.6826768537877443,0.5201713544913473,0.0,0.0,0.0,0.0,46.308230011433686,-0.1863760818428269,-31.094586475812065,0.0,0.0,0.0,0.0,0.0,0.0,0.0,0.0,0.0,0.0,0.0,Medical Devices,Healthcare,PROF
2014Q1,2014,Q1,2014-03-31,2014-03-31,-336326.0,0.0,-814831.0,-1.59544,0.0,0.0,,,,,,,,2436388.6776075,,,0.0,0.0,0.0,0.0,,0.0,0.0,-1.8110320623498481,0.0,0.0,0.0,0.0,0.0,0.0,0.0,-2.550137563633366,0.0,0.0,0.0,0.0,0.0,0.0,0.0,0.0,0.0,0.0,0.0,Medical Devices,Healthcare,PROF
