Quarters,Year,Quarter,FillingDate,Date,NetIncome,Revenue,OperatingIncome,EPSDiluted,GrossProfit,GrossProfitRatio,TotalAssets,CommonStockEquity,CurrentAssets,CurrentLiability,TotalLiability,Inventory,RetainedEarnings,MarketCap,EnterpriseValue,bookValuePerShare,currentRatio,debtToAssets,debtToEquity,roic,shareholdersEquityPerShare,roe,priceToSalesRatio,peRatio,pbRatio,payoutRatio,inventoryTurnover,dividendYield,assetTurnover,quickRatio,returnOnAssets,priceToFreeCashFlowsRatio,grossProfitMargin,epsdilutedGrowth,fiveYNetIncomeGrowthPerShare,fiveYRevenueGrowthPerShare,fiveYShareholdersEquityGrowthPerShare,grossProfitGrowth,netIncomeGrowth,operatingIncomeGrowth,threeYNetIncomeGrowthPerShare,threeYRevenueGrowthPerShare,threeYShareholdersEquityGrowthPerShare,Industry,Sector,Symbol
2024Q1,2024,Q1,2023-06-06,2023-04-29,35875000.0,455497000.0,45913000.0,2.74,153620000.0,0.3372579841,965345000.0,399015000.0,491127000.0,330975000.0,566330000.0,437957000.0,1170180000.0,694935030.0,1075418030.0,31.194980845907278,1.4838794470881487,0.4220346093883534,1.021036803127702,0.033274071088048404,31.194980845907278,0.08990890066789468,1.5256632425680081,4.842752822299651,1.741626329837224,,0.6892845644663745,,0.4718489244777774,0.11936853236649293,0.03716287959227012,0.0,0.33725798413600966,-0.05841924398625427,1.473628762703668,1.4591137989661922,0.7319234104326556,-0.04693956050773641,-0.06633874661669789,-0.0941858859273581,4.03569520903149,1.1835972677554687,0.6947080710529433,Apparel Retail,Consumer Cyclical,HIBB
2023Q4,2023,Q4,2023-03-24,2023-01-28,38424000.0,458295000.0,50687000.0,2.91,161186000.0,0.351707961,939160000.0,376231000.0,473055000.0,327752000.0,562929000.0,420839000.0,1137481000.0,845802700.0,1170420700.0,29.416028146989834,1.4433321535795358,0.36269964649261044,0.9053825973936226,0.03804164513666916,29.416028146989834,0.10212874537185931,1.8455420635180397,5.503088564438892,2.248094123025482,0.08281282531750989,0.7059920777304385,0.0037621066946227533,0.4879839430980877,0.08806963801898997,0.0409131564376677,91.16217934899763,0.35170796102946794,0.5000000000000001,4.885904679171565,1.5616274870234255,0.7551353606895866,0.08374907550595038,0.5025221913737145,0.48203268910265784,7.613104612978889,0.9691367666378018,0.5381175203111381,Apparel Retail,Consumer Cyclical,HIBB
2023Q3,2023,Q3,2022-12-06,2022-10-29,25573000.0,433164000.0,34201000.0,1.94,148730000.0,0.3433572504,937370000.0,337834000.0,474680000.0,361927000.0,599536000.0,404819000.0,1102243000.0,809244480.0,1143140480.0,26.317208070421437,1.3115351990871087,0.38299710893243866,1.0626816720637946,0.025818661458837867,26.317208070421437,0.07569693991723746,1.868217303377012,7.9111218863645245,2.395390872440311,0.12509287138779182,0.7026201833411969,0.0039530699054011464,0.4621056786541067,0.11130421328057868,0.0272816497220948,17.87279650161226,0.3433572503716837,0.043010752688171956,4.351155522934576,1.882675985622624,0.6795069762852697,0.10046466201018113,0.03479949823979282,0.042332073631598195,14.451557196782687,1.151933989986618,0.3753631804627091,Apparel Retail,Consumer Cyclical,HIBB
2023Q2,2023,Q2,2022-09-06,2022-07-30,24713000.0,392805000.0,32812000.0,1.86,135152000.0,0.3440689401,888695000.0,322543000.0,437015000.0,332354000.0,566152000.0,366218000.0,1079872000.0,607660920.0,972345920.0,24.904872210640104,1.3149082002924593,0.4423598647454976,1.2188235367067337,0.02449217282299022,24.904872210640104,0.07661924146547902,1.5469785771566045,6.147178812770607,1.8839687111485912,0.13041718933354915,0.7035508904532273,0.005303944838183769,0.4420020366942539,0.1351962064545635,0.02780819066158806,-11.424774761224336,0.344068940059317,-0.356401384083045,13.485562540807269,2.353353447931062,0.5883603183462701,-0.13824258925098673,-0.3719216204539101,-0.3530629547112522,4.892469062323859,1.1513650674902873,0.3118199761835641,Apparel Retail,Consumer Cyclical,HIBB
2023Q1,2023,Q1,2022-06-06,2022-04-30,39347000.0,424051000.0,50719000.0,2.89,156833000.0,0.3698446649,805614000.0,306106000.0,368538000.0,275798000.0,499508000.0,314861000.0,1058383000.0,571012320.0,855106320.0,23.14776164549304,1.3362605965235426,0.3814668066840944,1.0039496122258302,0.04376543018528304,23.14776164549304,0.12854044023965555,1.346565200883856,3.6280549978397336,1.8654071465440079,0.0832846214450911,0.8486856104757338,0.005738930466509024,0.5263699488837086,0.1345114902936207,0.04884100822478259,44.44713318284425,0.3698446649105886,1.312,2.0331959224898113,1.4793800359518081,0.4720625059230332,0.16520427646975788,1.228155614700719,1.1953425961996278,0.955488851421879,0.7101282324730861,0.18647977839221067,Apparel Retail,Consumer Cyclical,HIBB
2022Q4,2022,Q4,2022-03-25,2022-01-29,17659000.0,383348000.0,23103000.0,1.25,134597000.0,0.351109175,703217000.0,291515000.0,277014000.0,194864000.0,411702000.0,221219000.0,1022317000.0,809250820.0,1075468820.0,21.444387229660144,1.4215760735692586,0.4028230261782636,0.9717235819769137,0.02065437294031135,21.444387229660144,0.06057664271135276,2.111008326637937,11.45663429412764,2.776017769240005,0.19287615380259357,1.1244558559617392,0.004208831076624673,0.5451347165953041,0.1573456359307004,0.025111736491012022,39.98077268909639,0.3511091749533061,-0.25595238095238093,1.3609892182286731,1.5021665625611957,0.406557670344431,-0.029553844379073657,-0.2990234995236583,-0.30856253554005925,2.580895268414331,0.685735030100739,0.16714479861711848,Apparel Retail,Consumer Cyclical,HIBB
2022Q3,2022,Q3,2021-12-06,2021-10-30,25192000.0,381719000.0,33413000.0,1.68,138696000.0,0.363345812,725242000.0,305485000.0,324338000.0,212552000.0,419757000.0,258839000.0,1008066000.0,1112193280.0,1349021280.0,21.270366244255676,1.5259230682374196,0.367569721555012,0.8726353176097026,0.03009679482759425,21.270366244255676,0.0824655875083883,2.9136440156240586,11.037167354715782,3.640745961340164,0.14635598602731026,0.9388963796027646,0.003315071279696996,0.526333279098563,0.20276449998118107,0.034735991572468226,-41.807062361387814,0.36334581197163357,-0.4125874125874126,1.6410789283064646,1.4658973485744669,0.408043649980396,-0.15080788846914472,-0.460510536234367,-0.4566991869918699,20.642151259173946,1.2664579539912175,0.19762002577777316,Apparel Retail,Consumer Cyclical,HIBB
2022Q2,2022,Q2,2021-09-07,2021-07-31,46696000.0,419257000.0,61500000.0,2.86,163327000.0,0.38956296495944015,800074000.0,400179000.0,418922000.0,203119000.0,399895000.0,216789000.0,986568000.0,1391164060.0,1468632060.0,25.503728251864125,2.0624461522555744,0.31785684824153765,0.6354881190667176,0.051405616052015275,25.503728251864125,0.1166877822174577,3.318165373505988,7.447983017817371,3.476354481369587,0.0,1.180548828584476,0.0,0.5240227778930449,0.9406850171574299,0.058364601274382116,-209.82866666666666,0.38956296495944015,-0.42800000000000005,9.185509260496564,1.8769653061204135,0.7830594621776588,-0.22211532508108572,-0.44911875044239435,-0.4416704493871993,46.840220101779444,1.382226183676122,0.439230213325214,Apparel Retail,Consumer Cyclical,HIBB
2022Q1,2022,Q1,2021-06-07,2021-04-30,84766000.0,506861000.0,110150000.0,5.0,209963000.0,0.4142417743720665,840759000.0,439466000.0,475056000.0,210484000.0,401293000.0,182371000.0,943718000.0,1297021250.0,1273728250.0,26.919816232771822,2.2569696508998307,0.29444704130434524,0.5633177538194081,0.09078076881890923,26.919816232771822,0.19288409114698293,2.5589288779369492,3.8252992060495954,2.9513574428966063,0.0,1.6279890991440524,0.0,0.6028612242033686,1.3554331920716063,0.10082080596223175,12.800351831199976,0.4142417743720665,2.5971223021582737,3.2386214318930464,1.5072557498049088,0.8448048162742571,0.5028702722821886,2.541952197894033,2.5529965808657504,3.5794741429866916,1.1440420114939,0.4945692760122145,Apparel Retail,Consumer Cyclical,HIBB
2021Q4,2021,Q4,2021-04-07,2021-01-30,23932000.0,376830000.0,31002000.0,1.39,139708000.0,0.37074542897327706,808166000.0,391036000.0,439800000.0,225320000.0,417130000.0,202038000.0,858951000.0,933344300.0,972355300.0,23.65041732188218,1.9518906444168294,0.30724009671280406,0.6349824568581921,0.02698668546887786,23.65041732188218,0.0612015262021911,2.476831197091527,9.749961348821662,2.386850059841038,0.0,1.1736505013908274,0.0,0.46627796764526097,0.9816927037102787,0.029612728078142362,24.21880481602574,0.37074542897327706,-0.05442176870748304,0.8946180501507407,1.113844922081135,0.7339551120673738,0.0997512516137158,-0.05279822686614422,-0.06521935775667119,1.835843475370846,0.6293295613819981,0.4111246946487794,Apparel Retail,Consumer Cyclical,HIBB
2021Q3,2021,Q3,2020-12-07,2020-10-31,25266000.0,331383000.0,33165000.0,1.47,127036000.0,0.3833509866227296,777402000.0,373161000.0,412120000.0,212853000.0,404241000.0,210857000.0,835020000.0,626587320.0,698731320.0,22.517559739319335,1.9361719120707719,0.32138070136171504,0.6695287020883747,0.02897467708025693,22.517559739319335,0.06770804022928441,1.8908251781171634,6.199906198052719,1.6791339931021732,0.0,0.9691259953428153,0.0,0.4262698063550132,0.8947959389813627,0.0325005595560598,-14.919100930974547,0.3833509866227296,-0.38235294117647056,0.9270600513621229,1.0677036143523078,0.7969563473693675,-0.22348209319241796,-0.37390657911039527,-0.4106933437577739,3.0953498047652075,0.7082928239697325,0.4370216844397023,Apparel Retail,Consumer Cyclical,HIBB
2021Q2,2021,Q2,2020-09-04,2020-08-01,40355000.0,441607000.0,56278000.0,2.38,163597000.0,0.3704583487127695,786843000.0,345679000.0,419766000.0,247428000.0,441164000.0,182035000.0,809754000.0,383446650.0,418555650.0,20.905896583005745,1.6965177748678404,0.3214338819815389,0.7316556689877025,0.04756611232027762,20.905896583005745,0.11674125416933051,0.8682983965380984,2.375459360674018,1.1092564199734436,0.0,1.5272337737248332,0.0,0.5612390273536144,0.9364986986113132,0.05128723264996956,2.301683433977214,0.3704583487127695,3.58695652173913,7.515824709415734,2.2882142185469054,0.5701535021732395,1.2063873116916395,3.6398246876430953,3.551480255701138,16.969050746489202,1.9528227402249272,0.33331728310216235,Apparel Retail,Consumer Cyclical,HIBB
2021Q1,2021,Q1,2020-06-08,2020-05-02,-15287000.0,269837000.0,-22057000.0,-0.92,74147000.0,0.27478440688267364,738569000.0,304567000.0,380494000.0,243648000.0,434002000.0,241984000.0,769315000.0,244549880.0,443040880.0,18.407288770699868,1.5616545179931705,0.41254913217316186,1.00042355212482,-0.017558795715871475,18.407288770699868,-0.05019256846605181,0.9062874253716132,-3.9993111794335054,0.8029428007630505,0.0,0.8086898307326105,0.0,0.3653511046361274,0.51799317047544,-0.02069813382365087,-1381.6377401129944,0.27478440688267364,-3.705882352941176,-1.8380173771591433,0.5025558976566397,0.320794773567083,-0.2490910748103663,-3.547833333333333,-3.8303605800076994,-1.9418482264969974,0.26094553627197087,0.17059610557728314,Apparel Retail,Consumer Cyclical,HIBB
2020Q4,2020,Q4,2020-04-16,2020-02-01,6000000.0,313024000.0,7793000.0,0.34,98743000.0,0.31544865569413205,769759000.0,328983000.0,372512000.0,233661000.0,440776000.0,288011000.0,784942000.0,426265560.0,614125560.0,19.12469480292989,1.5942412298158444,0.3298928625712723,0.7718879091016861,0.0071403465324337105,19.12469480292989,0.018238024457190798,1.3617663821304438,17.761065,1.295706951423022,0.0,0.7440028332251198,0.0,0.40665195210448984,0.31907335841240086,0.007794647415619694,38.95326327332541,0.31544865569413205,1.6153846153846154,-0.5629757387202358,0.8980978895115733,0.47006138214718446,0.09510025729748914,1.6490066225165563,1.969893292682927,-0.3660610007874326,0.6146149649933783,0.2544068468811936,Apparel Retail,Consumer Cyclical,HIBB
2020Q3,2020,Q3,2019-12-11,2019-11-02,2265000.0,275475000.0,2624000.0,0.13,90168000.0,0.32731826844541245,765881000.0,336159000.0,381789000.0,234679000.0,429722000.0,288876000.0,778942000.0,421104960.0,593883960.0,19.134733606557376,1.6268562589750255,0.3266186261312136,0.7441448838198591,0.002585216867603124,19.134733606557376,0.0067378829660964005,1.5286503675469643,46.4795761589404,1.2526957778908197,0.0,0.6414759273875296,0.0,0.359683815109658,0.35837889201845924,0.0029573784961371284,-99.06021171489061,0.32731826844541245,1.2653061224489797,-0.8083184811234377,0.8035507404022295,0.5482221600518841,0.18062666125463187,1.2580314422419685,1.2254101881281676,-0.8058758627586124,0.4548090953831654,0.26667025096738795,Apparel Retail,Consumer Cyclical,HIBB
2020Q2,2020,Q2,2019-09-11,2019-08-03,-8778000.0,252440000.0,-11641000.0,-0.49,76373000.0,0.30253921723974014,769611000.0,339945000.0,382638000.0,232707000.0,429666000.0,270563000.0,776677000.0,309952860.0,473366860.0,18.984977102647157,1.6442908894016939,0.3393974358474606,0.7683713541896483,-0.010449355088583313,18.984977102647157,-0.025821824118607423,1.2278278402788783,-8.827547846889951,0.9117735516039359,0.0,0.650743080169868,0.0,0.328009864723867,0.4570726278109382,-0.011405762131778262,-235.16908952959028,0.30253921723974014,-1.3310810810810811,-2.494957557459307,0.857878689633769,0.566207903521823,-0.3560618196841564,-1.3151093082528629,-1.3117401317551283,-2.6778405508335643,0.5179746397616084,0.32730958892753004,Apparel Retail,Consumer Cyclical,HIBB
2020Q1,2020,Q1,2019-07-08,2019-05-04,27857000.0,343295000.0,37342000.0,1.48,118603000.0,0.34548420454710965,780706000.0,357182000.0,386790000.0,222001000.0,423524000.0,248548000.0,785454000.0,391241960.0,558135960.0,19.509613283810356,1.7422894491466254,0.3635901350828609,0.7947124995100537,0.03102845953451029,19.509613283810356,0.077991052180681,1.1396669336867709,3.5111638008400043,1.095357436824924,0.0,0.9040185396784525,0.0,0.43972378846838633,0.5641731343552506,0.03568180595512267,5.622181091839227,0.34548420454710965,3.1111111111111116,0.38532599575488313,0.850416498293371,0.5639155305369078,0.24715296690816937,3.198492840994725,3.1662389824835433,0.2420800041889749,0.5142219038329534,0.33698641322098216,Apparel Retail,Consumer Cyclical,HIBB
2019Q4,2019,Q4,2019-04-18,2019-02-02,6635000.0,305964000.0,8963000.0,0.36,95099000.0,0.3108176125295786,546065000.0,336049000.0,367856000.0,173273000.0,210016000.0,280287000.0,759677000.0,298309900.0,274564900.0,18.373373428102788,2.12298511597306,0.06960892933991375,0.11311148076619779,0.01835381623672236,18.373373428102788,0.019744144455124103,0.9749836582081552,11.240011303692539,0.8876976274293332,0.0,0.752318159600695,0.0,0.5603069231684873,0.4110623120740104,0.012150568155805628,17.34662441123452,0.3108176125295786,3.4999999999999996,-0.4450136375620534,0.9828333402917291,0.5599264362439327,0.34869242114817334,3.42628418945964,3.8659066232356136,-0.5251594149723853,0.5515372632984727,0.34706311300921533,Apparel Retail,Consumer Cyclical,HIBB
2019Q3,2019,Q3,2018-12-13,2018-11-03,1499000.0,216888000.0,1842000.0,0.08,70512000.0,0.32510788978643357,510015000.0,328481000.0,401426000.0,156347000.0,181534000.0,256854000.0,753042000.0,353994300.0,283461300.0,17.760529872938633,2.5675324758389992,0.09929904022430713,0.15417634505496514,0.003431158583224142,17.760529872938633,0.004563429848301728,1.6321525395595884,59.038408939292864,1.0776705501992505,0.0,0.5698801653857833,0.0,0.4252580806446869,0.7750516479369607,0.0029391292412968245,-22.110824484697066,0.32510788978643357,2.3333333333333335,-0.8786709232029024,0.45607955360829755,0.6075646713363161,0.06271194104082832,2.2266775777414076,1.9771883289124668,-0.8975573089297413,0.21259053668967,0.4173337278680213,Apparel Retail,Consumer Cyclical,HIBB
2019Q2,2019,Q2,2018-09-13,2018-08-04,-1222000.0,211123000.0,-1885000.0,-0.06,66351000.0,0.31427651179644095,497979000.0,333551000.0,388739000.0,139292000.0,164428000.0,248135000.0,751543000.0,454575450.0,335627450.0,17.720395261116717,2.790820721936651,0.0012912191076330528,0.0019277411850061909,-0.0040042940219834795,17.720395261116717,-0.0036636076641952805,2.1531308763138077,-92.99825081833059,1.362836417819164,0.0,0.5834404658754307,0.0,0.4239596448846237,0.8585633058610689,-0.0024539187395452417,39.16727985524729,0.31427651179644095,-1.0535714285714286,-1.1598073367839652,0.5628696774120961,0.6820329388702376,-0.3143645438293739,-1.056813426937561,-1.0658607316306208,-1.2265248881153086,0.3809407951724447,0.330903966192687,Apparel Retail,Consumer Cyclical,HIBB
2019Q1,2019,Q1,2018-06-13,2018-05-05,21509000.0,274707000.0,28621000.0,1.12,96773000.0,0.3522771534762492,475249000.0,341683000.0,363776000.0,107253000.0,133566000.0,229109000.0,752765000.0,529263000.0,414077000.0,18.011755403268317,3.391755941558744,0.001348766646536868,0.0018760078786477525,0.0628400029583771,18.011755403268317,0.06295016140691811,1.92664548045736,6.151645822678878,1.5489883898233159,0.0,0.7766347022596232,0.0,0.5780275182062455,1.079941819809236,0.04525838034377768,12.329085911293328,0.3522771534762492,1.1960784313725492,0.1205208828401923,0.5631626942484119,0.7534046380818622,0.15236133273000071,1.2099044487824926,0.8017626691847655,0.028434571623674736,0.33421111058472436,0.29241371153330054,Apparel Retail,Consumer Cyclical,HIBB
2018Q4,2018,Q4,2018-03-30,2018-02-03,9733000.0,266739000.0,15885000.0,0.51,83978000.0,0.3148321017923888,461846000.0,319596000.0,346774000.0,115567000.0,142250000.0,253201000.0,731901000.0,422378350.0,352019350.0,16.759976925900677,3.000631668209783,0.006896238139986056,0.009965706704714703,0.029962684720742705,16.759976925900677,0.030454073267500218,1.5834892910298082,10.849130535292304,1.3216008648418627,0.0,0.7218020465953926,0.0,0.5775496594102796,0.6934765114608842,0.021074124275191296,17.277308054157974,0.3148321017923888,0.3783783783783784,-0.3185047552601981,0.6630757144488083,0.8116393530662814,0.10333320194973264,0.2867530407191962,0.3476711631458386,-0.3604830716792671,0.45907801186889574,0.2882921844415479,Apparel Retail,Consumer Cyclical,HIBB
2018Q3,2018,Q3,2017-12-04,2017-10-28,7564000.0,237834000.0,11787000.0,0.37,76113000.0,0.32002573223340647,458332000.0,318375000.0,340798000.0,112825000.0,139957000.0,265422000.0,722168000.0,272261200.0,214556200.0,15.669603307412148,3.020589408375803,0.0013527312079453322,0.0019473890851982724,0.023772867326707237,15.669603307412148,0.023758146839418924,1.1447530630607903,8.998585404547859,0.8551588535531999,0.0,0.6092976467662816,0.0,0.5189120550168873,0.5169510303567472,0.01650332073693305,12.611691680563275,0.32002573223340647,3.466666666666667,-0.4871692994646393,0.5069348180452434,0.7853505619715488,0.39893030436700483,3.381612090680101,3.283417280123983,-0.44651618892527695,0.34636086757381845,0.2678528783616822,Apparel Retail,Consumer Cyclical,HIBB
2018Q2,2018,Q2,2017-09-05,2017-07-29,-3176000.0,187958000.0,-5162000.0,-0.15,54408000.0,0.28946892390853274,469985000.0,325838000.0,350233000.0,116582000.0,144147000.0,276430000.0,714605000.0,316910250.0,264762250.0,15.679611183292431,3.004177317253092,0.0013021692181665373,0.0018782339690275535,-0.009606481064529585,15.679611183292431,-0.009747174976522076,1.686069494248715,-24.945706076826195,0.9726006481748598,0.0,0.4831241182216113,0.0,0.3999234018106961,0.4525569985074883,-0.006757662478589742,-19.485381824889327,0.28946892390853274,-1.1546391752577319,-1.5077232975669335,0.4338571991103915,0.8612069467015782,-0.4460485857989371,-1.1518890483022477,-1.1510770311402483,-1.4660643861963594,0.1919337983828567,0.2935243917675101,Apparel Retail,Consumer Cyclical,HIBB
2018Q1,2018,Q1,2017-06-02,2017-04-29,20910000.0,275688000.0,34168000.0,0.97,98218000.0,0.35626505324859986,458782000.0,335188000.0,338879000.0,94546000.0,123594000.0,249359000.0,717781000.0,554216000.0,478963000.0,15.724713829986865,3.5842764368667104,0.0013143497347324002,0.0017989904173180424,0.06227955490947326,15.724713829986865,0.062382901535854504,2.0103015002466558,6.626207556193209,1.6534482141365443,0.0,0.711704811135752,0.0,0.6009128518555654,0.8023184481627991,0.04557720224420313,9.381724616582591,0.35626505324859986,0.7962962962962962,-0.01956765805342813,0.46312251956214995,0.8750021934794907,0.20495141819609383,0.7345499792617172,0.7860017772202185,-0.10688606687170331,0.27630675801206117,0.2605131539112678,Apparel Retail,Consumer Cyclical,HIBB
2017Q4,2017,Q4,2017-03-28,2017-01-28,12055000.0,246929000.0,19131000.0,0.54,81512000.0,0.3301029850685825,458854000.0,334040000.0,338264000.0,96072000.0,124814000.0,280701000.0,697658000.0,716457000.0000001,680951000.0000001,15.246006389776358,3.520942626363561,0.007523090133244997,0.01033409172554185,0.03550805258433925,15.246006389776358,0.03608849239612023,2.9014696532201567,14.858087930319373,2.144823973176865,0.0,0.5892996462427993,0.0,0.5381428515388337,0.4981680406361895,0.02627197322023999,82.65539916935857,0.3301029850685825,-0.1818181818181818,-0.061201629609871154,0.5958195667983298,1.0203296810991982,-0.02759320011929615,-0.1745412215831279,-0.1744271350278341,-0.15825619873879504,0.33585496289265426,0.2944083734878853,Apparel Retail,Consumer Cyclical,HIBB
2017Q3,2017,Q3,2016-12-07,2016-10-29,14604000.0,237006000.0,23173000.0,0.66,83825000.0,0.35368302912162564,466901000.0,332173000.0,350213000.0,107132000.0,134728000.0,292461000.0,685603000.0,865267150.0,824617150.0,15.106325890217835,3.268985923906956,0.0011672710060591004,0.001640711316091314,0.04393500368256671,15.106325890217835,0.04396504231228908,3.650823818806275,14.812160195836757,2.6048689989854688,0.0,0.5237655619039804,0.0,0.5076151047009966,0.3845256319307023,0.0312785793990589,-318.34700147167035,0.35368302912162564,1.2758620689655176,0.11314562772160744,0.5568655047904123,1.071294584276785,0.22807917136703929,1.2433179723502303,1.290274757857284,-0.005776690716899843,0.3383132464241941,0.36732383484847314,Apparel Retail,Consumer Cyclical,HIBB
2017Q2,2017,Q2,2016-09-07,2016-07-30,6510000.0,206933000.0,10118000.0,0.29,68257000.0,0.32985072463067755,469081000.0,318693000.0,354599000.0,123096000.0,150388000.0,292906000.0,670999000.0,778052520.0,732688520.0,14.303352632287599,2.8806703710924806,0.0011149460327747234,0.0016410777770456207,0.020485887650563677,14.303352632287599,0.02042718227259463,3.7599248065799076,29.879129032258064,2.441385659553238,0.0,0.47344881975787456,0.0,0.4411455590825465,0.37277409501527264,0.01387820014027428,-124.74787878787879,0.32985072463067755,-0.7622950819672131,0.3412113595902476,0.6537911341346325,0.9243289250397733,-0.3499457153197082,-0.7667168350892282,-0.7718190428938704,-0.28078181417322495,0.2941098244334274,0.3576847417492599,Apparel Retail,Consumer Cyclical,HIBB
2017Q1,2017,Q1,2016-06-07,2016-04-30,27906000.0,282092000.0,44342000.0,1.22,105002000.0,0.37222608227103215,452952000.0,332411000.0,340984000.0,93183000.0,120541000.0,251841000.0,664489000.0,822358000.0,749443000.0,14.592230026338894,3.6592940772458498,0.0011038697257104507,0.0015041620162990995,0.08382137022375975,14.592230026338894,0.08395029045368535,2.915212058477376,7.367214935856089,2.47391933479939,0.0,0.7031817694497718,0.0,0.6227856373302249,0.7878583003337518,0.06160917713135167,16.704747201852566,0.37222608227103215,0.6052631578947368,0.5757581859867176,0.6688561351350688,0.9818115232691726,0.22852462852462851,0.6027798518178163,0.6053727236522936,0.2106286187845525,0.3367150469310403,0.42052138924212334,Apparel Retail,Consumer Cyclical,HIBB
2016Q4,2016,Q4,2016-03-28,2016-01-30,17411000.0,245719000.0,27621000.0,0.76,85470000.0,0.3478363496514311,442372000.0,310846000.0,330368000.0,105190000.0,131526000.0,283099000.0,636583000.0,732926399.9999999,704279399.9999999,13.639578762615182,3.1406787717463636,0.008198981852377637,0.0116681572225475,0.05491528386682963,13.639578762615182,0.0560116585061413,2.982782772190998,10.52389868473953,2.3578440771314413,0.0,0.5660528648988516,0.0,0.5554578499543371,0.37408498906740184,0.03935827764867578,-71.46318252730109,0.3478363496514311,-0.037974683544303826,0.7538687779442658,0.7802868862292135,0.9496019382011626,0.03786186127841461,-0.0677839053381164,-0.07495227569577012,0.020054592606600165,0.28188136985004636,0.47434556472534345,Apparel Retail,Consumer Cyclical,HIBB
2016Q3,2016,Q3,2015-12-08,2015-10-31,18677000.0,228301000.0,29859000.0,0.79,82352000.0,0.3607167730320936,451972000.0,295818000.0,352073000.0,129927000.0,156154000.0,276938000.0,619171000.0,806415119.9999999,761429119.9999999,12.530944211462701,2.7097754893132295,0.0010332498473356756,0.0015786733734931614,0.06307961930762222,12.530944211462701,0.06313679356901879,3.5322452376467903,10.794227124270492,2.7260515587286775,0.0,0.5270096555907821,0.0,0.5051219987078845,0.34983490729409594,0.041323356314107954,77.03621704241496,0.3607167730320936,1.8214285714285714,0.7729532143020544,0.6294737439840924,0.89093333722672,0.2634744319489406,1.6563788934717678,1.7848349188584218,0.08985763460281056,0.24499755090054293,0.4277405656712724,Apparel Retail,Consumer Cyclical,HIBB
2016Q2,2016,Q2,2015-09-08,2015-08-01,7031000.0,199261000.0,10722000.0,0.28,65179000.0,0.32710364797928343,466087000.0,326646000.0,368420000.0,113529000.0,139441000.0,251340000.0,600495000.0,1117478150.0,1032633150.0,13.314555904292178,3.24516202908508,0.0009805036398783918,0.00139906810430864,0.02159568940008862,13.314555904292178,0.02152483116278785,5.608112726524508,39.733969207794054,3.4210679145007132,0.0,0.5334686082597279,0.0,0.4275188966866701,0.7513674920064477,0.015085166503249394,-187.307769024472,0.32710364797928343,-0.7431192660550459,1.0557892958023787,0.6721944437166478,0.9458929569261271,-0.34630119950254745,-0.7434690601284296,-0.7552222450517088,-0.04790676409102923,0.28760654335939206,0.5804692891696774,Apparel Retail,Consumer Cyclical,HIBB
2016Q1,2016,Q1,2015-06-08,2015-05-02,27408000.0,269823000.0,43803000.0,1.09,99708000.0,0.3695311370787516,472620000.0,346462000.0,375013000.0,100212000.0,126158000.0,233359000.0,593463000.0,1170906000.0,1052266000.0,13.936524537409493,3.7421965433281446,0.0009500232745122931,0.001295957421015869,0.0790300260437844,13.936524537409493,0.07910824275100876,4.339533694310715,10.680330560420314,3.3796087305389912,0.0,0.7289840974635647,0.0,0.5709089754982861,1.1883706542130683,0.05799162117557446,29.95717136570639,0.3695311370787516,0.379746835443038,0.8277838091571261,0.6911810028717156,1.0365006807257575,0.17262142773138892,0.37555834378920955,0.37111465865339466,0.10190848976549914,0.2278530289210501,0.6617799445921855,Apparel Retail,Consumer Cyclical,HIBB
2015Q4,2015,Q4,2015-03-31,2015-01-31,19925000.0,239338000.0,31947000.0,0.79,85030000.0,0.3552716242301682,452397000.0,324781000.0,355498000.0,102125000.0,127616000.0,240408000.0,566055000.0,1174353600.0,1089421600.0,13.00945323452834,3.4810085679314566,0.0076592019840980375,0.010668727542559448,0.060212474414197616,13.00945323452834,0.06134903211702655,4.906674243120608,14.73467503136763,3.615832206933287,0.0,0.6418588399720475,0.0,0.5290441802222384,0.9397698898408813,0.04404317446844254,50.58380427291523,0.3552716242301682,0.1791044776119403,0.9829002840000843,0.6780984071205824,1.16974071389617,0.07428932406822489,0.17969212551805802,0.19151872295986871,0.361802883997151,0.35748222903554466,0.7239520850663321,Apparel Retail,Consumer Cyclical,HIBB
2015Q3,2015,Q3,2014-12-08,2014-11-01,16890000.0,218321000.0,26812000.0,0.67,79150000.0,0.36253956330357595,443705000.0,310351000.0,343590000.0,110952000.0,133354000.0,242788000.0,546129000.0,1139788290.0,1068735290.0,12.359165306041177,3.096744538178672,0.0009646048613380512,0.0013790836826689781,0.05442072735543833,12.359165306041177,0.0544222509352314,5.220699291410354,16.87075621669627,3.672578113168638,0.0,0.5732202580028667,0.0,0.4920408830191231,0.6442515682457279,0.03806583202803664,190.4408170426065,0.36253956330357595,1.09375,1.1957480410907197,0.7075529112022657,1.1811142696068628,0.22888461060737797,1.0155131264916468,0.9538001894629454,0.12733056307131496,0.2558238844737273,0.6946193502393372,Apparel Retail,Consumer Cyclical,HIBB
2015Q2,2015,Q2,2014-09-08,2014-08-02,8380000.0,193918000.0,13723000.0,0.32,64408000.0,0.33214038923668765,441440000.0,309768000.0,342250000.0,109691000.0,131672000.0,227866000.0,529239000.0,1266250250.0,1185189250.0,12.121620035218157,3.1201283605765284,0.0008744110184849583,0.0012460938508819504,0.02712360699470486,12.121620035218157,0.027052503809302447,6.529823172681237,37.77596211217184,4.087737435758374,0.0,0.5683603521367822,0.0,0.4392850670532802,0.7425130594123492,0.01898332729249728,-189.44498055056852,0.33214038923668765,-0.7064220183486238,7.466490793474143,0.7647676714290658,1.281653901065637,-0.3440873355330156,-0.7048048471185008,-0.6994788016818501,0.5052860832943008,0.3512254675647425,0.6308053539459796,Apparel Retail,Consumer Cyclical,HIBB
2015Q1,2015,Q1,2014-06-09,2014-05-03,28388000.0,261909000.0,45664000.0,1.09,98196000.0,0.3749241148643231,437093000.0,322425000.0,339582000.0,93213000.0,114668000.0,206338000.0,520859000.0,1385087140.0,1275203140.0,12.474851040780004,3.6430755366740692,0.0008945464695156409,0.0012126851205706754,0.08797289252111322,12.474851040780004,0.08804528184849189,5.288428958149586,12.197822495420601,4.295842878188727,0.0,0.793421473504638,0.0,0.5992065761748644,1.1830431377597546,0.06494727666652177,24.29892179221782,0.3749241148643231,0.7031250000000001,1.8755236009905731,0.8357148715250189,1.3743257374049167,0.25934285787570216,0.6825509720246562,0.6885076172163881,0.4128210545740022,0.36564849940442257,0.6942443683425851,Apparel Retail,Consumer Cyclical,HIBB
2014Q4,2014,Q4,2014-03-31,2014-02-01,16872000.0,217767000.0,27044000.0,0.64,77974000.0,0.358061597946429,416345000.0,304023000.0,323649000.0,91414000.0,112322000.0,226545000.0,492471000.0,1548978120.0,1485962120.0,11.77835890283589,3.5404752007351172,0.007712353937239549,0.010561700923943254,0.054440390466258606,11.77835890283589,0.05549580130450657,7.113006653900729,22.951904338549078,5.094937290928646,0.0,0.6170650422653337,0.0,0.5230445904238071,0.8163629203404292,0.04052408459330603,-365.67,0.358061597946429,-0.030303030303030328,1.4748420737648311,0.6482524908024268,1.4923636997397562,0.01942788411254053,-0.02191304347826087,-0.01453922676092264,0.500591965759951,0.39304770966774283,0.6835645547014637,Apparel Retail,Consumer Cyclical,HIBB
2014Q3,2014,Q3,2013-12-10,2013-11-02,17250000.0,207971000.0,27443000.0,0.66,76488000.0,0.36778204653533425,416227000.0,285295000.0,328628000.0,112197000.0,130932000.0,230172000.0,475600000.0,1518392400.0,1449137400.0,11.048096658018046,2.929026622815227,0.001638528975775238,0.002390508070593596,0.06029687218502222,11.048096658018046,0.06046373052454477,7.300981386827972,22.00568695652174,5.322183704586481,0.0,0.5712380306900926,0.0,0.49965763874039887,0.6838150752693922,0.04144373142540008,-376.5854166666667,0.36778204653533425,0.65,1.4875384908528948,0.6374631943812162,1.4647752294502556,0.1964897461166643,0.6363118952760387,0.617529175999057,0.49697090927763815,0.35698934638768554,0.6671700017975633,Apparel Retail,Consumer Cyclical,HIBB
2014Q2,2014,Q2,2013-09-09,2013-08-03,10542000.0,186235000.0,16966000.0,0.4,63927000.0,0.34325985985448493,402947000.0,273386000.0,334263000.0,110748000.0,129561000.0,221221000.0,458350000.0,1590735000.0,1510514000.0,10.535105973025049,3.0182305775273592,0.0017173474427157915,0.0025312195942732985,0.038461847728136205,10.535105973025049,0.038560862663047854,8.54154697022579,37.72374786568013,5.818641042335744,0.0,0.5528769872661276,0.0,0.4621823713788662,0.7930526962112182,0.02616224962588132,-93.23808686477932,0.34325985985448493,-0.6,1.4121161522576164,0.5672763018291438,1.5271363341027306,-0.29655468380338257,-0.5978484779125658,-0.6002262070265557,1.9140554469649937,0.47753939958240244,0.5396824843982385,Apparel Retail,Consumer Cyclical,HIBB
2014Q1,2014,Q1,2013-06-10,2013-05-04,26214000.0,239993000.0,42439000.0,1.0,90877000.0,0.3786652110686562,394281000.0,266118000.0,333439000.0,108826000.0,128163000.0,205495000.0,447808000.0,1434933340.0,1332449340.0,10.272446537481665,3.06396449377906,0.0017855285950882746,0.0026454429989703817,0.09809074781449553,10.272446537481665,0.09850517439632044,5.979063306013092,13.684799534599831,5.392094258937764,0.0,0.7256429596827173,0.0,0.6086851763082675,1.036324040210979,0.06648557754494891,51.023480425274684,0.3786652110686562,0.36986301369863017,2.099448927413431,0.8236859775448694,1.6182281747866603,0.1578310336480271,0.3540988687432202,0.373163786966932,0.6775734281957927,0.4434789752490614,0.501080438680799,Apparel Retail,Consumer Cyclical,HIBB
2013Q4,2013,Q4,2013-04-01,2013-02-02,19359000.0,217407000.0,30906000.0,0.73,78489000.0,0.3610233341152769,377331000.0,239127000.0,321614000.0,118715000.0,138204000.0,221378000.0,421594000.0,1375630560.0,1301571560.0,9.25127669452182,2.709126900560165,0.007558350625843093,0.011926716765568087,0.07917590430537186,9.25127669452182,0.08095698101845462,6.327443734562364,17.7647419804742,5.752719517243975,0.0,0.627514929216092,0.0,0.5761705240226751,0.6980162574232406,0.05130508757562988,114.2835058569411,0.3610233341152769,0.028169014084507067,2.0131522760582654,0.801759749454746,1.3778007379141382,0.04041622481442206,0.020775112048510413,0.02,0.8607588366580736,0.47225797737859254,0.5429450675411509,Apparel Retail,Consumer Cyclical,HIBB
2013Q3,2013,Q3,2012-12-04,2012-10-27,18965000.0,202934000.0,30300000.0,0.71,75440000.0,0.37174647915085696,352318000.0,229293000.0,300731000.0,104348000.0,123025000.0,207283000.0,402235000.0,1396381250.0,1321305250.0,8.776765550239235,2.8820006133323113,0.0006017291197157114,0.0009245812126842075,0.08266450395858413,8.776765550239235,0.08271076744601885,6.880962529689456,18.407345768520962,6.089942780634385,0.0,0.6150721477400463,0.0,0.5759966848131518,0.7215087974853375,0.053829211110417295,88.90750350184643,0.37174647915085696,1.3666666666666667,1.8865224753770662,0.862117467607787,0.9868118896195991,0.33463069438301635,1.4021532615579482,1.4480891977054213,1.3698093594514649,0.525601765534001,0.5489014111060991,Apparel Retail,Consumer Cyclical,HIBB
2013Q2,2013,Q2,2012-09-04,2012-07-28,7895000.0,165445000.0,12377000.0,0.3,56525000.0,0.34165432621112757,342331000.0,220956000.0,296601000.0,103338000.0,121375000.0,198971000.0,383270000.0,1632430720.0,1561126720.0,8.424431904834528,2.870202636009987,0.00047614735446103334,0.0007377034341678886,0.03579703666387583,8.424431904834528,0.03573109578377596,9.86690876121974,51.691916402786575,7.388035264939627,0.0,0.5474164576747366,0.0,0.4832895647779488,0.6915848961659796,0.023062474622514467,-106.74365526711567,0.34165432621112757,-0.6938775510204082,1.0057090121605299,0.7197561453512816,0.9574379056377004,-0.36077939114307683,-0.7005272541061336,-0.7080827378004199,6.771811641906109,0.46701236020907955,0.5857317639128238,Apparel Retail,Consumer Cyclical,HIBB
2013Q1,2013,Q1,2012-06-01,2012-04-28,26363000.0,232914000.0,42399000.0,0.98,88428000.0,0.37965944511708183,335829000.0,220976000.0,291538000.0,96488000.0,114853000.0,180877000.0,375375000.0,1575406710.0,1479751710.0,8.386504231659645,3.0214949009203216,0.0005240762411822683,0.000796466584606473,0.11924781065270017,8.386504231659645,0.11930254869307073,6.763898735155465,14.939562170466184,7.129311373180799,0.0,0.7988080297660841,0.0,0.6935493956745844,0.9931908631125114,0.07850126105845534,29.891596653005465,0.37965944511708183,0.6746697653753482,2.0984757882365788,1.0917255893563957,0.9055539737143399,0.297378189233997,0.6660136501516684,0.6925072851383178,1.6194262298457356,0.6013254289953548,0.5961948386391074,Apparel Retail,Consumer Cyclical,HIBB
2012Q4,2012,Q4,2012-03-26,2012-01-28,15824000.0,190682000.0,25051000.0,0.58519,68159000.0,0.3574485268667205,313696000.0,203750000.0,268773000.0,91658000.0,109946000.0,195071000.0,349012000.0,1321650000.0,1268757000.0,7.546296296296297,2.932346330925833,0.007156610221360808,0.01101840490797546,0.07620147625041587,7.546296296296297,0.0776638036809816,6.931173367176766,20.880466380182003,6.486625766871166,0.0,0.6280943861465825,0.0,0.6078560134652657,0.6683650090554016,0.050443741711720905,131.9011976047904,0.3574485268667205,-0.008152542372881324,0.5019194376858611,0.5090875857234461,0.7838377234532122,0.005013344343030714,-0.00845917664014036,0.003203716310920668,1.218988699166873,0.3797463796963548,0.5968366316160568,Apparel Retail,Consumer Cyclical,HIBB
2012Q3,2012,Q3,2011-12-06,2011-10-29,15959000.0,185180000.0,24971000.0,0.59,67819000.0,0.36623285451992654,313278000.0,195078000.0,268908000.0,100166000.0,118200000.0,197203000.0,333188000.0,1137324960.0,1084534960.0,7.293180798564379,2.6846235249485852,0.0006735231966496212,0.001081618634597443,0.08179877685319364,7.293180798564379,0.0818083023200976,6.141726752349066,17.816356914593648,5.830103650847354,0.0,0.5951278631663819,0.0,0.5911043865193215,0.5944432242477488,0.05094197485939006,87.52693243035247,0.36623285451992654,1.8095238095238095,0.9224113387286347,0.7076925234061195,0.8393725770272209,0.3393171001441634,1.6867003367003368,1.6655636208368916,1.221783645152476,0.40759665933215705,0.627072239919061,Apparel Retail,Consumer Cyclical,HIBB
2012Q2,2012,Q2,2011-09-06,2011-07-30,5940000.0,153127000.0,9368000.0,0.21,50637000.0,0.3306862930769884,325280000.0,202673000.0,280598000.0,104357000.0,122607000.0,192770000.0,317229000.0,1069957080.0,1005018080.0,7.43290424322441,2.6888277738915454,0.0007593457943925234,0.0012187119152526483,0.029425495495417935,7.43290424322441,0.029308294642108223,6.987383544378196,45.03186363636364,5.279228510951139,0.0,0.5316698656429942,0.0,0.47075442695523856,0.6919804133886562,0.01826119035907526,-78.59241075363596,0.3306862930769884,-0.7236842105263158,0.7452029811335006,0.7329689187773775,0.9496372829354868,-0.3319040016888103,-0.7216103482213995,-0.7256085059019947,0.2934857661511254,0.2264110128151588,0.7829875113790757,Apparel Retail,Consumer Cyclical,HIBB
2012Q1,2012,Q1,2011-06-03,2011-04-30,21337000.0,203656000.0,34141000.0,0.76,75793000.0,0.3721618808186353,318829000.0,202087000.0,273841000.0,98079000.0,116742000.0,174729000.0,311289000.0,1036909880.0,951845880.0,7.363076586752168,2.792045188062684,0.0008782137133071333,0.0013855418705804926,0.10546445619713195,7.363076586752168,0.10558323890205704,5.091477196841733,12.149199512583774,5.13100733842355,0.0,0.7317789262228938,0.0,0.6387624714188483,0.9265286146881595,0.06692302143155109,31.881376214487762,0.3721618808186353,0.7388916853521256,1.1911590112090533,0.8988636343389522,0.8961269093781078,0.25360568971220643,0.7127147214641194,0.7687804372603875,1.3812546920948783,0.46073015866288025,0.8766916432424345,Apparel Retail,Consumer Cyclical,HIBB
2011Q4,2011,Q4,2011-03-29,2011-01-29,12458000.0,173209000.0,19302000.0,0.43706,60460000.0,0.3490580743494853,314265000.0,200088000.0,269341000.0,94334000.0,114177000.0,174878000.0,289952000.0,928927999.9999999,855967999.9999999,6.996083916083916,2.855184769012233,0.008136445356625778,0.012779377074087401,0.060932787195548455,6.996083916083916,0.06226260445404022,5.36304695483491,18.641194413228444,4.642597257206829,0.0,0.6447294685437848,0.0,0.5511558716369943,0.8576123136938961,0.03964170365774108,42.08816999682841,0.3490580743494853,-0.006681818181818178,0.47912804729378755,0.6841458755600461,0.8839686437003164,0.023722040671193212,-0.01032729583730537,-0.03908000199133768,0.7524571142767305,0.29734273371171577,0.7981619237509372,Apparel Retail,Consumer Cyclical,HIBB
2011Q3,2011,Q3,2010-12-06,2010-10-30,12588000.0,167420000.0,20087000.0,0.44,59059000.0,0.35275952693823914,290304000.0,186937000.0,246463000.0,86265000.0,103367000.0,178076000.0,277494000.0,760232550.0,707957550.0,6.626856676947074,2.8570451515678434,0.0007474922839506172,0.001160818885506882,0.06730367524851937,6.626856676947074,0.06733819415097064,4.540870565045992,15.098358555767396,4.0667847991569355,0.0,0.6085098497270828,0.0,0.5767057980599647,0.6084970729728163,0.0433614417989418,53.92867631410938,0.35275952693823914,2.142857142857143,0.8269824492318758,0.7946061087561319,0.7970000102728239,0.3190173087660525,2.1368053825068527,2.099367381576917,0.7743832899057755,0.4227487219232226,0.500133228032346,Apparel Retail,Consumer Cyclical,HIBB
2011Q2,2011,Q2,2010-09-08,2010-07-31,4013000.0,139819000.0,6481000.0,0.14,44775000.0,0.3202354472568106,310087000.0,196965000.0,266867000.0,96292000.0,113122000.0,177758000.0,264906000.0,761965420.0,699317420.0,6.842388661154728,2.771434802475803,0.010667973826700249,0.016794862031325363,0.02017461560340649,6.842388661154728,0.020374178153479045,5.449655769244523,47.468565910789934,3.868532074226385,0.0,0.53468198337065,0.0,0.4509024886564093,0.68495825198355,0.012941529312741264,-203.57077745124232,0.3202354472568106,-0.7627118644067796,-0.01861223136655739,0.7670378360995526,0.614300449675289,-0.32270946467198114,-0.7685831266939623,-0.7658259864142217,-0.07110033718977277,0.32422953207232363,0.5898461856832986,Apparel Retail,Consumer Cyclical,HIBB
2011Q1,2011,Q1,2010-06-02,2010-05-01,17341000.0,184506000.0,27676000.0,0.59,66109000.0,0.35830271102294775,295592000.0,196740000.0,252045000.0,81820000.0,98852000.0,165056000.0,260893000.0,790597500.0,719443500.0,6.843368464990086,3.0804815448545586,0.0,0.0,0.08816082263776315,6.843368464990086,0.0881417098708956,4.284941953107216,11.397807219883513,4.018488868557487,0.0,0.7173141236913533,0.0,0.6241914530839806,0.8720850647763383,0.05866532247151479,41.57319766524689,0.35830271102294775,0.45999851525574703,0.9144465911076055,0.89834474714463,0.6522016427543694,0.1581814996496146,0.4754530758104314,0.4591659197553646,0.8679653246108973,0.5186615721213489,0.5549277281498055,Apparel Retail,Consumer Cyclical,HIBB
2010Q4,2010,Q4,2010-03-26,2010-01-30,11753000.0,166819000.0,18967000.0,0.40411,57080000.0,0.3421672591251596,276704000.0,175079000.0,231520000.0,83937000.0,101625000.0,169394000.0,243552000.0,619624000.0,570202000.0,5.995856164383562,2.7582591705684023,0.0009721579738637678,0.001536449260048321,0.06704288992888169,5.995856164383562,0.06712969573735285,3.714349084936368,13.180124223602483,3.539110915643795,0.0,0.6478328630293871,0.0,0.6028788886318954,0.647152030689684,0.04247499132647161,24.941593205329468,0.3421672591251596,0.34703333333333347,0.8391734052111413,0.8993291853190639,0.6414497147167758,0.14994862703225417,0.33937321937321935,0.3602266207687894,0.03147810218978108,0.22076248388365807,0.4173356028541143,Apparel Retail,Consumer Cyclical,HIBB
2010Q3,2010,Q3,2009-12-08,2009-10-31,8775000.0,145855000.0,13944000.0,0.3,49637000.0,0.34031743855198654,255064000.0,162321000.0,209060000.0,74501000.0,92743000.0,171202000.0,231799000.0,536826039.99999994,512117039.99999994,5.666445577043915,2.8061368303781156,0.00043126431013392716,0.0006776695560032282,0.05403068863948878,5.666445577043915,0.0540595486720757,3.6805460217339134,15.294189173789173,3.307187856161556,0.0,0.5620144624478686,0.0,0.5718368723143995,0.3331364679668729,0.034403130194774645,61.796482099689186,0.34031743855198654,6.5,0.7105572433355934,0.9326389412322666,0.45702562079678155,0.3492715015766011,6.91253381424707,6.195046439628483,-0.013004672490976288,0.2559265626039412,0.42910273192232046,Apparel Retail,Consumer Cyclical,HIBB
2010Q2,2010,Q2,2009-09-04,2009-08-01,1109000.0,123118000.0,1938000.0,0.04,36788000.0,0.2988027745739859,253889000.0,152117000.0,206409000.0,82076000.0,101772000.0,174564000.0,223024000.0,527133530.0,511663530.0,5.312646247336989,2.514852088308397,0.0003859954547065844,0.0006442409461138466,0.0074080681771610465,5.312646247336989,0.007290440910614856,4.281530970288666,118.83082281334536,3.4653163683217523,0.0,0.49454641277697575,0.0,0.48492845298535975,0.18967785954481212,0.004368050604791858,-27.55965546086684,0.2988027745739859,-0.8947368421052632,-0.5513207622703309,0.847020147250625,0.36378629589648426,-0.30188249582511006,-0.8983687683284457,-0.8896229638911037,-0.6897144491022345,0.32687819221775066,0.393497461547048,Apparel Retail,Consumer Cyclical,HIBB
2010Q1,2010,Q1,2009-06-03,2009-05-02,10912000.0,157700000.0,17558000.0,0.38,52696000.0,0.33415345592897905,253075000.0,150098000.0,204195000.0,82998000.0,102977000.0,154983000.0,221915000.0,582787200.0,548181200.0,5.254060487258471,2.460240005783272,0.0,0.0,0.07270745184992086,5.254060487258471,0.07269916987568122,3.695543436905517,13.351979472140762,3.882711295287079,0.0,0.6775194698773414,0.0,0.6231354341598341,0.41694980601942216,0.043117652869702656,45.15629939562994,0.33415345592897905,0.43875278396436534,0.6586488249359154,1.0017231392977735,0.3811838218945895,0.08423521665775072,0.42958207781999214,0.38295526149968495,0.07657457024149507,0.41262693517013105,0.35301668480748616,Apparel Retail,Consumer Cyclical,HIBB
2009Q4,2009,Q4,2009-03-31,2009-01-31,7633000.0,147926000.0,12696000.0,0.2641176470588235,48602000.0,0.3285561699768803,235087000.0,136575000.0,185765000.0,78710000.0,98512000.0,151776000.0,211003000.0,393329000.0,372679000.0,4.725778546712803,2.3601194257400584,0.0,0.0,0.05631452455043888,4.725778546712803,0.055888705839282446,2.658957857307032,12.882516703786191,2.8799487461101956,0.0,0.6544117647058824,0.0,0.6292393879712617,0.33323592936094526,0.0324688306882133,13.680057039510295,0.3285561699768803,0.015837104072398092,0.4480581421757891,0.9919362467880365,0.36516509405406883,0.04090636511607984,-0.0024830109775222163,0.05518617021276596,-0.10314775733436385,0.42338359431396133,0.27260031552940284,Apparel Retail,Consumer Cyclical,HIBB
2009Q3,2009,Q3,2008-12-08,2008-11-01,7652000.0,140148000.0,12032000.0,0.26,46692000.0,0.3331620857950167,234100000.0,127724000.0,185312000.0,86127000.0,106376000.0,162315000.0,203370000.0,507488594.46999997,515906594.46999997,4.482395200183109,2.1516133152205463,0.0638316958564716,0.11699445679746955,0.05432620564583128,4.482395200183109,0.05991043186871692,3.621090521948226,16.58025988205698,3.9733221201183797,0.0,0.575769337399501,0.0,0.598667236223836,0.1454247796858128,0.032686885946176844,83.00434976611056,0.3331620857950167,0.5294117647058822,0.7287211388041123,1.1706029257083634,0.33862297602610325,0.10471774002744523,0.5968280467445742,0.5403917552170017,0.09945618462498926,0.48721594409002655,0.21548791734042716,Apparel Retail,Consumer Cyclical,HIBB
2009Q2,2009,Q2,2008-09-09,2008-08-02,4792000.0,130289000.0,7811000.0,0.17,42266000.0,0.324401906530866,248637000.0,118615000.0,199559000.0,110073000.0,130022000.0,165885000.0,195718000.0,590970596.22,606356596.22,4.168792095170274,1.8129695747367656,0.11864686269541541,0.24870378957130213,0.033414141229649516,4.168792095170274,0.040399612190701005,4.53584413281244,30.83110372600167,4.982258535766977,0.0,0.5306266389366127,0.0,0.5240129184312874,0.18526795853660752,0.01927307681479426,-51.550121791695744,0.324401906530866,-0.46875,0.790693052159903,1.2004840000391273,0.3193780878547901,-0.11599598427173094,-0.4886897140418267,-0.4939095503433977,0.18560558126293467,0.6658632688714918,-0.01647169035550577,Apparel Retail,Consumer Cyclical,HIBB
2009Q1,2009,Q1,2008-06-11,2008-05-03,9372000.0,145825000.0,15434000.0,0.32,47812000.0,0.3278724498542774,222585000.0,112629000.0,171997000.0,88870000.0,109956000.0,151253000.0,190927000.0,517008333.37000006,521159333.37000006,3.923434418896164,1.935377517722516,0.04806703057259025,0.09499329657548233,0.07659795353685377,3.923434418896164,0.08321125109874011,3.545402594685411,13.791302106540762,4.590366010263787,0.0,0.6480069816797022,0.0,0.6551429790866411,0.14084617981321032,0.042105263157894736,272.39638217597474,0.3278724498542774,0.28840037041510647,1.12176640066061,1.1796919438514015,0.2872736614990725,0.09055243830117239,0.23218511701288455,0.3107430997876858,0.03619217678876775,0.5025726819300225,-0.05276110364332581,Apparel Retail,Consumer Cyclical,HIBB
2008Q4,2008,Q4,2008-04-02,2008-02-02,7606000.0,142847000.0,11775000.0,0.24837,43842000.0,0.3069157910211625,216734000.0,119055000.0,165987000.0,76604000.0,97679000.0,141406000.0,181555000.0,583542000.0,572800000.0,3.890686274509804,2.1668189650670984,0.0,0.0,0.06425203448113924,3.890686274509804,0.06388643904077947,4.085084040966908,19.180318169865895,4.90144891016757,0.0,0.7001470941827079,0.0,0.6590890215656058,0.21549788522792543,0.03509370933955909,22.2530602905846,0.3069157910211625,-0.00651999999999997,0.8778803777843238,1.1462858335955144,0.3868188364200328,0.032207938974431416,-0.02674344209852847,-0.061977216601609174,0.13577338692290336,0.5519841341778228,0.06512993311659597,Apparel Retail,Consumer Cyclical,HIBB
2008Q3,2008,Q3,2007-12-13,2007-11-03,7815000.0,129628000.0,12553000.0,0.25,42474000.0,0.32766069059153885,223781000.0,137273000.0,172830000.0,63366000.0,86508000.0,148513000.0,173950000.0,716583296.86,705832296.86,4.4175120936686465,2.7274879272796135,0.0,0.0,0.056534031282625054,4.4175120936686465,0.05693035046950238,5.527997784892153,22.92333003390915,5.220132851034071,0.0,0.5868442493249749,0.0,0.5792627613604372,0.2468674052330903,0.03492253587212498,57.677341988087576,0.32766069059153885,0.6666666666666667,1.6159687172928696,1.1098556070584422,0.6202144374714081,0.13336535382644893,0.6695150608844264,0.6099781967423368,0.40435233042994145,0.5833788319871613,0.13588460581538328,Apparel Retail,Consumer Cyclical,HIBB
2008Q2,2008,Q2,2007-09-13,2007-08-04,4681000.0,114404000.0,7797000.0,0.15,37476000.0,0.32757595888255653,227027000.0,134237000.0,176549000.0,70035000.0,92790000.0,149753000.0,166136000.0,739834010.88,736032010.88,4.3038054390236145,2.5208681373598916,0.025450717315561585,0.043043274209048174,0.03336366764638623,4.3038054390236145,0.0348711607082995,6.466854400895073,39.51260472548601,5.511401557543747,0.0,0.5136992247233778,0.0,0.5039224409431478,0.22224601984721926,0.020618692930796777,-168.37369387346382,0.32757595888255653,-0.53125,0.9127082500514465,0.8870593674327876,0.6399748790849384,-0.16817969946507447,-0.5422900166226655,-0.5157744379580176,0.7385625243378577,0.5755730211496881,0.10481116277736005,Apparel Retail,Consumer Cyclical,HIBB
2008Q1,2008,Q1,2007-06-14,2007-05-05,10227000.0,133842000.0,16102000.0,0.32,45053000.0,0.33661332018349993,208058000.0,139388000.0,163539000.0,51786000.0,68670000.0,133371000.0,161454000.0,905798722.4000001,887094722.4000001,4.401084591328852,3.1579770594369134,0.0,0.0,0.0716226476989399,4.401084591328852,0.07337073492696645,6.767671750272711,22.14233700987582,6.498398157660631,0.0,0.6657294314356195,0.0,0.643291774409059,0.44334376086200905,0.0491545626700247,-347.44868523206753,0.33661332018349993,-0.17967648491373783,1.5751346167447875,1.0075935299878778,0.7190064937241167,-0.15366408055153757,-0.18859092351634402,-0.253707823507601,0.4022082259395763,0.5324238423416765,0.15695410265533394,Apparel Retail,Consumer Cyclical,HIBB
2007Q4,2007,Q4,2007-04-04,2007-02-03,12604000.0,151159000.0,21576000.0,0.39009,53233000.0,0.3521656004604423,212853000.0,136641000.0,166889000.0,60461000.0,76212000.0,125240000.0,151697000.0,1033277000.0,1002910000.0,4.230371517027864,2.760275218736045,0.0,0.0,0.09135676908540992,4.230371517027864,0.09224171368769257,6.83569618745824,20.495021421770865,7.5619835920404554,0.0,0.7819067390610028,0.0,0.7101567748634033,0.5791832751691173,0.05921457531723772,50.13717307972245,0.3521656004604423,0.2583548387096774,2.7325077399380806,1.367169344540964,0.8009446782852703,0.23607950587470394,0.2697964940560145,0.38201383551114526,1.139412123313052,0.8212109430177241,0.2220537786190022,Apparel Retail,Consumer Cyclical,HIBB
2007Q3,2007,Q3,2006-12-07,2006-10-28,9926000.0,129658000.0,15612000.0,0.31,43066000.0,0.33215073501056624,196317000.0,126810000.0,152387000.0,54158000.0,69507000.0,130934000.0,139093000.0,,,,,,,,,,,,,,,,,,,,,,,,,,,,,,,Apparel Retail,Consumer Cyclical,HIBB
2007Q2,2007,Q2,2006-09-07,2006-07-29,4020000.0,104363000.0,6425000.0,0.12,32692000.0,0.31325278115807326,192122000.0,122780000.0,149912000.0,54598000.0,69342000.0,131168000.0,129167000.0,,,,,,,,,,,,,,,,,,,,,,,,,,,,,,,Apparel Retail,Consumer Cyclical,HIBB
2007Q1,2007,Q1,2006-06-07,2006-04-29,11523000.0,126914000.0,18125000.0,0.35,44140000.0,0.34779456955103455,195291000.0,126118000.0,154185000.0,54328000.0,69173000.0,116142000.0,125147000.0,,,,,,,,,,,,,,,,,,,,,,,,,,,,,,,Apparel Retail,Consumer Cyclical,HIBB
