Quarters,Year,Quarter,FillingDate,Date,NetIncome,Revenue,OperatingIncome,EPSDiluted,GrossProfit,GrossProfitRatio,TotalAssets,CommonStockEquity,CurrentAssets,CurrentLiability,TotalLiability,Inventory,RetainedEarnings,MarketCap,EnterpriseValue,bookValuePerShare,currentRatio,debtToAssets,debtToEquity,roic,shareholdersEquityPerShare,roe,priceToSalesRatio,peRatio,pbRatio,payoutRatio,inventoryTurnover,dividendYield,assetTurnover,quickRatio,returnOnAssets,priceToFreeCashFlowsRatio,grossProfitMargin,epsdilutedGrowth,fiveYNetIncomeGrowthPerShare,fiveYRevenueGrowthPerShare,fiveYShareholdersEquityGrowthPerShare,grossProfitGrowth,netIncomeGrowth,operatingIncomeGrowth,threeYNetIncomeGrowthPerShare,threeYRevenueGrowthPerShare,threeYShareholdersEquityGrowthPerShare,Industry,Sector,Symbol
2023Q3,2023,Q3,2023-05-15,2023-03-31,49000.0,9842000.0,133000.0,0.0118,2458000.0,0.2497459866,45374000.0,30221000.0,29726000.0,10879000.0,14898000.0,2324000.0,10601000.0,19152500.0,15601500.0,7.416196319018405,2.7324202592150013,0.10752854057389695,0.16144402898646637,0.0029848148631597266,7.416196319018405,0.0016213891002944973,1.9459967486283276,97.71683673469389,0.6337480559875583,0.0,3.1772805507745265,0.0,0.21690836161678495,2.3822042467138522,0.0010799136069114472,7.513730874852883,0.24974598658809186,-0.9016666666666666,1.0578121653370083,-0.1507068572733146,0.17806346499183592,-0.2629685157421289,-0.903353057199211,-0.8755846585594013,-0.36905521472392644,0.04353413492313782,0.16329386230588483,Semiconductor Equipment & Materials,Technology,TRT
2023Q2,2023,Q2,2023-02-10,2022-12-31,507000.0,12390000.0,1069000.0,0.12,3335000.0,0.2691686844,46196000.0,29633000.0,30031000.0,12087000.0,16223000.0,3219000.0,10608000.0,18333407.4,16400407.399999999,7.273686794305351,2.484570199387772,0.09624209888302017,0.15003543346944284,0.020453397764655837,7.273686794305351,0.01710930381669085,1.4796938983050847,9.04014171597633,0.6186821246583201,0.0,2.812985399192296,0.0,0.2682050393973504,2.105981633159593,0.010974976188414582,-29.57001193548387,0.2691686844229217,-0.42857142857142855,-0.3439219899905244,0.02258427581032171,0.1563330381842183,-0.07923799006073992,-0.42517006802721086,0.0018744142455482662,0.07299639762976488,0.24642534228138505,0.09807856948144492,Semiconductor Equipment & Materials,Technology,TRT
2023Q1,2023,Q1,2022-11-10,2022-09-30,882000.0,11939000.0,1067000.0,0.21,3622000.0,0.3033754921,43805000.0,27611000.0,29889000.0,12823000.0,15987000.0,3548000.0,10101000.0,18917280.0,14667280.0,6.772381653176355,2.330889807377369,0.11820568428261614,0.18753395385896926,0.02426406240929713,6.772381653176355,0.0319437905182717,1.5844945137783735,5.36204081632653,0.6851356343486291,0.0,2.3441375422773394,0.0,0.27254879579956626,2.0049910317398423,0.020134687821024996,46.70933333333333,0.3033754920847642,0.1052631578947368,0.3292408100585469,-0.054731659949803654,0.1338652440845447,0.135423197492163,0.11645569620253164,4.335,1.9106243278428712,0.0949745496514703,0.06462477261359952,Semiconductor Equipment & Materials,Technology,TRT
2022Q4,2022,Q4,2022-09-23,2022-06-30,790000.0,11834000.0,200000.0,0.19,3190000.0,0.2695622782,43421000.0,27874000.0,29202000.0,11929000.0,15419000.0,2258000.0,9219000.0,17198760.0,15562760.0,7.017623363544813,2.4479839047698886,0.13960986619377722,0.21747865394274235,0.003963853172729569,7.017623363544813,0.02834182392193442,1.4533344600304208,5.442645569620254,0.6170180096146948,0.0,3.828166519043401,0.0,0.2725409364132563,2.1568446642635593,0.018193961447225997,14.097344262295081,0.2695622781815109,4.933747412008281,0.9849784183334331,-0.013323050789631688,0.229943142618197,0.28940986257073564,4.872549019607843,32.333333333333336,0.6270183040750733,0.0299456667259048,0.08914605823967285,Semiconductor Equipment & Materials,Technology,TRT
2022Q3,2022,Q3,2022-05-16,2022-03-31,-204000.0,11138000.0,6000.0,-0.0483,2474000.0,0.2221224636,41803000.0,28120000.0,27370000.0,9648000.0,13426000.0,2272000.0,8429000.0,28452545.0,26350545.0,7.120790073436313,2.8368573797678276,0.12860321029591176,0.19118065433854908,0.0009893915242126091,7.120790073436313,-0.007254623044096728,2.554547046148321,-34.86831495098039,1.0118259246088193,0.0,3.813380281690141,0.0,0.26644020764059995,2.525497512437811,-0.004880032533550223,-46.87404448105437,0.22212246363799604,-1.2415,-1.5199811887277068,0.011346938091712505,0.29385442409181145,-0.1439446366782007,-1.2383177570093458,-0.9942084942084942,-1.2778070471720884,0.17216030755564082,0.1195865733372535,Semiconductor Equipment & Materials,Technology,TRT
2022Q2,2022,Q2,2022-02-14,2021-12-31,856000.0,10922000.0,1036000.0,0.2,2890000.0,0.2646035525,42552000.0,27514000.0,27853000.0,10986000.0,14732000.0,2572000.0,8596000.0,52685890.0,50510890.0,7.013510068824879,2.5353176770435097,0.12575202105658959,0.19448280875190813,0.02447660263377624,7.013510068824879,0.031111434178963438,4.823831715802966,15.387234228971963,1.9148756996438177,0.0,3.1228615863141522,0.0,0.25667418687723254,2.25468778445294,0.020116563263771387,44.23668345927792,0.2646035524629189,-0.13043478260869565,1.4727027538174373,0.07431036243827248,0.32272834443451975,-0.09090909090909091,-0.06652126499454744,0.06804123711340206,1.3030169850073687,0.05531233731267045,0.15502947956749238,Semiconductor Equipment & Materials,Technology,TRT
2022Q1,2022,Q1,2021-11-15,2021-09-30,917000.0,10171000.0,970000.0,0.23,3179000.0,0.31255530429652933,40111000.0,26281000.0,24938000.0,9289000.0,13407000.0,2410000.0,7741000.0,16512859.999999998,16808860.0,6.716330181446461,2.684680805253526,0.13634663807932987,0.20809710437197976,0.023163097977619982,6.716330181446461,0.03489212739241277,1.6235237439779764,4.501870229007634,0.6283193181385791,0.0,2.901244813278008,0.0,0.2535713395327965,2.2836688556356983,0.02286155917329411,-14.371505657093122,0.31255530429652933,1.8846153846153846,1.717033599603252,0.017867152536228274,0.21979361667897507,0.4306930693069307,1.9206827309236947,1.701949860724234,12.008063850282097,-0.06637946770837137,0.11250203354415711,Semiconductor Equipment & Materials,Technology,TRT
2021Q4,2021,Q4,2021-10-01,2021-06-30,-996000.0,9308000.0,359000.0,-0.26,2222000.0,0.23871938117748173,38306000.0,25634000.0,23959000.0,8759000.0,12253000.0,2080000.0,6824000.0,18953040.0,17575040.0,6.803078556263269,2.7353579175704987,0.11637863520075184,0.17390965124444097,0.01221358689431982,6.803078556263269,-0.03885464617305141,2.036209712075634,-4.7572891566265065,0.7393711476944683,0.0,3.4067307692307693,0.0,0.24299065420560748,2.4501655440118735,-0.026001148645120868,76.73295546558704,0.23871938117748173,-7.5,-6.158864118895965,-0.015532658215043179,0.24106636382369354,0.07864077669902912,-6.595505617977528,6.523076923076923,-2.3913611700872845,-0.18430384217712853,0.09974694528428944,Semiconductor Equipment & Materials,Technology,TRT
2021Q3,2021,Q3,2021-05-14,2021-03-31,178000.0,8112000.0,-65000.0,0.04,2060000.0,0.2539447731755424,39125000.0,26385000.0,22968000.0,8427000.0,12204000.0,2602000.0,8441000.0,17568978.7,17363978.7,6.742908254536162,2.7255250978996086,0.12710543130990415,0.18847830206556757,-0.0006818698630789175,6.742908254536162,0.006746257343187417,2.1658011217948716,24.67553188202247,0.6658699526245972,0.0,2.3259031514219832,0.0,0.20733546325878593,2.3732051738459714,0.004549520766773163,97.06618066298343,0.2539447731755424,-0.3333333333333333,0.0805247465712581,-0.2104309348315166,0.2524100563474089,0.10160427807486631,-0.2425531914893617,-0.7567567567567568,1.2187061137245234,-0.27101269718515486,0.07111159424004043,Semiconductor Equipment & Materials,Technology,TRT
2021Q2,2021,Q2,2021-02-11,2020-12-31,235000.0,8201000.0,-37000.0,0.06,1870000.0,0.2280209730520668,38363000.0,25869000.0,22150000.0,8192000.0,11815000.0,2147000.0,8263000.0,14697165.0,14784165.0,6.97277628032345,2.703857421875,0.11878633057894325,0.17615678998028528,-0.0011377613776137761,6.97277628032345,0.009084232092465885,1.7921186440677965,15.635281914893618,0.5681381189841123,0.0,2.9487657196087564,0.0,0.21377368818914058,2.4000244140625,0.006125694028099992,-52.8675,0.2280209730520668,28.649769585253452,0.1711661228543054,-0.07044181104714757,0.3335890174638655,0.2318840579710145,30.375,0.8868501529051988,-0.666064569874601,-0.2567383401212632,0.10849584382953671,Semiconductor Equipment & Materials,Technology,TRT
2021Q1,2021,Q1,2020-11-13,2020-09-30,-8000.0,6841000.0,-327000.0,-0.00217,1518000.0,0.2218973834234761,35828000.0,24602000.0,20466000.0,7128000.0,10290000.0,1872000.0,8028000.0,12606120.0,11696120.0,6.6744438415626695,2.871212121212121,0.10994194484760522,0.1601089342329892,-0.011407057986314147,6.6744438415626695,-0.00032517681489309814,1.8427305949422599,-393.94124999999997,0.5124022437200227,0.0,2.843482905982906,0.0,0.19094004689070002,2.550084175084175,-0.0002232890476722117,33.52691489361702,0.2218973834234761,-1.0433999999999999,-1.0294383213536769,-0.1778156194427775,0.28873921157577537,0.1473922902494331,-1.0406091370558375,0.3955637707948244,-1.0133355351624243,-0.400909916325573,0.11746801688185533,Semiconductor Equipment & Materials,Technology,TRT
2020Q4,2020,Q4,2020-09-23,2020-06-30,197000.0,7179000.0,-541000.0,0.05,1323000.0,0.18428750522356874,35660000.0,23966000.0,20200000.0,7243000.0,10514000.0,1922000.0,8036000.0,11496490.0,11455490.0,6.524911516471549,2.7888996272262876,0.11522714526079642,0.17145122256530085,0.017646130935671106,6.524911516471549,0.008219978302595344,1.6014054882295585,14.589454314720813,0.47969999165484434,0.0,3.0468262226847034,0.0,0.20131800336511496,2.456992958718763,0.005524397083567022,15.410844504021448,0.18428750522356874,1.5,-0.4647202868598867,-0.18248902163070446,0.20731139562649073,-0.25923852183650614,1.8142857142857143,-0.47411444141689374,-0.464717265336438,-0.35271479243128584,0.14358804400424205,Semiconductor Equipment & Materials,Technology,TRT
2020Q3,2020,Q3,2020-05-21,2020-03-31,70000.0,8501000.0,-367000.0,0.02,1786000.0,0.21009293024350076,36796000.0,23416000.0,20634000.0,8153000.0,11929000.0,2226000.0,7839000.0,9874125.9,10004125.9,6.375170160631637,2.530847540782534,0.12229590172844874,0.19217628971643322,-0.022226708388008477,6.375170160631637,0.0029894089511445167,1.1615252205622868,35.264735357142854,0.42168286214554146,0.0,3.016621743036837,0.0,0.23103054679856505,2.2250705261866797,0.0019023806935536472,23.56593293556086,0.21009293024350076,-0.8181818181818181,-0.663564213662924,-0.04826326765330793,0.19464302417981222,-0.06246719160104987,-0.8356807511737089,-1.1213872832369942,-0.8081677103185406,-0.17009348876229746,0.15837456681134954,Semiconductor Equipment & Materials,Technology,TRT
2020Q2,2020,Q2,2020-02-13,2019-12-31,426000.0,8962000.0,-173000.0,0.11,1905000.0,0.2125641597857621,38455000.0,24330000.0,21832000.0,8997000.0,12610000.0,2182000.0,7769000.0,14655270.0,14604270.0,6.6240130683365095,2.426586639991108,0.12201274216616825,0.19284833538840937,-0.0050041982877414015,6.6240130683365095,0.01750924784217016,1.6352677973666592,8.600510563380283,0.6023538840937115,0.0,3.2341888175985334,0.0,0.2330516187751918,2.1473824608202734,0.011077883240150826,94.55012903225807,0.2125641597857621,0.5714285714285713,3.334499597407186,-0.03657353857091112,0.2366561040052164,-0.15408525754884547,0.5604395604395604,-1.7792792792792793,0.3143321359879856,-0.05847921492370347,0.24927030166243394,Semiconductor Equipment & Materials,Technology,TRT
2020Q1,2020,Q1,2019-11-13,2019-09-30,273000.0,9823000.0,222000.0,0.07,2252000.0,0.22925786419627406,36118000.0,23365000.0,19330000.0,7805000.0,11549000.0,1688000.0,7343000.0,13238961.2,13413961.2,6.361285053090117,2.476617552850737,0.10756409546486516,0.16627434196447677,0.007785103100014027,6.361285053090117,0.011684142948855124,1.3477513183345209,12.123590842490843,0.5666150738283758,0.0,4.485189573459715,0.0,0.2719696550196578,2.2047405509288915,0.007558558059693228,19.642375667655784,0.22925786419627406,-0.4166666666666666,2.9199103954132704,0.16089201798490857,0.17142078898703053,-0.08752025931928688,-0.39198218262806234,-0.308411214953271,-0.1382580403425587,0.04727445118179283,0.15531170922326315,Semiconductor Equipment & Materials,Technology,TRT
2019Q4,2019,Q4,2019-09-23,2019-06-30,449000.0,10625000.0,321000.0,0.12,2468000.0,0.23228235294117647,36527000.0,23666000.0,19740000.0,8133000.0,11666000.0,2427000.0,7070000.0,10761890.0,9590890.0,6.4432344132861425,2.4271486536333455,0.10107591644536917,0.15600439448998563,0.0196065982852305,6.4432344132861425,0.01897236541874419,1.0128837647058824,5.992143652561247,0.45474055607200203,0.0,3.360939431396786,0.0,0.2908807183727106,2.0825033812861182,0.0122922769458209,8.770896495517523,0.23228235294117647,-0.368421052631579,0.5228406253801461,0.08257836177153079,0.18502081010806867,0.13523459061637536,-0.34260614934114203,1.6097560975609757,1.3857836464288957,0.15282621462840154,0.1754210154164314,Semiconductor Equipment & Materials,Technology,TRT
2019Q3,2019,Q3,2019-05-14,2019-03-31,683000.0,8838000.0,123000.0,0.19,2174000.0,0.24598325412989364,37000000.0,23361000.0,19717000.0,8678000.0,12433000.0,2918000.0,6621000.0,12368827.5,11904827.5,6.360196025047645,2.2720672966121227,0.11183783783783784,0.17713282821797013,0.003318168662068159,6.360196025047645,0.029236762124909037,1.399505261371351,4.527389275256223,0.5294648131501221,0.0,2.283755997258396,0.0,0.23886486486486486,1.8900668356764232,0.01845945945945946,30.31575367647059,0.24598325412989364,1.1111111111111112,3.160813718978742,0.05149978933017346,0.1955997771828113,-0.03720106288751107,0.9626436781609196,-0.4581497797356828,3.416968871948453,-0.0835577574112913,0.18132609275112127,Semiconductor Equipment & Materials,Technology,TRT
2019Q2,2019,Q2,2019-02-13,2018-12-31,348000.0,9690000.0,227000.0,0.09,2258000.0,0.2330237358101135,36895000.0,22303000.0,19695000.0,9531000.0,13384000.0,2630000.0,5938000.0,9035580.0,8515580.0,6.072148107813776,2.066414856783129,0.15373356823417808,0.25431556292875396,0.013462016549361184,6.072148107813776,0.015603282069676726,0.9324643962848297,6.491077586206896,0.40512845805497016,0.0,2.825855513307985,0.0,0.2626372137145955,1.7102087923617668,0.009432172381081447,14.251703470031545,0.2330237358101135,3.4999999999999996,1.9105945272611318,-0.009026461229963232,0.1358161225450957,0.07472632079961923,4.3538461538461535,0.8455284552845529,0.7517933139409919,0.10939582603995888,0.161337995576535,Semiconductor Equipment & Materials,Technology,TRT
2019Q1,2019,Q1,2018-11-13,2018-09-30,65000.0,10045000.0,123000.0,0.02,2101000.0,0.20915878546540567,37039000.0,21782000.0,20324000.0,9624000.0,13872000.0,2386000.0,5590000.0,16838175.2,15693175.2,6.037139689578714,2.1118038237738985,0.16080347741569698,0.27343678266458543,0.0006881481860381846,6.037139689578714,0.0029841153245799283,1.6762742857142856,64.76221230769231,0.7730316408043338,0.0,3.3294216261525564,0.0,0.27120062636680253,1.779093931837074,0.0017549069899295338,-25.667949999999998,0.20915878546540567,-0.8823529411764707,4.602044476327116,-0.003566915868168789,0.0921991592973201,-0.2630655910206945,-0.9037037037037037,-0.8265162200282088,-0.7556427586915391,0.23335578356070172,0.16568493621468733,Semiconductor Equipment & Materials,Technology,TRT
2018Q4,2018,Q4,2018-09-25,2018-06-30,675000.0,10760000.0,709000.0,0.17,2851000.0,0.26496282527881043,36474000.0,21979000.0,19049000.0,9821000.0,12973000.0,2930000.0,5525000.0,15881910.0,13963910.0,6.186039966225724,1.9396191833825476,0.1266929867851072,0.21024614404658992,0.027745034763000432,6.186039966225724,0.030711133354565722,1.476013940520446,5.882188888888888,0.7225947495336458,0.0,2.699317406143345,0.0,0.29500466085430715,1.6108339272986458,0.018506333278499754,14.464398907103826,0.26496282527881043,1.8095238095238095,13.037892044689729,0.26410687596974985,0.128325722844177,0.27732974910394265,1.9133964817320703,2.02991452991453,0.8960249660977919,0.26668209700356016,0.14460962821821183,Semiconductor Equipment & Materials,Technology,TRT
2018Q3,2018,Q3,2018-05-18,2018-03-31,-739000.0,10104000.0,234000.0,-0.21,2232000.0,0.2209026128266033,36388000.0,22367000.0,17747000.0,9811000.0,12465000.0,2369000.0,4850000.0,20429750.0,19207750.0,6.295243456234168,1.8088879828763633,0.11415851379575684,0.18572003397862924,-0.021247870387029348,6.295243456234168,-0.03303974605445523,2.021946753760887,-6.911282138024357,0.9133880270040685,0.0,3.3229210637399746,0.0,0.27767395844783993,1.5353175007644482,-0.020308893041662085,19.777105517909003,0.2209026128266033,-2.166666666666667,-0.27247432849266484,0.44694188870137375,0.1236794778147281,-0.20143112701252236,-2.098068350668648,-0.664756446991404,-4.671760151729659,0.16940749630377672,0.17966556044970566,Semiconductor Equipment & Materials,Technology,TRT
2018Q2,2018,Q2,2018-02-12,2017-12-31,673000.0,10552000.0,698000.0,0.18,2795000.0,0.2648786959818044,36789000.0,22318000.0,19085000.0,10414000.0,13053000.0,2972000.0,5589000.0,24871480.0,24872480.0,6.290304396843292,1.8326291530631842,0.1375411128326402,0.22672282462586255,0.02421880911414726,6.290304396843292,0.03015503181288646,2.3570394238059134,9.239034175334325,1.1144134779102068,0.0,2.6100269179004036,0.0,0.2868248661284623,1.511618974457461,0.01829351164750333,44.02031858407079,0.2648786959818044,0.12499999999999993,2.2453188569187783,0.34401580777189905,0.09022753724179144,0.012681159420289856,0.17043478260869566,0.2760511882998172,6.08894732423421,0.1743180345679776,0.1743550696769137,Semiconductor Equipment & Materials,Technology,TRT
2018Q1,2018,Q1,2017-11-09,2017-09-30,575000.0,10945000.0,547000.0,0.16,2760000.0,0.25216994061215164,34706000.0,21102000.0,17610000.0,9642000.0,12152000.0,2482000.0,4916000.0,18512920.0,19603920.0,5.972827625247665,1.8263845675171126,0.12329280239728001,0.20277698796322624,0.019607893093122844,5.972827625247665,0.02724860202824377,1.6914499771585199,8.049095652173914,0.8773064164534168,0.0,3.297743755036261,0.0,0.31536333775139747,1.5250985272764987,0.016567740448337462,-35.195665399239545,0.25216994061215164,0.7777777777777779,32.477997369341175,0.0450401381966295,0.019501491554499456,0.16800677105374523,0.6288951841359773,0.5673352435530086,5.2040071760376945,0.34474747617116897,0.09988695536483973,Semiconductor Equipment & Materials,Technology,TRT
2017Q4,2017,Q4,2017-09-20,2017-06-30,353000.0,10638000.0,349000.0,0.09,2363000.0,0.22212821959014853,33498000.0,20101000.0,17037000.0,9549000.0,11971000.0,1756000.0,4341000.0,17544540.0,17899540.0,5.705648594947488,1.7841658812441092,0.15305391366648755,0.2550619372170539,0.010904277870725697,5.705648594947488,0.017561315357444904,1.6492329385222786,12.42531161473088,0.8728192627232477,0.0,4.712414578587699,0.0,0.31757119828049435,1.5675987014347053,0.010537942563735149,143.80770491803278,0.22212821959014853,-0.10000000000000009,1.5690039841809338,-0.11912009683353111,-0.004025664674700651,-0.0343277482631794,0.008571428571428572,-0.2804123711340206,0.24821990445763695,0.13005264133325747,0.04936618575208238,Semiconductor Equipment & Materials,Technology,TRT
2017Q3,2017,Q3,2017-05-11,2017-03-31,350000.0,9825000.0,485000.0,0.1,2447000.0,0.24905852417302798,31535000.0,19389000.0,15779000.0,8668000.0,10784000.0,2172000.0,3988000.0,14586276.9,14873276.9,5.503548112404201,1.8203737886479003,0.13622958617409228,0.22156893083707258,0.015648753176688002,5.503548112404201,0.01805147248439837,1.4846083358778626,10.418769214285714,0.7522965031719016,0.0,3.396869244935543,0.0,0.3115585856984303,1.524688509460083,0.011098779134295227,-10.717323218221896,0.24905852417302798,0.11111111111111122,1.6371259138786813,0.23164689094787388,-0.07442986739195279,0.06669572798605057,0.12903225806451613,0.7446043165467626,1.222971519279132,0.21869782765306384,0.03456573838163306,Semiconductor Equipment & Materials,Technology,TRT
2017Q2,2017,Q2,2017-02-10,2016-12-31,310000.0,9104000.0,278000.0,0.09,2294000.0,0.25197715289982425,30696000.0,18627000.0,14998000.0,8478000.0,10609000.0,1666000.0,3638000.0,11651567.1,11030567.1,5.302305721605466,1.7690493040811512,0.12102554078707324,0.19944167069307994,0.010239393163895804,5.302305721605466,0.016642508187040318,1.279829426625659,9.396425080645162,0.6255203253341922,0.0,4.087635054021608,0.0,0.29658587438102685,1.5200518990327907,0.010099035704977848,14.528138528678303,0.25197715289982425,0.12499999999999993,1.2436786863849012,0.3006526983904173,-0.12314518084561149,-0.02714164546225615,0.0231023102310231,-0.2625994694960212,1.8481062511454518,-0.026550764119149636,-0.008185535278235448,Semiconductor Equipment & Materials,Technology,TRT
2017Q1,2017,Q1,2016-11-14,2016-09-30,303000.0,8971000.0,377000.0,0.08,2358000.0,0.26284695128748187,31531000.0,19343000.0,14962000.0,8246000.0,10595000.0,1179000.0,3328000.0,12646800.0,12542800.0,5.506120125249075,1.8144554935726414,0.13041134121975198,0.21258336349066845,0.012607206487296048,5.506120125249075,0.01566458150235227,1.4097425036227846,10.434653465346534,0.6538179186268934,0.0,5.608990670059372,0.0,0.28451365323015443,1.6227261702643705,0.009609590561669467,6.007980997624703,0.26284695128748187,0.6,1.3527282460456045,-0.04575213257387269,-0.12738598487400787,0.005972696245733789,0.6833333333333333,-0.2607843137254902,18.2451399005375,-0.08603948552408149,-0.0038693684414728537,Semiconductor Equipment & Materials,Technology,TRT
2016Q4,2016,Q4,2016-09-28,2016-06-30,180000.0,8815000.0,510000.0,0.05,2344000.0,0.2659103800340329,32219000.0,19257000.0,15340000.0,8861000.0,11348000.0,1460000.0,3025000.0,12576540.0,14065540.0,5.481639624252775,1.731181582214197,0.1643750581954747,0.27501687697979954,0.01644494448258633,5.481639624252775,0.009347250350521889,1.4267203630175838,17.467416666666665,0.6530892662408475,0.0,4.432191780821918,0.0,0.27359632514975635,1.5262385735244328,0.005586765573109035,-11.412468239564427,0.2659103800340329,0.25000000000000006,1.1863621592618063,0.1574661119209939,-0.18104184457728437,0.09943714821763602,0.2,0.5789473684210527,2.7860617086845134,0.04739596535162003,-0.00015599233511219755,Semiconductor Equipment & Materials,Technology,TRT
2016Q3,2016,Q3,2016-05-12,2016-03-31,150000.0,9355000.0,323000.0,0.04,2132000.0,0.2278995189738108,32090000.0,19183000.0,14778000.0,8669000.0,11255000.0,1414000.0,2845000.0,11401600.0,12094600.0,5.38394611282627,1.7046948898373515,0.1320660641944531,0.22092477714643174,0.012264109444420005,5.38394611282627,0.007819423447844446,1.218770710849813,19.002666666666666,0.5943595892196216,0.0,5.108203677510608,0.0,0.2915238392022437,1.4968277771369247,0.004674353381115612,-19.794444444444444,0.2278995189738108,-0.20000000000000004,1.3008007989764936,0.48689204687412957,-0.21503440137628563,0.008037825059101654,-0.21052631578947367,-0.01524390243902439,1.257558113390696,0.3359214681861323,-0.03898398867288873,Semiconductor Equipment & Materials,Technology,TRT
2016Q2,2016,Q2,2016-02-10,2015-12-31,190000.0,8354000.0,328000.0,0.05,2115000.0,0.25317213310988745,30490000.0,18368000.0,14128000.0,7918000.0,10524000.0,1709000.0,2695000.0,9801270.0,9724270.0,5.228579561628238,1.7842889618590554,0.14080026238110857,0.23372168989547037,0.00994307736155702,5.228579561628238,0.010344076655052265,1.1732427579602585,12.896407894736841,0.5336057273519164,0.0,3.6506729081334113,0.0,0.2739914726139718,1.5236170750189442,0.006231551328304362,16.30826955074875,0.25317213310988745,-0.375,-0.04671875737330101,-0.17918434519517404,-0.24731838595708103,-0.028925619834710745,-0.26640926640926643,0.09698996655518395,1.3550786519635143,0.07465614531686984,-0.09378925738357562,Semiconductor Equipment & Materials,Technology,TRT
2016Q1,2016,Q1,2015-11-16,2015-09-30,259000.0,7930000.0,299000.0,0.08,2178000.0,0.2746532156368222,30480000.0,18194000.0,13659000.0,8274000.0,10802000.0,1201000.0,2505000.0,8606850.0,9193850.0,5.179049245658981,1.6508339376359682,0.1505249343832021,0.2521710453995823,0.010917731820055988,5.179049245658981,0.014235462240299,1.0853530895334174,8.307770270270272,0.4730597999340442,0.0,4.789342214820983,0.0,0.2601706036745407,1.460962049794537,0.00849737532808399,19.831451612903226,0.2746532156368222,-0.20000000000000004,-0.5152992985611199,-0.4407352081106072,-0.22901812557705264,-0.00864815657715066,-0.26420454545454547,-0.28978622327790976,15.259506706183753,-0.238524595406395,-0.11598847948259716,Semiconductor Equipment & Materials,Technology,TRT
2015Q4,2015,Q4,2015-09-28,2015-06-30,352000.0,8399000.0,421000.0,0.1,2197000.0,0.2615787593761162,32037000.0,18986000.0,13559000.0,8271000.0,11315000.0,1141000.0,2246000.0,10749780.0,11832780.0,5.404497580415599,1.6393422802563173,0.14963947935199925,0.25250184346360477,0.01062964823067992,5.404497580415599,0.01853997682502897,1.2798880819145135,7.634786931818182,0.5661950911197725,0.0,5.435582822085889,0.0,0.26216562100071794,1.46004110748398,0.01098729593907045,23.16762931034483,0.2615787593761162,0.6666666666666669,-0.6365806618754738,-0.4005272411696523,-0.13916321969892656,-0.11696141479099678,0.7688442211055276,-0.10805084745762712,1.5690071960696688,-0.30254082691150347,-0.056594391356631496,Semiconductor Equipment & Materials,Technology,TRT
2015Q3,2015,Q3,2015-05-13,2015-03-31,199000.0,8543000.0,472000.0,0.06,2488000.0,0.2912325880838113,31710000.0,18747000.0,12834000.0,8527000.0,11122000.0,1410000.0,1891000.0,9520230.0,11673230.0,5.336464560204953,1.5051014424768383,0.14273099968464206,0.24142529471382088,0.011915220892466168,5.336464560204953,0.01061503173841148,1.1143895587030317,11.960087939698493,0.5078268522963674,0.0,4.294326241134752,0.0,0.2694102806685588,1.3043274305148351,0.006275622831914223,110.7003488372093,0.2912325880838113,1.0,2.4281174387987474,-0.27142343796030305,-0.10158748248218989,0.018419975440032748,1.1170212765957446,0.08009153318077804,1.36328276550309,0.07398584041513145,-0.10252947557328736,Semiconductor Equipment & Materials,Technology,TRT
2015Q2,2015,Q2,2015-02-17,2014-12-31,94000.0,8897000.0,437000.0,0.03,2443000.0,0.2745869394177813,32870000.0,18817000.0,12862000.0,9537000.0,12173000.0,1450000.0,1695000.0,10222830.0,13228830.0,5.356390549387988,1.348642130649051,0.16473988439306358,0.28777169580698303,0.011745755473091576,5.356390549387988,0.00499548280809906,1.149019894346409,27.18837765957447,0.5432762927140352,0.0,4.451034482758621,0.0,0.27067234560389414,1.1690258991297053,0.002859750532400365,12.069456906729634,0.2745869394177813,1.7500000000000002,1.1478549341194546,0.32009018536636863,-0.0924089103242301,0.35948803561491377,1.6911764705882353,4.2611940298507465,1.0738896661941313,0.27107942196611845,-0.11420104514800404,Semiconductor Equipment & Materials,Technology,TRT
2015Q1,2015,Q1,2014-11-18,2014-09-30,-136000.0,8093000.0,-134000.0,-0.04,1797000.0,0.22204374150500433,33335000.0,19077000.0,12278000.0,9556000.0,12413000.0,1494000.0,1589000.0,13595310.0,17538310.0,5.430401366353544,1.2848472164085392,0.18299085045747712,0.31975677517429363,-0.003674256612316779,5.430401366353544,-0.0071290035120826125,1.6798850858766836,-24.99137867647059,0.7126545054253814,0.0,4.214190093708166,0.0,0.24277786110694466,1.1012976140644621,-0.00407979601019949,-13595.31,0.22204374150500433,-1.5714285714285714,0.7732704504864742,0.04632420888494382,-0.10391157653799935,-0.20275066548358472,-1.4822695035460993,-2.3958333333333335,0.8416797311478476,-0.1391452467863508,-0.13938595013397354,Semiconductor Equipment & Materials,Technology,TRT
2014Q4,2014,Q4,2014-10-09,2014-06-30,282000.0,9387000.0,96000.0,0.07,2254000.0,0.2401193139448173,34590000.0,19101000.0,13287000.0,10718000.0,13757000.0,1106000.0,1725000.0,12189758.7,16345758.7,5.437233134073441,1.2396902407165515,0.2050881757733449,0.3713941678446155,0.005438888049554313,5.437233134073441,0.01476362494110256,1.2985787472035792,10.806523670212766,0.6381738495366736,0.0,6.449367088607595,0.0,0.27137901127493497,1.117372644150028,0.008152645273200346,-140.11216896551724,0.2401193139448173,0.4000000000000001,1.393083223941251,0.8436575811970823,-0.11669596638869344,0.14590747330960854,0.7961783439490446,3.5714285714285716,1.2919673828434968,0.23257338543418832,-0.18767618389524376,Semiconductor Equipment & Materials,Technology,TRT
2014Q3,2014,Q3,2014-05-14,2014-03-31,157000.0,8039000.0,21000.0,0.05,1967000.0,0.24468217439980097,34196000.0,18688000.0,14162000.0,10588000.0,13613000.0,1823000.0,1443000.0,11276730.0,15098730.0,5.319669797893538,1.337551945598791,0.18630834015674347,0.3409139554794521,0.005061460592913955,5.319669797893538,0.00840111301369863,1.4027528299539744,17.95657643312102,0.6034209118150685,0.0,3.330773450356555,0.0,0.23508597496783248,1.137608613524745,0.004591180255000585,29.911750663129972,0.24468217439980097,1.5000000000000002,1.890236616728694,1.0638708067790053,-0.13796452556982786,-0.010065425264217413,1.4301369863013698,1.1981132075471699,1.3193192138537997,0.2959115120628589,-0.22440572400306658,Semiconductor Equipment & Materials,Technology,TRT
2014Q2,2014,Q2,2014-02-14,2013-12-31,-365000.0,9339000.0,-106000.0,-0.1,1987000.0,0.2127636791947746,34696000.0,18754000.0,14808000.0,11486000.0,14132000.0,1314000.0,1286000.0,11751800.0,15757800.0,5.346066134549601,1.2892216611527076,0.18964722158173852,0.350858483523515,-0.003704470365581223,5.346066134549601,-0.019462514663538447,1.258357425848592,-8.049178082191782,0.6266289858163592,0.0,5.595129375951294,0.0,0.2691664745215587,1.1360787045098382,-0.0105199446622089,-47.19598393574297,0.2127636791947746,-9.0,0.211825016996697,0.5445741833429892,-0.16237349892253042,-0.04973696795791487,-20.470588235294116,-7.153846153846154,-2.8339136214245206,-0.0810960880762289,-0.23040557392227962,Semiconductor Equipment & Materials,Technology,TRT
2014Q1,2014,Q1,2013-11-14,2013-09-30,-17000.0,9497000.0,-13000.0,-0.01,2091000.0,0.22017479203959145,35035000.0,18788000.0,15518000.0,11493000.0,14280000.0,1952000.0,1651000.0,11012760.0,14928760.0,5.527508090614886,1.3502131732358826,0.1837305551591266,0.3426123057270598,-0.0007716194775975971,5.527508090614886,-0.0009048328720459868,1.1596040855006844,-161.95235294117646,0.5861592505854801,0.0,3.7940573770491803,0.0,0.27107178535749965,1.14487079091621,-0.0004852290566576281,15.106666666666667,0.22017479203959145,-1.7142857142857142,0.9775525076712,0.4472587773667734,-0.15032303108587441,0.0072254335260115606,-1.3695652173913044,-1.0209339774557167,-1.0328813614163503,-0.3077583667149737,-0.17714461739047907,Semiconductor Equipment & Materials,Technology,TRT
2013Q4,2013,Q4,2013-09-27,2013-06-30,46000.0,8143000.0,621000.0,0.014,2076000.0,0.25494289573867124,36044000.0,18635000.0,16578000.0,12394000.0,15438000.0,2463000.0,1668000.0,10672860.0,15459860.0,5.48249485142689,1.337582701307084,0.2102985240261902,0.40676147035148913,0.028959402723833693,5.48249485142689,0.0024684733029246043,1.3106791108927913,58.004673913043476,0.5727319559967803,0.0,2.463256191636216,0.0,0.22591832205082676,1.1099725673713088,0.0012762179558317612,-9.854903047091414,0.25494289573867124,1.0875000000000001,1.094733745219182,0.11428924841900222,-0.200938941982992,0.7835051546391752,1.0847145488029466,1.9794952681388012,-0.9509148427660482,-0.3993060035614383,-0.1267396930619757,Semiconductor Equipment & Materials,Technology,TRT
2013Q3,2013,Q3,2013-05-14,2013-03-31,-543000.0,6529000.0,-634000.0,-0.16,1164000.0,0.17828151324858324,32456000.0,18611000.0,12562000.0,8384000.0,11940000.0,1677000.0,1622000.0,7341620.0,11319620.0,5.6023479831426855,1.4983301526717556,0.19487922109933448,0.3398527752404492,-0.02628436607871891,5.6023479831426855,-0.029176293589812476,1.1244631643436973,-3.3801197053406997,0.39447745956692276,0.0,3.199165175909362,0.0,0.2011646536849889,1.2424856870229009,-0.016730342617697805,-50.983472222222225,0.17828151324858324,-0.06666666666666674,0.6262875633994703,-0.2501096038773106,-0.20213779826866043,-0.1358574610244989,-0.07312252964426877,-0.08376068376068375,-3.1208726858819986,-0.4111699302277264,-0.056825076085066414,Semiconductor Equipment & Materials,Technology,TRT
2013Q2,2013,Q2,2013-02-14,2012-12-31,-506000.0,7351000.0,-585000.0,-0.15,1347000.0,0.1832403754591212,34033000.0,19167000.0,13872000.0,9224000.0,12901000.0,2138000.0,2164000.0,5049440.0,9078440.0,5.769717037928959,1.5039028620988726,0.20036435224634913,0.3557677257786821,-0.022310857552599917,5.769717037928959,-0.026399540877549955,0.6869051829683036,-2.4947826086956524,0.26344446183544634,0.0,2.8082319925163706,0.0,0.2159962389445538,1.2410017346053772,-0.01486792231069844,1.368782867985904,0.1832403754591212,-13.999999999999998,-3.978045354204294,-0.4453757334801584,-0.2121769590976543,-0.23639455782312926,-28.764705882352942,-1.2328244274809161,0.15833938129365868,0.15341330285529342,-0.02237454022595165,Semiconductor Equipment & Materials,Technology,TRT
2013Q1,2013,Q1,2012-11-19,2012-09-30,-17000.0,9747000.0,-262000.0,-0.01,1764000.0,0.1809787626962142,38270000.0,19263000.0,17641000.0,12859000.0,17228000.0,1817000.0,2670000.0,4438800.0,11405800.0,5.858576642335766,1.3718796173885994,0.24321923177423568,0.48320614649846855,-0.0022496641315536236,5.858576642335766,-0.0008825208949800135,0.4554016620498615,-65.2764705882353,0.2304313969786638,0.0,4.393505778756191,0.0,0.25469035798275413,1.1827513803561707,-0.00044421217663966555,-5.493564356435644,0.1809787626962142,0.9432108580839343,-1.022209640997729,-0.20637292909713176,-0.15629801133095925,0.17209302325581396,0.9706390328151986,0.6880952380952381,0.9697193998083555,0.3463998058322247,-0.03325696334539188,Semiconductor Equipment & Materials,Technology,TRT
2012Q4,2012,Q4,2012-10-09,2012-06-30,-579000.0,11271000.0,-840000.0,-0.17609,1505000.0,0.13352852453198474,38050000.0,18836000.0,18056000.0,12860000.0,17494000.0,2324000.0,2687000.0,5195040.0,11513040.0,5.728710462287105,1.4040435458786937,0.21392904073587385,0.4321511998301126,-0.03230694523817052,5.728710462287105,-0.030739010405606285,0.46092094756454616,-2.2431088082901556,0.2758037799957528,0.0,4.20223752151463,0.0,0.296215505913272,1.1816485225505444,-0.01521681997371879,-2.9152861952861953,0.13352852453198474,-0.10056249999999996,-1.8453602928397637,0.20279192713750163,-0.13778016462917786,0.6287878787878788,-0.11776061776061776,0.09967845659163987,0.13769618865124114,1.3651693174706478,-0.06934410683646362,Semiconductor Equipment & Materials,Technology,TRT
2012Q3,2012,Q3,2012-05-14,2012-03-31,-518000.0,7522000.0,-933000.0,-0.16,924000.0,0.12283967030045201,36865000.0,19753000.0,15729000.0,10196000.0,15006000.0,3000000.0,3266000.0,7175520.000000001,11991520.0,5.946116797110174,1.5426637897214595,0.2052895700528957,0.3831316762010834,-0.03322266873398095,5.946116797110174,-0.02622386472940819,0.9539377825046531,-3.4630888030888034,0.36326228927251564,0.0,2.199333333333333,0.0,0.20404177404041773,1.201941938014908,-0.014051268140512682,-12.059697478991598,0.12283967030045201,0.5555555555555556,-1.4650498095003122,-0.463740635003204,-0.07870624020169154,0.2222222222222222,0.5694098088113051,0.4190535491905355,-2.1060903367746637,1.0421720602423867,-0.036450793197020555,Semiconductor Equipment & Materials,Technology,TRT
2012Q2,2012,Q2,2012-02-14,2011-12-31,-1203000.0,6619000.0,-1606000.0,-0.36,756000.0,0.11421664904064058,36649000.0,20088000.0,15702000.0,9179000.0,14158000.0,1988000.0,3784000.0,7939580.0,11830580.0,6.046959662853703,1.7106438609870356,0.20846407814674342,0.38032656312226204,-0.05265867266801504,6.046959662853703,-0.05988649940262843,1.1995135216800121,-1.6499542809642562,0.3952399442453206,0.0,2.949195171026157,0.0,0.18060520068760402,1.4460180847586883,-0.032824906545881195,-4.124457142857143,0.11421664904064058,-0.5,-2.4607622110419483,-0.5434886590522086,0.01143551784615108,-0.46,-0.4962686567164179,-0.743756786102063,-1.7431866939142382,0.15600771858407042,-0.052556863855656465,Semiconductor Equipment & Materials,Technology,TRT
2012Q1,2012,Q1,2011-11-14,2011-09-30,-804000.0,8799000.0,-921000.0,-0.24,1400000.0,0.15910898965791567,36421000.0,20747000.0,15179000.0,8989000.0,12923000.0,2300000.0,4987000.0,8976240.0,10918240.0,6.309914841849149,1.6886194237401269,0.13514181378874826,0.2372391189087579,-0.036775100810811166,6.309914841849149,-0.03875259073601003,1.020143198090692,-2.7911194029850743,0.43265243167686895,0.0,3.2169565217391303,0.0,0.24159138958293291,1.3776838357993102,-0.022075176409214463,-9.340520291363163,0.15910898965791567,0.12708227249581736,-2.0414977020816436,-0.12747817462077202,0.11753620762082714,0.09375,0.11061946902654868,0.16348773841961853,-0.09747418860339287,0.38615701632083993,-0.03005310367040428,Semiconductor Equipment & Materials,Technology,TRT
2011Q4,2011,Q4,2011-09-28,2011-06-30,-904000.0,7128000.0,-1101000.0,-0.27494,1280000.0,0.17957351290684623,36356000.0,22008000.0,14429000.0,7173000.0,11379000.0,2430000.0,5791000.0,10817520.0,12373520.0,6.693430656934306,2.011571169664018,0.12836945758609308,0.21205925118138857,-0.04063630324056987,6.693430656934306,-0.041075972373682296,1.5176094276094276,-2.991570796460177,0.4915267175572519,0.0,2.4065843621399177,0.0,0.19606117284629773,1.5774431897393002,-0.024865221696556278,-5.365833333333334,0.17957351290684623,-0.9638571428571427,-2.257534284450343,-0.2652016903572801,0.2392391165667241,-0.09155429382540808,-0.9567099567099567,-0.8078817733990148,-0.9245742092457422,0.0083250395052739,-0.02444782394982128,Semiconductor Equipment & Materials,Technology,TRT
2011Q3,2011,Q3,2011-05-16,2011-03-31,-462000.0,5829000.0,-609000.0,-0.14,1409000.0,0.2417224223709041,37116000.0,22641000.0,15526000.0,7155000.0,11355000.0,2469000.0,6702000.0,15184599.999999998,14583599.999999998,6.8588306573765525,2.1699510831586304,0.12504041383769804,0.2049821120975222,-0.024118557472124092,6.8588306573765525,-0.020405459122830264,2.6050094355807167,-8.216774891774891,0.6706682567024425,0.0,1.7901984609153503,0.0,0.15704817329453605,1.746890286512928,-0.012447462010992564,33.97002237136465,0.2417224223709041,-3.8,-3.5827805576157696,-0.12350047431019211,0.335498468306113,-0.5112729795352063,-3.4705882352941178,-2.641509433962264,0.6800119200182236,-0.32624921824488795,-0.02319496288642243,Semiconductor Equipment & Materials,Technology,TRT
2011Q2,2011,Q2,2011-02-18,2010-12-31,187000.0,9549000.0,371000.0,0.05,2883000.0,0.30191643103989946,40780000.0,22896000.0,19814000.0,10888000.0,14975000.0,2794000.0,7164000.0,13744320.0,13356320.0,6.946601941747573,1.8198016164584865,0.13013732221677293,0.23178721174004194,0.008729078699699853,6.946601941747573,0.008167365478686234,1.4393465284322966,18.37475935828877,0.600293501048218,0.0,2.3858267716535435,0.0,0.2341589014222658,1.5189199118295371,0.004585581167238843,2.893541052631579,0.30191643103989946,-0.6428571428571429,-0.9794586750945592,0.18539202706678437,0.3707311443900446,0.04950855478704041,-0.6191446028513238,-0.5073041168658698,0.10926375404530744,-0.27385598353489776,-0.05147981613147938,Semiconductor Equipment & Materials,Technology,TRT
2011Q1,2011,Q1,2010-11-15,2010-09-30,491000.0,13029000.0,753000.0,0.14,2747000.0,0.21083736280604803,43666000.0,21684000.0,24395000.0,14958000.0,19004000.0,3649000.0,6977000.0,15236160.0,17421160.0,6.717472118959108,1.6308998529215135,0.1581321852242019,0.31843755764619075,0.02620046193897008,6.717472118959108,0.022643423722560414,1.1694036380382224,7.757718940936862,0.702645268400664,0.0,2.81775828994245,0.0,0.2983786012000183,1.3546597138654901,0.011244446480098933,-5.802041127189642,0.21083736280604803,-0.4615384615384615,3.1280703887711496,1.1182328812200868,1.1856239430736328,-0.016117478510028652,-0.44831460674157303,0.5029940119760479,-0.3466101373303171,0.08057489703682008,-0.03260724718708614,Semiconductor Equipment & Materials,Technology,TRT
2010Q4,2010,Q4,2010-10-01,2010-06-30,890000.0,12874000.0,501000.0,0.26,2792000.0,0.21687121329812023,41724000.0,20266000.0,23461000.0,14796000.0,18649000.0,3400000.0,6486000.0,12395520.0,12070520.0,6.27819083023544,1.5856312516896458,0.13500623142555843,0.2779532221454653,0.009381684898129876,6.27819083023544,0.043915918286785746,0.9628336181450986,3.481887640449438,0.611641172406987,0.0,2.965294117647059,0.0,0.3085514332278784,1.3358340091916734,0.02133064902693893,-4.167962340282448,0.21687121329812023,7.5,12.314246312507496,0.9756377642025394,1.0218246042513615,0.3612871769868357,7.953125,1.4320388349514563,0.32358418894199564,0.3993934679127787,-0.055078677879092555,Semiconductor Equipment & Materials,Technology,TRT
2010Q3,2010,Q3,2010-05-17,2010-03-31,-128000.0,10771000.0,206000.0,-0.04,2051000.0,0.1904187169250766,36287000.0,19168000.0,16991000.0,9793000.0,13620000.0,1481000.0,5596000.0,12391680.0,11723680.0,5.939882243569879,1.7350148064944348,0.1292749469506986,0.24473080133555927,0.004897498301178835,5.939882243569879,-0.00667779632721202,1.1504669947080122,-24.202499999999997,0.6464774624373957,0.0,5.887913571910871,0.0,0.2968280651472979,1.5573368732768305,-0.003527434067296828,28.81786046511628,0.1904187169250766,0.7777777777777777,-6.34760684001465,0.6184143728844195,0.873823732655633,1.179596174282678,0.7808219178082192,1.3427620632279533,-1.1182988011364565,-0.20950659847717074,-0.0796722244680272,Semiconductor Equipment & Materials,Technology,TRT
2010Q2,2010,Q2,2010-02-16,2009-12-31,-584000.0,6191000.0,-601000.0,-0.18,941000.0,0.15199483120659021,32054000.0,19045000.0,14170000.0,6186000.0,9878000.0,1485000.0,5724000.0,10423210.0,9461210.0,5.901766346451812,2.290656320724216,0.1165845136332439,0.19621948017852456,-0.02673570040011108,5.901766346451812,-0.03066421632974534,1.6836068486512679,-4.461990582191781,0.5472937778944605,0.0,3.5353535353535355,0.0,0.19314282148873776,2.019075331393469,-0.018219255007175392,-37.902581818181815,0.15199483120659021,-0.058823529411764594,-4.367660365664704,0.001455730299183862,0.8535195874180512,-0.21843853820598005,-0.05989110707803993,-0.13825757575757575,-1.7300076443555683,-0.5604374778289452,-0.012850021557206263,Semiconductor Equipment & Materials,Technology,TRT
2010Q1,2010,Q1,2009-11-20,2009-09-30,-551000.0,7105000.0,-528000.0,-0.17,1204000.0,0.16945812807881774,32441000.0,19556000.0,14258000.0,6270000.0,9894000.0,952000.0,6308000.0,8551550.0,7686550.0,6.060117756430121,2.2740031897926634,0.12582842699053667,0.20873389241153611,-0.020729017594073574,6.060117756430121,-0.028175496011454287,1.2035960591133006,-3.880013611615245,0.43728523215381465,0.0,6.198529411764706,0.0,0.21901297740513548,2.0738437001594896,-0.01698467988039826,-1.954193327239488,0.16945812807881774,0.16752362763821552,-3.136136422772519,-0.16849505334026277,0.9322775726223582,-0.139385275196569,0.1638846737481032,-2.5918367346938775,-1.7272549897278748,-0.28213974762104327,0.073295152945657,Semiconductor Equipment & Materials,Technology,TRT
2009Q4,2009,Q4,2009-10-02,2009-06-30,-659000.0,4677000.0,-147000.0,-0.20421,1399000.0,0.2991233696814197,27947000.0,19864000.0,13642000.0,4340000.0,5165000.0,1184000.0,6859000.0,8293389.999999999,1895389.999999999,6.155562441896499,3.1433179723502302,0.0584320320606863,0.082209021345147,-0.007357197234747286,6.155562441896499,-0.03317559403946838,1.7732285653196491,-3.1462025796661606,0.4175085581957309,0.0,2.768581081081081,0.0,0.16735248863920993,2.8320276497695853,-0.02358034851683544,-21.210716112531966,0.2991233696814197,-3.0842,-7.116119359069468,-0.17455348474579588,1.0225224556984838,0.8879892037786775,-3.067901234567901,0.7356115107913669,-1.934049004141195,-0.5087521406553259,0.1396567998451429,Semiconductor Equipment & Materials,Technology,TRT
2009Q3,2009,Q3,2009-05-14,2009-03-31,-162000.0,3578000.0,-556000.0,-0.05,741000.0,0.20709893795416434,27837000.0,19914000.0,17344000.0,4615000.0,5119000.0,1325000.0,7518000.0,5001850.0,195850.0,6.171056709017663,3.7581798483206934,0.06775155368753817,0.09470724113688862,-0.016532537367845428,6.171056709017663,-0.008134980415787888,1.397945779765232,-7.718904320987654,0.2511725419303003,0.0,2.141132075471698,0.0,0.12853396558537197,3.363596966413868,-0.005819592628516004,8.199754098360655,0.20709893795416434,0.6153846153846154,-1.8764332197087077,-0.35501354780365535,1.028660538842054,-0.4390613171839515,0.6197183098591549,0.10466988727858294,-1.9264182597266597,-0.4496429612124052,0.20158044343312817,Semiconductor Equipment & Materials,Technology,TRT
2009Q2,2009,Q2,2009-02-23,2008-12-31,-426000.0,5562000.0,-621000.0,-0.13,1321000.0,0.23750449478604818,29479000.0,20596000.0,18417000.0,5203000.0,5808000.0,1671000.0,7680000.0,5679520.0,1291520.0,6.382398512550356,3.5396886411685564,0.07981953254859392,0.11424548456010876,-0.021520463361567075,6.382398512550356,-0.02068362788891047,1.0211290902553039,-3.3330516431924884,0.2757583996892601,0.0,2.538001196888091,0.0,0.18867668509786628,3.1197386123390354,-0.014450965093795584,88.7425,0.23750449478604818,0.40909090909090906,-2.776095046667595,-0.0001450135918065934,1.1430537879004228,0.014592933947772658,0.40751043115438107,0.09606986899563319,-1.0477952438970481,-0.294782094261487,0.25940027806754895,Semiconductor Equipment & Materials,Technology,TRT
2009Q1,2009,Q1,2008-11-14,2008-09-30,-719000.0,6230000.0,-687000.0,-0.22,1302000.0,0.20898876404494382,31674000.0,20993000.0,20630000.0,7098000.0,7782000.0,1879000.0,8106000.0,11584930.0,9636930.0,6.505422993492408,2.9064525218371373,0.08574856349056008,0.12937645881960655,-0.034154157450669013,6.505422993492408,-0.03424951174200924,1.8595393258426967,-4.028139777468707,0.5518472824274758,0.0,2.6226716338477916,0.0,0.19669129254277956,2.6142575373344603,-0.02270000631432721,-18.506277955271564,0.20898876404494382,-0.5399692006159879,-2.6445840178798647,0.46824802095951773,1.2646389876287922,0.059397884458909686,-0.559652928416486,-0.21808510638297873,-2.1172235431768747,0.013176781032735629,1.1166307805386078,Semiconductor Equipment & Materials,Technology,TRT
2008Q4,2008,Q4,2008-09-26,2008-06-30,-461000.0,6938000.0,-564000.0,-0.14286,1229000.0,0.17714038627846643,34759000.0,22141000.0,23431000.0,7528000.0,9810000.0,2449000.0,8825000.0,16393160.0,13065160.0,6.86117136659436,3.1125132837407015,0.09413389338013177,0.14778013639853665,-0.015071636081832722,6.86117136659436,-0.020821101124610452,2.3628077255693283,-8.89,0.7403983559911477,0.0,2.3311555737035525,0.0,0.19960298052303,2.768862911795962,-0.013262752092983112,-44.79005464480874,0.17714038627846643,0.6753181818181818,-0.6339285714285713,0.334001829367635,1.338708936133677,-0.127750177430802,0.6732813607370659,0.5707762557077626,-7.8986175115207375,0.06503203344874905,1.2095672874673027,Semiconductor Equipment & Materials,Technology,TRT
2008Q3,2008,Q3,2008-05-15,2008-03-31,-1411000.0,8455000.0,-1314000.0,-0.44,1409000.0,0.16664695446481373,36082000.0,22652000.0,24650000.0,8147000.0,10702000.0,2144000.0,9286000.0,20485100.0,18093100.0,7.021698698078115,3.0256536148275437,0.09883044177152042,0.15742539290128907,-0.04834207425987155,7.021698698078115,-0.0622903054917888,2.4228385570668243,-3.629535790219702,0.9043395726646654,0.0,3.2863805970149254,0.0,0.2343273654453744,2.7083589051184487,-0.03910537109916302,18.06446208112875,0.16664695446481373,-9.799999999999999,-46.737844300770526,0.37996294939081227,1.3585561303169347,-0.5589984350547731,-9.55151515151515,-3.253859348198971,-59.96728287211859,0.27081377896466324,1.215098738406689,Semiconductor Equipment & Materials,Technology,TRT
2008Q2,2008,Q2,2008-02-12,2007-12-31,165000.0,12871000.0,583000.0,0.05,3195000.0,0.24823246057027426,38465000.0,23626000.0,28171000.0,9316000.0,12009000.0,2473000.0,11051000.0,29550160.0,28071160.0,7.3236205827650345,3.023937312151138,0.09975302222799948,0.1624058240921019,0.012868982050665095,7.3236205827650345,0.006983831372217049,2.295871338668324,44.772969696969696,1.2507474815880808,0.0,3.9126566922765873,0.0,0.33461588457038866,2.7053456419063977,0.004289613934745873,-22.853952049497295,0.24823246057027426,-0.7826086956521738,0.6456946649135119,1.3128189184515096,1.4515332189706207,0.05029585798816568,-0.7802929427430093,-0.5350877192982456,2.517017978921265,1.0826574516757435,1.3000697425329408,Semiconductor Equipment & Materials,Technology,TRT
2008Q1,2008,Q1,2007-11-14,2007-09-30,751000.0,12050000.0,1254000.0,0.23,3042000.0,0.252448132780083,38425000.0,22401000.0,29346000.0,10400000.0,13337000.0,2167000.0,10886000.0,37905500.0,34923500.0,6.943893366398016,2.8217307692307694,0.11338972023422252,0.19450024552475337,0.03947072301702358,6.943893366398016,0.033525289049596,3.1456846473029048,12.618342210386151,1.6921342797196555,0.0,4.156898938624827,0.0,0.313597918022121,1.7146153846153847,0.019544567338972023,-40.890507011866234,0.252448132780083,0.09523809523809533,11.171906828447437,0.8490089242151811,1.374368769918649,0.15974075486084635,0.11755952380952381,0.6015325670498084,1.912406057324324,0.4106601699681996,1.2140707421626107,Semiconductor Equipment & Materials,Technology,TRT
2007Q4,2007,Q4,2007-09-17,2007-06-30,672000.0,9194000.0,783000.0,0.21,2623000.0,0.2852947574505112,32788000.0,21434000.0,24673000.0,8228000.0,8895000.0,1946000.0,10135000.0,64358700.0,58178700.0,6.6441413515189085,2.998663101604278,0.029126509698670245,0.044555379303909674,0.0336228713616061,6.6441413515189085,0.031352057478772045,7.000076136610833,23.94296875,3.0026453298497713,0.0625,3.3766700924974304,0.0006525924234019643,0.28040746614615103,2.7473262032085564,0.02049530315969257,13.801994424190436,0.2852947574505112,-0.3636363636363637,1.298543497081805,0.664945977144005,1.2573736223308614,-0.2742114001106807,-0.37835337650323775,-0.4174107142857143,5.2387044656108515,0.6231575279513194,1.1830539790839498,Semiconductor Equipment & Materials,Technology,TRT
2007Q3,2007,Q3,2007-05-10,2007-03-31,1081000.0,13613000.0,1344000.0,0.33,3614000.0,0.2654815250128554,32253000.0,20808000.0,23844000.0,8194000.0,9054000.0,1986000.0,9463000.0,44813600.0,42962600.0,6.45409429280397,2.909934098120576,0.05050692958794531,0.07828719723183392,0.04865201544687024,6.45409429280397,0.05195117262591311,3.2919709101594066,10.363922294172063,2.153671664744329,0.0,5.0347432024169185,0.0,0.4220692648745853,2.6473029045643153,0.03351626205314234,20.622917625402668,0.2654815250128554,0.32000000000000006,4.146640580263409,1.6547501000388434,0.8682736618220488,0.0736779560308972,0.35294117647058826,0.0752,4.853740177832919,1.4562243531506562,1.1217057342293257,Semiconductor Equipment & Materials,Technology,TRT
2007Q2,2007,Q2,2007-02-09,2006-12-31,799000.0,14067000.0,1250000.0,0.25,3366000.0,0.23928342930262317,36172000.0,19269000.0,27436000.0,13554000.0,14576000.0,4637000.0,8382000.0,,,,,,,,,,,,,,,,,,,,,,,,,,,,,,,Semiconductor Equipment & Materials,Technology,TRT
2007Q1,2007,Q1,2006-11-13,2006-09-30,756000.0,9876000.0,821000.0,0.23,2491000.0,0.2522276225192386,30687000.0,18181000.0,22769000.0,9201000.0,10270000.0,3441000.0,7906000.0,,,,,,,,,,,,,,,,,,,,,,,,,,,,,,,Semiconductor Equipment & Materials,Technology,TRT
