Quarters,Year,Quarter,FillingDate,Date,NetIncome,Revenue,OperatingIncome,EPSDiluted,GrossProfit,GrossProfitRatio,TotalAssets,CommonStockEquity,CurrentAssets,CurrentLiability,TotalLiability,Inventory,RetainedEarnings,MarketCap,EnterpriseValue,bookValuePerShare,currentRatio,debtToAssets,debtToEquity,roic,shareholdersEquityPerShare,roe,priceToSalesRatio,peRatio,pbRatio,payoutRatio,inventoryTurnover,dividendYield,assetTurnover,quickRatio,returnOnAssets,priceToFreeCashFlowsRatio,grossProfitMargin,epsdilutedGrowth,fiveYNetIncomeGrowthPerShare,fiveYRevenueGrowthPerShare,fiveYShareholdersEquityGrowthPerShare,grossProfitGrowth,netIncomeGrowth,operatingIncomeGrowth,threeYNetIncomeGrowthPerShare,threeYRevenueGrowthPerShare,threeYShareholdersEquityGrowthPerShare,Industry,Sector,Symbol
2023Q1,2023,Q1,2023-04-27,2023-03-31,-11820000.0,2239018000.0,552000.0,-0.3,422620000.0,0.1887523906,3577186000.0,868491000.0,882407000.0,541097000.0,2708695000.0,252455000.0,75202000.0,994833425.15,2772787425.15,21.955985894529633,1.630774149551744,0.6049048050618558,2.4915134411294995,0.00015415554301368635,21.955985894529633,-0.013609812882344204,0.44431685013251343,-21.041316098773265,1.1454734996102434,0.0,7.194937711671387,0.0,0.625916013313258,1.0725858764694685,-0.00330427324718368,-33.181022785337866,0.18875239055693166,-1.2542372881355932,-1.7249754661432777,-0.025273467582440787,0.20568154684228937,-0.8217504742832608,-1.2525587060105554,-0.9922050413048084,-1.7249754661432777,-0.025273467582440787,0.20568154684228937,Retail Apparel & Specialty,Consumer Cyclical,TANNI
2022Q4,2022,Q4,2023-03-01,2022-12-31,46801000.0,2657790000.0,70815000.0,1.18,2370946000.0,0.8920742421,3652907000.0,873206000.0,941900000.0,583649000.0,2779701000.0,272074000.0,81500000.0,1001162385.31,2774323385.31,22.075183990413997,1.6138124112266106,0.5992961222390825,2.5070521732557953,0.01139251541276358,22.075183990413997,0.05359674578507248,0.3766898006652143,5.347975392139057,1.1465363102292012,0.0,1.0542867014121158,0.0,0.7275821694885745,1.0667952827812606,0.012811987822301526,-21.21286518582083,0.892074242133502,0.26881720430107514,2.716837857666911,-0.45155391921275057,0.3631788137366017,3.9885351551404544,0.2657471264367816,0.2103059306101521,2.716837857666911,-0.45155391921275057,0.3631788137366017,Retail Apparel & Specialty,Consumer Cyclical,TANNI
2022Q3,2022,Q3,2022-11-02,2022-09-30,36975000.0,2811079000.0,58510000.0,0.93,475279000.0,0.1690735123,3683218000.0,824583000.0,964950000.0,640457000.0,2858635000.0,242606000.0,34699000.0,1028060465.9899999,2780440465.99,20.8459646868752,1.506658526645817,0.602658327582022,2.691932770867214,0.009370696304272032,20.8459646868752,0.044840846828033076,0.36571738680769905,6.951051156118998,1.246764080741417,0.0,9.627956439659366,0.0,0.763212766662196,1.0722359190390611,0.010038775874792098,-24.65077247308476,0.16907351234170223,-0.42592592592592593,-0.18564443661351418,-0.4699399734732305,0.1980847103745582,-0.03464896067335855,-0.4220850265708034,-0.38695110068000127,-0.18564443661351418,-0.4699399734732305,0.1980847103745582,Retail Apparel & Specialty,Consumer Cyclical,TANNI
2022Q2,2022,Q2,2022-08-02,2022-06-30,63980000.0,3079048000.0,95441000.0,1.62,492338000.0,0.1598994235,3741833000.0,786290000.0,1073137000.0,716279000.0,2955543000.0,251608000.0,-2276000.0,992855625.1,2677309625.1,19.877894127872025,1.4982108926828792,0.6012026725938865,2.8610309173460173,0.015220119949499086,19.877894127872025,0.08136946927978227,0.322455390464845,3.879554646373867,1.2627092104694198,0.0,10.280714444691743,0.0,0.8228715712326018,1.1042736140526248,0.017098571742779543,12.89238712781291,0.1598994234581598,2.951219512195123,1.7572832270298224,-0.0845364895271894,0.18171215933103083,1.3342673266856182,2.924190382728165,1.9202031637242603,1.7572832270298224,-0.0845364895271894,0.18171215933103083,Retail Apparel & Specialty,Consumer Cyclical,TANNI
2022Q1,2022,Q1,2022-05-03,2022-03-31,16304000.0,2297073000.0,32683000.0,0.41,-1472887000.0,-0.641201651,3636380000.0,720332000.0,1003558000.0,651454000.0,2916048000.0,221410000.0,-66256000.0,1015798105.68,2749931105.68,18.210435377428574,1.540489428263546,0.6265258306337621,3.162827696117901,0.005300814891162074,18.210435377428574,0.02263400765202712,0.4422141158247909,15.575903239695782,1.410180452458033,0.0,17.027053881938485,0.0,0.6316922323849543,0.8352899821015759,0.004483579823890792,112.0447943613501,-0.6412016509706048,-0.18000000000000005,0.0,0.0,0.0,-391.8935774946921,-0.1749405394463843,0.5474905303030303,0.0,0.0,0.0,Retail Apparel & Specialty,Consumer Cyclical,TANNI
2021Q4,2021,Q4,2022-02-23,2021-12-31,19761000.0,2033522000.0,21120000.0,0.5,3768000.0,0.0018529428,3508501000.0,702853000.0,877184000.0,519278000.0,2805648000.0,191843000.0,-82560000.0,1057727466.7399999,4711239466.74,17.768555522081215,1.6892377493365789,1.194103692716633,5.960725784765804,0.005241909180706951,17.768555522081215,0.028115409623349404,0.5201455734140078,13.381502286574566,1.5049056726513224,0.0,10.58028700552014,0.0,0.5795985237000075,1.2467194835906779,0.005632319899581046,-12.459243379939924,0.001852942825305062,-0.5643996013567086,1.7249082905355833,-0.5803742315628214,0.09723744313622643,-0.6765387586917332,-0.5647740287199365,-0.47009233239662784,1.7249082905355833,-0.5803742315628214,0.09723744313622643,Retail Apparel & Specialty,Consumer Cyclical,TANNI
2021Q3,2021,Q3,2021-11-02,2021-09-30,45404000.0,5303322000.0,39856000.0,1.1478410064758569,11649000.0,0.0021965477487506887,3576201000.0,688251000.0,962185000.0,573339000.0,2887950000.0,169543000.0,-95347000.0,1073945427.1499999,2894943427.1499996,17.399407993745374,1.678213064173203,0.6828757667703801,3.548270906980157,0.01569591320345861,17.399407993745374,0.06597011845968985,0.20250428451261301,5.9132754115826796,1.5603979175475224,0.0,31.211391800310246,0.0,1.4829485255442856,1.3439047404764022,0.012696154382821323,28.3819716998335,0.0021965477487506887,0.9567315980003447,0.0,0.0,0.0,1.015557867547776,0.9567315980003448,-0.19918021258212945,0.0,0.0,0.0,Retail Apparel & Specialty,Consumer Cyclical,TANNI
2021Q2,2021,Q2,2021-08-03,2021-06-30,23204000.0,3363376000.0,49769000.0,0.5866113715590209,-748753000.0,-0.22261947519397177,3537508000.0,665382000.0,914215000.0,540183000.0,2872126000.0,165920000.0,-117547000.0,1048629586.5100001,1104471586.5100002,16.821265627938477,1.6924171993565145,0.18066192359140953,0.9604903649332264,0.046925578401610775,16.821265627938477,0.03487320065766732,0.3117788753056453,11.297939865001723,1.5759812957218562,0.0,24.78380544840887,0.0,0.950775517680808,1.3441481868181708,0.0065594197949517,10.848079310091554,-0.22261947519397177,0.0,0.0,0.0,0.0,0.0,0.0,0.0,0.0,0.0,0.0,Retail Apparel & Specialty,Consumer Cyclical,TANNI
2020Q4,2020,Q4,2021-02-26,2020-12-31,-27260000.0,4846037000.0,10776000.0,-0.6891495426951779,-1381083000.0,-0.28499225243224513,3443860000.0,640566000.0,785916000.0,445197000.0,2802881000.0,172830000.0,0.0,1055354106.68,1208855106.6799998,16.193901906312522,1.7653218687457464,0.18486581916802658,0.9938897787269384,0.010909543912730094,16.193901906312522,-0.0425561144362954,0.2177767331698045,-9.678595989361702,1.647533754023785,,36.03031881039171,,1.4071527297857636,1.2973582481463262,-0.007915536636216339,0.0,-0.28499225243224513,0.0,0.0,0.0,0.0,0.0,0.0,0.0,0.0,0.0,0.0,Retail Apparel & Specialty,Consumer Cyclical,TANNI
