Quarters,Year,Quarter,FillingDate,Date,NetIncome,Revenue,OperatingIncome,EPSDiluted,GrossProfit,GrossProfitRatio,TotalAssets,CommonStockEquity,CurrentAssets,CurrentLiability,TotalLiability,Inventory,RetainedEarnings,MarketCap,EnterpriseValue,bookValuePerShare,currentRatio,debtToAssets,debtToEquity,roic,shareholdersEquityPerShare,roe,priceToSalesRatio,peRatio,pbRatio,payoutRatio,inventoryTurnover,dividendYield,assetTurnover,quickRatio,returnOnAssets,priceToFreeCashFlowsRatio,grossProfitMargin,epsdilutedGrowth,fiveYNetIncomeGrowthPerShare,fiveYRevenueGrowthPerShare,fiveYShareholdersEquityGrowthPerShare,grossProfitGrowth,netIncomeGrowth,operatingIncomeGrowth,threeYNetIncomeGrowthPerShare,threeYRevenueGrowthPerShare,threeYShareholdersEquityGrowthPerShare,Industry,Sector,Symbol
2023Q1,2023,Q1,2023-05-22,2023-03-31,-522308.0,0.0,-3710314.0,-0.0606,-3710314.0,0.0,199922758.0,179411133.0,593666.0,4869560.0,20511625.0,0.0,-19918822.0,3074320.8496,3261596.8496,5.8416330929273865,0.12191368419323306,0.0017506761286276372,0.0019508265409594176,-0.005094036551949274,5.8416330929273865,-0.0029112351684440897,0.0,-1.471507639936589,0.017135619168070246,0.0,0.0,0.0,0.0,0.0334165715177552,-0.0026125489925464115,-9.72009690500656,0.0,0.9773033707865169,0.0,0.0,0.0,-0.5426012958417317,0.9773154814451471,-3.741021571739258,0.0,0.0,0.0,Shell Companies,Financial Services,IVCBW
2022Q4,2022,Q4,2023-04-24,2022-12-31,-23024866.0,0.0,-782598.0,-2.67,-2405232.0,0.0,358045355.0,343133814.0,1068711.0,1284291.0,14911541.0,0.0,-13843693.0,1552500.0,1073491.0,9.945907652173913,0.832140846583835,0.0,0.0,0.017288728205482537,9.945907652173913,-0.06710171093776261,0.0,-0.016856775626837524,0.004524473941819094,0.0,0.0,0.0,0.0,0.3729754393669348,-0.06430712109084616,-15.609761002242175,0.0,-4.56,-12.787035567618815,0.0,10.577482178176533,-1.7946009566954155,-4.569746113217657,0.0907117818539256,-12.787035567618815,0.0,10.577482178176533,Shell Companies,Financial Services,IVCBW
2022Q3,2022,Q3,2022-11-14,2022-09-30,6450001.0,0.0,-860671.0,0.75,-860671.0,0.0,355233271.0,340096363.0,1142754.0,666408.0,15136908.0,0.0,-13904344.0,2415000.0,1836534.0,9.857865594202899,1.7147963409803004,0.0,0.0,-0.0058407041479458695,9.857865594202899,0.01896521604378345,0.0,0.09360463665044394,0.007100928627102079,0.0,0.0,0.0,0.0,0.8680357978895812,0.018157085854719954,-7.58425113763767,0.0,1.2727272727272727,0.0,0.0,0.0,0.0,-0.4305058290588903,-1.3567694713177487,0.0,0.0,0.0,Shell Companies,Financial Services,IVCBW
2022Q2,2022,Q2,2022-08-04,2022-06-30,11325842.0,0.0,-365191.0,0.33,0.0,0.0,354121250.0,337301698.0,1483058.0,282052.0,16819552.0,0.0,-14599165.0,4485000.0,3588111.0,9.776860811594203,5.258101343014763,0.0,0.0,-0.002338914232256892,9.776860811594203,0.03357777938016784,0.0,0.09899926204162128,0.013296701518531935,0.0,0.0,0.0,0.0,3.179871087600868,0.03198294934291574,-14.07191265060241,0.0,-0.6451612903225807,0.0,0.0,0.0,0.0,-0.6484354008575242,0.07959483028036253,0.0,0.0,0.0,Shell Companies,Financial Services,IVCBW
2022Q1,2022,Q1,2022-05-16,2022-03-31,32215536.0,0.0,-396772.0,0.93,0.0,0.0,354126886.0,332058965.0,1827870.0,406921.0,22067921.0,0.0,-19841898.0,9660000.0,8444391.0,9.624897536231884,4.491952983502941,0.0,0.0,-0.002422265781500176,9.624897536231884,0.0970175161510848,0.0,0.07496383111552142,0.029091218783989164,0.0,0.0,0.0,0.0,2.987334150854834,0.09097173152789083,-6.815675489179939,0.0,15.431095406360425,0.0,0.0,0.0,0.0,15.491981697609202,-2.0206772641451978,0.0,0.0,0.0,Shell Companies,Financial Services,IVCBW
2021Q4,2021,Q4,2022-04-01,2021-12-31,1953406.0,0.0,-131352.0,0.0566,0.0,0.0,355603358.0,-35827142.0,3203768.0,1616500.0,39530500.0,0.0,-35828005.0,10350000.0,7717070.0,-1.038467884057971,1.9819164862356944,0.0,0.0,0.007861144762567525,-1.038467884057971,-0.054523076387170376,0.0,1.3246094257926924,-0.2888871236226434,0.0,0.0,0.0,0.0,1.6287844107639964,0.005493215843029244,92.85009419574773,0.0,0.0,0.0,0.0,0.0,0.0,0.0,0.0,0.0,0.0,0.0,Shell Companies,Financial Services,IVCBW
2021Q2,2021,Q2,2021-06-30,2021-06-30,0.0,0.0,0.0,0.0,0.0,0.0,,,,,,,,0.0,,0.0,0.0,0.0,0.0,0.0,0.0,0.0,0.0,0.0,0.0,0.0,0.0,,0.0,0.0,0.0,0.0,0.0,0.0,0.0,0.0,0.0,0.0,0.0,0.0,0.0,0.0,0.0,Shell Companies,Financial Services,IVCBW
2021Q1,2021,Q1,2021-03-31,2021-03-31,,,,,,,100544.0,20548.0,25000.0,79996.0,79996.0,0.0,-4452.0,0.0,-25000.0,0.0,0.31251562578128905,0.0,0.0,,0.0,,0.0,0.0,0.0,0.0,0.0,,,0.31251562578128905,,0.0,0.0,0.0,0.0,0.0,0.0,0.0,0.0,0.0,0.0,0.0,0.0,Shell Companies,Financial Services,IVCBW
