Quarters,Year,Quarter,FillingDate,Date,NetIncome,Revenue,OperatingIncome,EPSDiluted,GrossProfit,GrossProfitRatio,TotalAssets,CommonStockEquity,CurrentAssets,CurrentLiability,TotalLiability,Inventory,RetainedEarnings,MarketCap,EnterpriseValue,bookValuePerShare,currentRatio,debtToAssets,debtToEquity,roic,shareholdersEquityPerShare,roe,priceToSalesRatio,peRatio,pbRatio,payoutRatio,inventoryTurnover,dividendYield,assetTurnover,quickRatio,returnOnAssets,priceToFreeCashFlowsRatio,grossProfitMargin,epsdilutedGrowth,fiveYNetIncomeGrowthPerShare,fiveYRevenueGrowthPerShare,fiveYShareholdersEquityGrowthPerShare,grossProfitGrowth,netIncomeGrowth,operatingIncomeGrowth,threeYNetIncomeGrowthPerShare,threeYRevenueGrowthPerShare,threeYShareholdersEquityGrowthPerShare,Industry,Sector,Symbol
2023Q1,2023,Q1,2023-05-15,2023-03-31,2871479.0,0.0,-396909.0,0.11,0.0,0.0,219021752.0,50078785.0,121854.0,706199.0,168942967.0,0.0,-484881.0,274667968.75,274631008.75,1.8688292944606415,0.17254909735074675,0.0,0.0,-0.01839386775726543,1.8688292944606415,0.05733923057438394,0.0,23.913457903575125,5.4847171062556725,0.5691122936995187,0.0,0.005949707231742872,0.0,0.05233652270818848,0.01311047406834733,-917.7257285527178,0.0,-0.26666666666666666,7.094989751509679,0.0,149.54141850226063,0.0,-0.11612750511889504,-0.34235090401174234,7.094989751509679,0.0,149.54141850226063,Shell Companies,Financial Services,TWOA
2022Q4,2022,Q4,2023-03-27,2022-12-31,3248748.0,0.0,-295682.0,0.15,0.0,0.0,217688355.0,209575143.0,422651.0,610087.0,8113212.0,0.0,-7591097.0,222172446.35,221836194.35,9.499025305259236,0.6927716866610828,0.0,0.0,-0.003104259246256533,9.499025305259236,0.015501590281629916,0.0,17.096774384316667,1.0601087665725701,0.0,0.0,0.0,0.0,0.5511541796497876,0.01492384836111238,-3449.507760802397,0.0,2.464203233256351,26.46342765745058,0.0,0.2520151387881537,0.0,1.7330420890843978,0.52184649319273,26.46342765745058,0.0,0.2520151387881537,Shell Companies,Financial Services,TWOA
2022Q3,2022,Q3,2022-11-14,2022-09-30,1188693.0,0.0,-618383.0,0.0433,0.0,0.0,216091797.0,208098610.0,598308.0,490062.0,7993187.0,0.0,-7295478.0,271291539.9375,270890880.9375,7.587743579225633,1.220882255714583,0.0,0.0,-0.012387312010570868,7.587743579225633,0.005712162133134863,0.0,57.056687457884415,1.3036681981561529,0.0,0.0,0.0,0.0,0.8175679811942163,0.0055008705397549176,-3116.8247140715293,0.0,1.6894409937888197,2.0975528982441545,0.0,-0.8047309810974218,0.0,1.6959196957291862,-2.6270712237009577,2.0975528982441545,0.0,-0.8047309810974218,Shell Companies,Financial Services,TWOA
2022Q2,2022,Q2,2022-08-15,2022-06-30,440923.0,0.0,-170491.0,0.0161,0.0,0.0,215386552.0,207813455.0,796601.0,69972.0,7573097.0,0.0,-6677095.0,267948356.25,267460656.25,7.577346186276521,11.38456811295947,0.0,0.0,-0.002675238245989877,7.577346186276521,0.0021217249864788593,0.0,151.92468767222397,1.289369623588617,0.0,0.0,0.0,0.0,6.969930829474647,0.002047124093429937,-1584.3588687980796,0.0,1.8385416666666667,1.357205461922887,0.0,-0.7842029524948141,0.0,1.8382662159644407,0.3763315384390272,1.357205461922887,0.0,-0.7842029524948141,Shell Companies,Financial Services,TWOA
2022Q1,2022,Q1,2022-05-16,2022-03-31,-525994.0,0.0,-273368.0,-0.0192,0.0,0.0,215332465.0,207678239.0,1048221.0,151101.0,7654226.0,0.0,-6697360.0,268222612.49999997,267565791.49999997,7.57241590665664,6.937220799332897,0.0,0.0,-0.0017323034478313527,7.57241590665664,-0.002532735266500406,0.0,-127.48368446218016,1.291529694163094,0.0,0.0,0.0,0.0,4.346900417601472,-0.002442706444659889,-1110.4641137529445,0.0,-2.310344827586207,-0.09087689232805017,0.0,602.8834377210949,0.0,-2.316544449138382,-0.41162376391004624,-0.09087689232805017,0.0,602.8834377210949,Shell Companies,Financial Services,TWOA
2021Q4,2021,Q4,2022-03-31,2021-12-31,-158597.0,0.0,-193655.0,-0.0058,0.0,0.0,215805944.0,208077920.0,1395387.0,224899.0,7728024.0,0.0,-6297679.0,266851331.25,265867969.25,7.586989175269479,6.204505133415444,0.0,0.0,-0.0008380582635505411,7.586989175269479,-0.0007622000450600429,0.0,-420.64372473943394,1.2824586638024833,0.0,0.0,0.0,0.0,4.37246052672533,-0.0007349056150186484,-3565.2909435247907,0.0,0.853127374018739,0.0,0.0,0.0,0.0,0.25063550712996474,0.149584134763172,0.0,0.0,0.0,Shell Companies,Financial Services,TWOA
2021Q3,2021,Q3,2022-01-14,2021-09-30,-211642.0,0.0,-227718.0,-0.03949,0.0,0.0,215948873.0,208254046.0,1555845.0,191702.0,7694827.0,0.0,-6121553.0,52468281.24999999,51410072.24999999,38.85789779591837,8.115956015065048,0.0,0.0,-0.0010934625491021673,38.85789779591837,-0.0010162683706034696,0.0,-61.97763351555928,0.2519436345068657,0.0,0.0,0.0,0.0,5.520072821358149,-0.000980056052434226,-397.71295243509564,0.0,0.12260042659082834,0.0,0.0,0.0,0.0,0.2079533249254329,0.1539710433532347,0.0,0.0,0.0,Shell Companies,Financial Services,TWOA
2021Q2,2021,Q2,2021-06-30,2021-06-30,-267209.0,0.0,-269161.0,-0.045008,0.0,0.0,216151723.0,208465688.0,1774771.0,182910.0,7686035.0,0.0,-355115.0,58478898.4,57288764.4,35.113298693738734,9.702974140287573,0.0,0.0,-0.0012911525277003858,35.113298693738734,-0.0012817888764504977,0.0,-54.712695305921585,0.28052049697502257,0.0,0.0,0.0,0.0,6.5066644797988085,-0.0012362103632178774,-71.42077054790337,0.0,-1.2504,0.0,0.0,0.0,0.0,-2.039712875116602,-2.06191841285009,0.0,0.0,0.0,Shell Companies,Financial Services,TWOA
2021Q1,2021,Q1,2021-03-31,2021-03-31,-87906.0,0.0,-87906.0,-0.02,0.0,0.0,7194210.0,-62906.0,2674600.0,7257116.0,7257116.0,0.0,-87906.0,49750000.0,47830693.0,-0.0125812,0.3685486080145336,0.011216380950792373,-1.2827552220773852,-4.9421487603305785,-0.0125812,1.3974183702667473,0.0,-141.4863604304598,-790.8625568308269,0.0,0.0,0.0,0.0,0.2755915710869166,-0.01221899277335524,0.0,0.0,0.0,0.0,0.0,0.0,0.0,0.0,0.0,0.0,0.0,0.0,Shell Companies,Financial Services,TWOA
