Quarters,Year,Quarter,FillingDate,Date,NetIncome,Revenue,OperatingIncome,EPSDiluted,GrossProfit,GrossProfitRatio,TotalAssets,CommonStockEquity,CurrentAssets,CurrentLiability,TotalLiability,Inventory,RetainedEarnings,MarketCap,EnterpriseValue,bookValuePerShare,currentRatio,debtToAssets,debtToEquity,roic,shareholdersEquityPerShare,roe,priceToSalesRatio,peRatio,pbRatio,payoutRatio,inventoryTurnover,dividendYield,assetTurnover,quickRatio,returnOnAssets,priceToFreeCashFlowsRatio,grossProfitMargin,epsdilutedGrowth,fiveYNetIncomeGrowthPerShare,fiveYRevenueGrowthPerShare,fiveYShareholdersEquityGrowthPerShare,grossProfitGrowth,netIncomeGrowth,operatingIncomeGrowth,threeYNetIncomeGrowthPerShare,threeYRevenueGrowthPerShare,threeYShareholdersEquityGrowthPerShare,Industry,Sector,Symbol
2023Q3,2023,Q3,2023-05-10,2023-03-31,-3065000.0,32964000.0,-1801000.0,-0.0839,14636000.0,0.4439995146,151487000.0,78028000.0,95889000.0,45952000.0,73459000.0,51725000.0,-216852000.0,158618320.0,165279320.0,2.1349458246689283,2.086720926183844,0.12843346293741378,0.2493463884759317,-0.017381229076155257,2.1349458246689283,-0.03928077100528016,4.8118650649193055,-12.937872756933116,2.0328384682421694,0.0,0.35433542774287097,0.0,0.21760283060592658,0.8861202994428969,-0.02023275924666803,18.307746999076638,0.44399951462201187,-0.16852367688022282,-5.439339568735349,0.4157638152379693,0.7779824141233507,0.061041032332898364,-0.17477960904561135,0.3073076923076923,0.5651250041125848,0.4774465118824305,0.23007806295974384,Communication Equipment,Technology,LTRX
2023Q2,2023,Q2,2023-02-09,2022-12-31,-2609000.0,31506000.0,-2600000.0,-0.0718,13794000.0,0.4378213674,147785000.0,79518000.0,90045000.0,39475000.0,68267000.0,49156000.0,-213787000.0,157040640.0,183674640.0,2.187444982394366,2.2810639645345154,0.22626788916331156,0.4205211398677029,-0.021881761912088574,2.187444982394366,-0.0328101813425891,4.984467720434203,-15.047972403219624,1.974906813551649,0.0,0.3603222394010904,0.0,0.2131880772744189,0.9439898670044332,-0.01765402442737761,-24.836413095049817,0.43782136735859833,-0.537473233404711,-6.764922853090767,0.38176876224597944,0.8630392632805549,-0.017241379310344827,-0.5783424077434967,-1.5193798449612403,-0.22955399576865343,0.5164495195916579,0.43512710804233795,Communication Equipment,Technology,LTRX
2023Q1,2023,Q1,2022-11-09,2022-09-30,-1653000.0,31795000.0,-1032000.0,-0.0467,14036000.0,0.4414530587,150132000.0,79738000.0,90557000.0,40241000.0,70394000.0,45260000.0,-211178000.0,170302860.0,191519860.0,2.2521041631361918,2.2503665415869385,0.2287453707404151,0.43068549499611225,-0.008468152958819988,2.2521041631361918,-0.020730392033911058,5.356278031136971,-25.7566333938294,2.135780430911234,0.0,0.39237737516570925,0.0,0.21178030000266432,1.0120523843840858,-0.011010310926384782,-30.292219850586978,0.44145305865702156,-1.667142857142857,-0.3013364561018636,0.5128016130847739,0.9703430164897824,-0.06842768965288379,-1.6596169193934558,-0.8832116788321168,0.5669071734908034,0.6149549192278957,0.458026183599106,Communication Equipment,Technology,LTRX
2022Q4,2022,Q4,2022-08-29,2022-06-30,2506000.0,35945000.0,-548000.0,0.07,15067000.0,0.4191681736,137374000.0,79896000.0,90033000.0,35521000.0,57478000.0,37679000.0,-209525000.0,187939540.0,186663540.0,2.287121060315461,2.5346414796880716,0.11606999868970838,0.19957194352658456,-0.029242425058683925,2.287121060315461,0.03136577550816061,5.228530810961191,18.748956504389465,2.3523022429157905,0.0,0.5541017542928421,0.0,0.2616579556539083,1.3213873483291574,0.01824217100761425,-43.40405080831409,0.41916817359855335,1.7616974972796517,25.398968134604928,0.6478050396944994,0.9552408677851529,0.10656580493537016,1.7855799373040753,0.14375,2.112248146343867,1.292556341528559,0.38831550221102457,Communication Equipment,Technology,LTRX
2022Q3,2022,Q3,2022-05-05,2022-03-31,-3190000.0,32324000.0,-640000.0,-0.0919,13616000.0,0.4212349957,130979000.0,75029000.0,85160000.0,33339000.0,55950000.0,33166000.0,-212031000.0,231762600.0,233769600.0,2.1625306240092232,2.5543657578211705,0.18925934691820825,0.3303922483306455,-0.006054869137524433,2.1625306240092232,-0.04251689346785909,7.169985150352679,-18.1632131661442,3.0889735968758747,0.0,0.5640716396309473,0.0,0.24678765298253919,1.4397252467080597,-0.024355049282709443,-187.05617433414042,0.42123499566885286,-0.22207446808510628,-8.944717547446086,0.416571932763214,0.8671460330092448,-0.05706371191135734,-0.33194154488517746,0.7780859916782247,-3.3892587564613317,0.6808250435677927,0.28511159430781596,Communication Equipment,Technology,LTRX
2022Q2,2022,Q2,2022-02-11,2021-12-31,-2395000.0,33681000.0,-2884000.0,-0.0752,14440000.0,0.4287283632,134478000.0,76509000.0,94337000.0,30163000.0,57969000.0,29369000.0,-208841000.0,249369840.0,239525840.0,2.4023172569706106,3.127573517223088,0.19720697809307097,0.34662588715053133,-0.02928838983994382,2.4023172569706106,-0.03130350677698049,7.4038728066268815,-26.03025469728601,3.259353017292083,0.0,0.6551465831318738,0.0,0.2504573238745371,1.9967841395086696,-0.017809604544981334,-41.80550544844929,0.4287283631721148,0.059999999999999984,-32.81734044638864,0.6347710073884637,1.0726647496602597,0.15862954344860788,-0.049058256679807274,-0.6386363636363637,-6.997343994987018,0.9285487395614559,0.4735004032579343,Communication Equipment,Technology,LTRX
2022Q1,2022,Q1,2021-11-12,2021-09-30,-2283000.0,27705000.0,-1760000.0,-0.08,12463000.0,0.4498465980869879,105187000.0,45634000.0,63293000.0,31102000.0,59553000.0,26557000.0,-206446000.0,170106960.0,190544960.0,1.5613110715752019,2.0350138254774612,0.29193721657619287,0.6729193145461717,-0.022852221188262266,1.5613110715752019,-0.05002848753122672,6.1399371954520845,-18.627568988173454,3.727636411447605,0.0,0.5739353089580902,0.0,0.2633880612623233,1.0669731850041797,-0.02170420299086389,-268.73137440758296,0.4498465980869879,-1.0,-11.958754645176914,0.49496672945654036,0.3595186085772664,0.23739078633836377,-1.0830291970802919,-0.8314255983350677,-17.184579978597846,0.49166263228975204,-0.13057020645395895,Communication Equipment,Technology,LTRX
2021Q4,2021,Q4,2021-08-27,2021-06-30,-1096000.0,20638000.0,-961000.0,-0.04,10072000.0,0.4880317860257777,72566000.0,46096000.0,43153000.0,22864000.0,26470000.0,15059000.0,-204163000.0,149531640.0,145803640.0,1.5906691052141206,1.8873775367389782,0.08283493647162583,0.13040177021867408,-0.01849762845333345,1.5906691052141206,-0.023776466504685873,7.245452078689795,-34.10849452554745,3.2439179104477613,0.0,0.7016402151537287,0.0,0.2844031640162059,1.10278166550035,-0.015103491993495576,93.34059925093634,0.4880317860257777,0.0,-1.381619078341387,0.053457527748503195,0.2547554144690351,0.305001295672454,0.07666385846672283,-0.1332547169811321,-1.9322348611944231,0.09668517699445434,0.23817421300335706,Communication Equipment,Technology,LTRX
2021Q3,2021,Q3,2021-04-30,2021-03-31,-1187000.0,17108000.0,-848000.0,-0.04,7718000.0,0.45113397241056813,68269000.0,45907000.0,38574000.0,18723000.0,22362000.0,15079000.0,-203067000.0,131702830.00000001,129622830.00000001,1.592942156216385,2.0602467553276718,0.0907732645856831,0.13499030648920643,-0.016148002004479103,1.592942156216385,-0.02585662317293659,7.698318330605566,-27.738590985678183,2.868905177859586,0.0,0.6227203395450627,0.0,0.25059690342615243,1.1300539443465256,-0.01738710102682037,120.27655707762558,0.45113397241056813,0.20000000000000004,-0.37519495544788606,-0.09292349714254292,0.36911732688237897,0.10320182961692395,0.1864290610006854,0.3585476550680787,-3.1803354456886885,-0.06817393666091755,0.32660187801611507,Communication Equipment,Technology,LTRX
2021Q2,2021,Q2,2021-02-12,2020-12-31,-1459000.0,16585000.0,-1322000.0,-0.05,6996000.0,0.4218269520651191,68421000.0,46113000.0,37491000.0,18069000.0,22308000.0,14304000.0,-201880000.0,127254840.00000001,126473840.00000001,1.6089110638149402,2.074879628092313,0.0999693076686982,0.14833127317676142,-0.024844198710001517,1.6089110638149402,-0.03163966777264546,7.672887548990052,-21.80514736120631,2.759630472968577,0.0,0.6703719239373602,0.0,0.24239634030487717,1.1934805467928495,-0.02132386255681735,1189.297570093458,0.4218269520651191,-4.0,0.16839866501277118,-0.08045081604181385,0.35626622149880427,-0.15086782376502003,-3.8311258278145695,-5.41747572815534,-5.088948900751699,-0.07744015428005818,0.3703039423339968,Communication Equipment,Technology,LTRX
2021Q1,2021,Q1,2020-11-13,2020-09-30,-302000.0,17146000.0,-206000.0,-0.01,8239000.0,0.48052023795637466,68330000.0,46499000.0,36183000.0,16877000.0,21831000.0,13888000.0,-200421000.0,136464510.0,134826510.0,1.6389623206795672,2.143923683119038,0.08884823649934143,0.1305619475687649,-0.004461909954508772,1.6389623206795672,-0.006494763328243618,7.958970605389012,-112.967309602649,2.9347837587905112,0.0,0.6413450460829493,0.0,0.2509293136250549,1.2208923386857853,-0.004419727791599591,190.32707112970712,0.48052023795637466,0.8333333333333333,0.5143006437895979,-0.13671704557837358,0.3311776245885185,0.25767058464356585,0.8224573780129336,0.8709273182957393,0.7032942880578711,0.018094732018236373,0.43391145742737364,Communication Equipment,Technology,LTRX
2020Q4,2020,Q4,2020-09-11,2020-06-30,-1701000.0,17397000.0,-1596000.0,-0.06,6551000.0,0.37655917686957524,67933000.0,46520000.0,34510000.0,15769000.0,21413000.0,13781000.0,-200119000.0,104050660.0,102786660.0,1.6587035584397063,2.188471050795865,0.09460792251188671,0.13815563198624248,-0.028762405315310505,1.6587035584397063,-0.036564918314703355,5.980954187503593,-15.292572016460905,2.236686586414445,0.0,0.7870256149771424,0.0,0.2560905598162896,1.2327351131967785,-0.025039377033253353,127.98359163591635,0.37655917686957524,0.6842105263157895,0.12284854897754688,-0.08982709075912286,0.33093472763359194,-0.11196963535312458,0.6738880368098159,0.6941942900938877,-19.628120560178605,-0.006640026605021552,0.4180119457929546,Communication Equipment,Technology,LTRX
2020Q3,2020,Q3,2020-05-15,2020-03-31,-5216000.0,16512000.0,-5219000.0,-0.19,7377000.0,0.446765988372093,70677000.0,46945000.0,36658000.0,18051000.0,23732000.0,15246000.0,-198418000.0,52878840.0,52574840.0,1.7356181603076013,2.030801617638912,0.09441543925180752,0.1421450633720311,-0.09356677162970853,1.7356181603076013,-0.11110874427521568,3.2024491279069767,-2.5344536042944785,1.1263998295878155,0.0,0.5991735537190083,0.0,0.233626215034594,1.0730153454102265,-0.0738005291679047,345.61333333333334,0.446765988372093,-2.166666666666667,-2.4343867204341447,-0.12661366813056626,0.34315343646758745,0.08853474988933156,-2.8608438193930423,-3.0520186335403725,-19.857924275453605,-0.07179276642519433,0.49854643761258466,Communication Equipment,Technology,LTRX
2020Q2,2020,Q2,2020-02-13,2019-12-31,-1351000.0,13228000.0,-1288000.0,-0.06,6777000.0,0.5123223465376474,54955000.0,35278000.0,37430000.0,14122000.0,19677000.0,11024000.0,-193202000.0,82164750.0,79662750.0,1.5242168934975158,2.650474437048577,0.12455645528159404,0.19403027382504678,-0.03006693044052944,1.5242168934975158,-0.0382958217586031,6.211426519504082,-15.204431902294596,2.3290648562843694,0.0,0.585177793904209,0.0,0.24070603220817033,1.3524288344427136,-0.024583750341188246,-28.70885744234801,0.5123223465376474,0.4545454545454546,-0.37375366087762635,-0.20811388239811332,0.13942815871146647,0.09394673123486683,0.4530364372469636,0.471047227926078,-25.696686320071237,-0.11653140671009354,0.31505970613256773,Communication Equipment,Technology,LTRX
2020Q1,2020,Q1,2019-11-14,2019-09-30,-2470000.0,12741000.0,-2435000.0,-0.11,6195000.0,0.486225570991288,50754000.0,35392000.0,33989000.0,14978000.0,15362000.0,12423000.0,-191851000.0,76758550.0,65787550.0,1.544625321869681,2.269261583656029,0.016392796626866848,0.023508137432188065,-0.06660920142473221,1.544625321869681,-0.06978978300180831,6.024531041519504,-7.769084008097167,2.1688107481916816,0.0,0.5269258633180391,0.0,0.25103440122945975,1.3547870209640807,-0.04866611498601096,-64.12577276524645,0.486225570991288,-0.8333333333333334,-5.08406408175898,-0.2872349665468603,0.13301129195331984,0.07161390762843799,-0.6929403701165182,-0.6019736842105263,-16.884279666564833,-0.1230112297442412,0.3449894172868775,Communication Equipment,Technology,LTRX
2019Q4,2019,Q4,2019-09-11,2019-06-30,-1459000.0,10153000.0,-1520000.0,-0.06,5781000.0,0.5693883581207525,48944000.0,37266000.0,38190000.0,11472000.0,11678000.0,10509000.0,-189381000.0,75101720.0,56823720.0,1.6474072764245613,3.3289748953974896,8.172605426610003e-05,0.00010733644609026995,-0.0415479749390217,1.6474072764245613,-0.03915096871142597,7.396997931645819,-12.86869773817683,2.015287930016637,0.0,0.41602436007231897,0.0,0.2074411572409284,2.353033472803347,-0.02980957829355999,-113.96315629742034,0.5693883581207525,-2.5,-3.4533618165678868,-0.4054266273685919,0.20144891472657053,-0.1846262341325811,-2.7024504084014,-2.8138424821002386,-3.0615203493153422,-0.3360805312994967,0.29951175461545937,Communication Equipment,Technology,LTRX
2019Q3,2019,Q3,2019-04-26,2019-03-31,857000.0,12344000.0,838000.0,0.04,7090000.0,0.5743681140635126,48589000.0,37475000.0,37695000.0,10886000.0,11114000.0,9809000.0,-187922000.0,67700800.0,49499800.0,1.6827570722945666,3.4627043909608672,0.00022638868879787605,0.00029352901934623084,0.02088617834610338,1.6827570722945666,0.0228685790527018,5.48451069345431,19.74935822637106,1.8065590393595732,0.0,0.5356305433785299,0.0,0.2540492704109984,2.4865882785228735,0.01763773693634362,-51.60121951219512,0.5743681140635126,3.0,5.347311664536631,-0.29782819951853795,0.2323827040202467,0.06440474403242756,2.0938628158844765,2.757847533632287,2.2848518776735283,-0.15304706282536296,0.44631231939058236,Communication Equipment,Technology,LTRX
2019Q2,2019,Q2,2019-01-25,2018-12-31,277000.0,12114000.0,223000.0,0.01,6661000.0,0.5498596665015685,46751000.0,36016000.0,36024000.0,10479000.0,10735000.0,9352000.0,-188779000.0,64947540.0,45608540.0,1.630347200217283,3.4377326080732895,0.0005989176702102629,0.0007774322523322968,0.0058846606138620045,1.630347200217283,0.007691026210573079,5.361362060425954,58.61691335740072,1.8032968680586408,0.0,0.5830838323353293,0.0,0.2591174520331116,2.4735184655024334,0.005925006951722957,-499.59646153846154,0.5498596665015685,3.328288707799767,1.5675955059518096,-0.26899250632974586,0.19659185856015737,-0.011867675419077288,4.337349397590361,8.689655172413794,1.2048404015365908,-0.12858903523419002,0.37433627420451576,Communication Equipment,Technology,LTRX
2019Q1,2019,Q1,2018-10-26,2018-09-30,-83000.0,12279000.0,-29000.0,-0.004295,6741000.0,0.5489860737845101,44798000.0,34700000.0,34222000.0,9815000.0,10098000.0,8032000.0,-189056000.0,77485230.0,58604230.0,1.7957874036122756,3.486704024452369,0.000937541854547078,0.0012103746397694524,-0.0016091745008350057,1.7957874036122756,-0.00239193083573487,6.3103860249205965,-233.3892469879518,2.2330037463976944,0.0,0.68949203187251,0.0,0.2740970579043707,2.5874681609780947,-0.0018527612839858922,-144.02459107806692,0.5489860737845101,-1.107375,0.7654422423763496,-0.14867117117020734,0.31432058353832537,-0.01963350785340314,-1.110372340425532,-1.0376134889753568,0.8040078093620098,-0.09227679959145206,0.45855214610143574,Communication Equipment,Technology,LTRX
2018Q4,2018,Q4,2018-08-23,2018-06-30,752000.0,12037000.0,771000.0,0.04,6876000.0,0.5712386807344022,33855000.0,23813000.0,23270000.0,9726000.0,10042000.0,8439000.0,-189555000.0,52642240.0,43133240.0,1.2846892533448424,2.3925560353691138,0.0016245753950671984,0.002309662789232772,0.031967948243629786,1.2846892533448424,0.031579389409146265,4.373368779596245,17.500744680851064,2.210651324906564,0.0,0.611565351344946,0.0,0.3555457096440703,1.4868393995476044,0.022212376310736966,-192.12496350364964,0.5712386807344022,1.0,1.52531639262199,-0.14909382431633772,-0.061443638133597045,0.044349939246658567,1.186046511627907,1.0343007915567282,1.5867363867468645,-0.04715400953553415,0.03082768032566009,Communication Equipment,Technology,LTRX
2018Q3,2018,Q3,2018-04-27,2018-03-31,344000.0,11601000.0,379000.0,0.02,6584000.0,0.5675372812688562,32015000.0,21866000.0,21396000.0,9817000.0,10149000.0,7378000.0,-190307000.0,37512600.0,28632600.0,1.200768808347062,2.1794845675868393,0.001999062939247228,0.002926918503612915,0.01588427684909535,1.200768808347062,0.015732186956919417,3.2335660718903543,27.262063953488372,1.7155675477910912,0.0,0.6799945784765519,0.0,0.3623613930969858,1.3761841703167974,0.01074496329845385,69.33937153419593,0.5675372812688562,1.0,1.3438535438609482,-0.23639881531209653,-0.16133129457723766,0.04276211593284764,0.5288888888888889,0.41947565543071164,1.3364304279499077,-0.08856154136882546,-0.0707537013506422,Communication Equipment,Technology,LTRX
2018Q2,2018,Q2,2018-01-26,2017-12-31,225000.0,11336000.0,267000.0,0.01,6314000.0,0.5569865913902611,31109000.0,21220000.0,20463000.0,9506000.0,9889000.0,7061000.0,-190651000.0,36507460.0,28175460.0,1.1741271509987274,2.1526404376183463,0.002025137420039217,0.0029688972667295003,0.010686911819591052,1.1741271509987274,0.01060320452403393,3.2204887085391674,40.56384444444444,1.7204269557021676,0.0,0.7112307038663079,0.0,0.36439615545340576,1.3595623816536924,0.007232633642997204,-760.5720833333334,0.5569865913902611,1.25,1.4405071879470475,-0.24816500691848745,-0.2039242078387308,0.12870933142652843,1.3510140405616224,1.435562805872757,1.292996861532729,-0.13092888229954752,-0.12228138694501325,Communication Equipment,Technology,LTRX
2018Q1,2018,Q1,2017-10-27,2017-09-30,-641000.0,10606000.0,-613000.0,-0.04,5594000.0,0.5274372996417123,29518000.0,20422000.0,18832000.0,8667000.0,9096000.0,7258000.0,-190876000.0,43416810.0,35299810.0,1.1430010634129961,2.1728395061728394,0.0021004133071346296,0.003035941631573793,-0.030980002270677355,1.1430010634129961,-0.031387719126432276,4.093608334904771,-16.933233229329172,2.1259822740182157,0.0,0.6905483604298704,0.0,0.35930618605596587,1.2984885196723204,-0.021715563385053187,711.7509836065574,0.5274372996417123,-12.60544217687075,-0.21461782863301332,-0.22855293322827808,-0.23343578195207093,-0.013403880070546737,-11.326923076923077,-29.65,-1.0248141804349953,-0.2391048587781486,-0.16158754280033857,Communication Equipment,Technology,LTRX
2017Q4,2017,Q4,2017-08-24,2017-06-30,-52000.0,11044000.0,-20000.0,-0.00294,5670000.0,0.5134009416877943,30132000.0,20688000.0,19380000.0,8989000.0,9444000.0,6959000.0,-190235000.0,42976980.0,35023980.0,1.1697387764333371,2.155968405829347,0.0020244258595513076,0.002948569218870843,-0.0016075704200859738,1.1697387764333371,-0.0025135344160866204,3.8914324520101413,-206.62009615384616,2.077386890951276,0.0,0.7722373904296594,0.0,0.3665206425063056,1.3328512626543554,-0.0017257400769945573,83.28872093023256,0.5134009416877943,0.706,0.7801968674518155,-0.28440070009893176,-0.29027385108524456,-0.1137855579868709,0.6790123456790124,0.8591549295774648,0.7969896350472695,-0.17278262713477738,-0.14691321109763525,Communication Equipment,Technology,LTRX
2017Q3,2017,Q3,2017-04-28,2017-03-31,-162000.0,11524000.0,-142000.0,-0.01,6398000.0,0.555189170426935,29545000.0,20294000.0,18730000.0,8802000.0,9251000.0,7664000.0,-190183000.0,67985360.0,60727360.0,1.1582011185937677,2.1279254714837537,0.002030800473853444,0.002956538878486252,-0.007744607071616742,1.1582011185937677,-0.00798265497191288,5.899458521346754,-104.91567901234568,3.350022666798069,0.0,0.6688413361169102,0.0,0.39004907767811814,1.196319018404908,-0.005483161279404299,116.81333333333333,0.555189170426935,-5.317789291882557,-1.386922642197544,-0.42627147181775504,-0.009088357556172733,0.10082587749483826,-4.951219512195122,-3.1515151515151514,-0.04445927317745599,-0.16684220558137447,-0.1517806997622264,Communication Equipment,Technology,LTRX
2017Q2,2017,Q2,2017-01-27,2016-12-31,41000.0,11222000.0,66000.0,0.002316,5812000.0,0.5179112457672429,29047000.0,20106000.0,18110000.0,8501000.0,8941000.0,7614000.0,-190021000.0,29489900.0,22939900.0,1.159047673949386,2.130337607340313,0.0021000447550521568,0.003033920222819059,0.002081282303716466,1.159047673949386,0.0020391922809111706,2.6278649082160044,179.81646341463414,1.4667213767034717,0.0,0.7105332282637247,0.0,0.3863393810032017,1.1680978708387248,0.00141150549110063,50.23833049403748,0.5179112457672429,1.3842333076923077,1.018161522469777,-0.34510270108278795,0.004824534048214136,0.019649122807017545,1.3942307692307692,1.7586206896551724,1.1069877447782746,-0.13762626437823372,-0.14931800407539916,Communication Equipment,Technology,LTRX
2017Q1,2017,Q1,2016-10-28,2016-09-30,-104000.0,10940000.0,-87000.0,-0.006027587805726208,5700000.0,0.5210237659963437,28469000.0,19815000.0,17441000.0,8207000.0,8654000.0,7390000.0,-190062000.0,24155600.0,18222600.0,1.1484293497160079,2.1251370781040575,0.0021778074396712212,0.003128942720161494,-0.004654376054860731,1.1484293497160079,-0.00524854907898057,2.2080073126142596,-58.066346153846155,1.2190562705021448,0.0,0.7090663058186739,0.0,0.38427763532263165,1.1663214329231144,-0.0036530963504162422,159.97086092715233,0.5210237659963437,0.6986206097136896,0.9559201334982903,-0.40132063672739193,-0.09415790760374643,0.1529126213592233,0.5789473684210527,0.6098654708520179,0.6708530703839396,-0.15055273355946822,-0.1594749300306513,Communication Equipment,Technology,LTRX
2016Q4,2016,Q4,2016-08-24,2016-06-30,-247000.0,10515000.0,-223000.0,-0.02,4944000.0,0.4701854493580599,27779000.0,19718000.0,16659000.0,7598000.0,8061000.0,6584000.0,-189952000.0,15087380.0,9305380.0,1.2677124855342676,2.192550671229271,0.0023038986284603475,0.0032457652905974236,-0.012657305761681139,1.2677124855342676,-0.012526625418399433,1.4348435568235853,-15.270627530364372,0.76515772390709,0.0,0.846142162818955,0.0,0.3785233449728212,1.2496709660436958,-0.008891608769214155,26.376538461538463,0.4701854493580599,0.3333333333333333,0.9536114844442358,-0.40647682517313444,-0.08950256088948744,0.034742570113018,0.4583333333333333,0.48735632183908045,0.7943759105674587,-0.11417768129699775,-0.07384636773615155,Communication Equipment,Technology,LTRX
2016Q3,2016,Q3,2016-04-28,2016-03-31,-456000.0,9964000.0,-435000.0,-0.03,4778000.0,0.4795262946607788,26486000.0,17714000.0,15351000.0,8314000.0,8772000.0,7275000.0,-189705000.0,14463750.0,11305750.0,1.1634811165845649,1.8464036564830406,0.02884542777316318,0.04312972789883708,-0.023975435693955667,1.1634811165845649,-0.025742350683075534,1.4516007627458851,-7.929687499999999,0.816515185728802,0.0,0.7128522336769759,0.0,0.3761987465075889,0.9030550878037046,-0.01721664275466284,-29.578220858895705,0.4795262946607788,0.5,0.2146000469153178,-0.44697871983776444,-0.32567978048943097,0.041185443451732404,0.5086206896551724,0.5377258235919234,0.4548292466928654,-0.21556397542291475,-0.1873746261172237,Communication Equipment,Technology,LTRX
2016Q2,2016,Q2,2016-02-16,2015-12-31,-928000.0,9540000.0,-941000.0,-0.06,4589000.0,0.4810272536687631,27091000.0,17984000.0,15863000.0,8647000.0,9107000.0,7861000.0,-189249000.0,17130800.0,13483800.0,1.1862796833773086,1.8345090782930495,0.028238160274629952,0.04253781138790035,-0.04994324215627647,1.1862796833773086,-0.051601423487544484,1.7956813417190776,-4.614978448275862,0.9525578291814947,0.0,0.6298180893016155,0.0,0.35214646930715,0.8542847230253267,-0.03425491860765568,-83.15922330097088,0.4810272536687631,-1.9999999999999996,-0.1025870279482868,-0.48401286505282337,-0.3134836680571582,-0.09433589895401619,-1.8036253776435045,-1.8601823708206686,-1.165955375669237,-0.24570345194752108,-0.1956846088891491,Communication Equipment,Technology,LTRX
2016Q1,2016,Q1,2015-10-30,2015-09-30,-331000.0,10573000.0,-329000.0,-0.02,5067000.0,0.4792395724959803,28822000.0,18595000.0,17356000.0,9781000.0,10227000.0,8988000.0,-188321000.0,18878750.0,15053750.0,1.2312123419188241,1.774460689091095,0.026195267503990007,0.04060231244958322,-0.01763378645078007,1.2312123419188241,-0.017800484001075558,1.785562281282512,-14.258874622356496,1.0152594783543962,0.0,0.6125945705384958,0.0,0.3668378322115051,0.8233309477558531,-0.011484282839497605,-80.67841880341881,0.4792395724959803,0.7142857142857143,0.6655035618741476,-0.4058221255167709,-0.2963335184924339,0.0512448132780083,0.6811175337186898,0.6768172888015717,0.25801003650899484,-0.09021000508760281,-0.17427607344846177,Communication Equipment,Technology,LTRX
2015Q4,2015,Q4,2015-08-21,2015-06-30,-1038000.0,10231000.0,-1018000.0,-0.07,4820000.0,0.47111719284527415,29413000.0,18709000.0,17919000.0,10472000.0,10704000.0,9503000.0,-187990000.0,24769800.0,20694800.0,1.24626965094591,1.7111344537815125,0.025906911909699792,0.040729060879790474,-0.052217562800884354,1.24626965094591,-0.05548131915121065,2.4210536604437496,-5.965751445086704,1.3239510396066063,0.0,0.5693991371145954,0.0,0.3478393907455887,0.7654698242933538,-0.03529051779825247,-16.691239892183287,0.47111719284527415,-0.16666666666666682,-0.40571550618051744,-0.4033011287334743,-0.2968541329268701,0.02357188362709705,-0.23718712753277713,-0.2354368932038835,-4.169147827805173,-0.2189970781441215,-0.2438395839350163,Communication Equipment,Technology,LTRX
2015Q3,2015,Q3,2015-04-30,2015-03-31,-839000.0,10444000.0,-824000.0,-0.06,4709000.0,0.4508808885484489,29242000.0,19308000.0,17948000.0,9833000.0,9934000.0,8740000.0,-186952000.0,27045020.0,21480020.0,1.2921964931066792,1.8252822129563715,0.0008549346829902195,0.0012948000828672053,-0.04285527078744334,1.2921964931066792,-0.04345349078102341,2.5895270011489853,-8.058706793802147,1.4007157654858091,0.0,0.6561784897025171,0.0,0.35715751316599414,0.8863012305501882,-0.028691607961151767,132.57362745098038,0.4508808885484489,-0.4999999999999999,-3.2600024014424402,-0.4051496425130211,-0.27836742715551444,-0.08916827852998066,-0.3275316455696203,-0.36423841059602646,-13.496402349246354,-0.39025955578315824,0.10555285156273832,Communication Equipment,Technology,LTRX
2015Q2,2015,Q2,2015-01-30,2014-12-31,-632000.0,10735000.0,-604000.0,-0.04,5170000.0,0.4816022356776898,29744000.0,19897000.0,18325000.0,9772000.0,9847000.0,9296000.0,-186113000.0,28111860.0,22733860.0,1.337703375016808,1.8752558329922226,0.0009749865519096288,0.0014575061567070413,-0.03156673472408629,1.337703375016808,-0.03176358244961552,2.618710759198882,-11.120197784810127,1.4128692767753932,0.0,0.598644578313253,0.0,0.36091312533620223,0.8630781825624233,-0.021247982786444325,-29.041177685950412,0.4816022356776898,-1.0,-0.16717888037291023,-0.3522798043613985,-0.2463941774105475,-0.07662082514734773,-1.4122137404580153,-1.7454545454545454,0.6735008347533954,-0.2693631286580718,0.15970826800924579,Communication Equipment,Technology,LTRX
2015Q1,2015,Q1,2014-10-31,2014-09-30,-262000.0,11536000.0,-220000.0,-0.02,5599000.0,0.4853502080443828,30790000.0,20159000.0,19308000.0,10533000.0,10631000.0,8545000.0,-185481000.0,26320860.0,20079860.0,1.3632920808818556,1.8330959840501282,0.0013640792465086067,0.002083436678406667,-0.011574813174402551,1.3632920808818556,-0.012996676422441589,2.281627947295423,-25.115324427480914,1.3056629793144503,0.0,0.6947922761849035,0.0,0.3746670997076973,0.9880375961264597,-0.00850925625202988,849.06,0.4853502080443828,-1.0,0.639053248716951,-0.27602277822531107,-0.24370523661489774,0.007195538765965102,-0.2300469483568075,-0.08374384236453201,0.8704259768490965,-0.2633826661918267,0.07531852211774687,Communication Equipment,Technology,LTRX
2014Q4,2014,Q4,2014-08-22,2014-06-30,-213000.0,11102000.0,-203000.0,-0.01,5559000.0,0.5007205908845254,30682000.0,20166000.0,19182000.0,10378000.0,10516000.0,8404000.0,-185219000.0,28972790.0,22762790.0,1.3711837900319577,1.8483330121410677,0.0015318427742650415,0.00233065555886145,-0.010306609659595128,1.3711837900319577,-0.010562332639095508,2.6096910466582597,-34.0056220657277,1.4367147674303282,0.0,0.6595668729176583,0.0,0.36184081872107426,0.988051647716323,-0.006942181083371358,103.47425,0.5007205908845254,0.0,0.7337725427768033,-0.3265811550487149,-0.2393272618668014,-0.05763688760806916,-0.6384615384615384,-0.9150943396226415,0.9576931074400171,-0.33725321544668024,-0.015187320768722506,Communication Equipment,Technology,LTRX
2014Q3,2014,Q3,2014-05-01,2014-03-31,-130000.0,11593000.0,-106000.0,-0.01,5899000.0,0.5088415423100147,29893000.0,20053000.0,18401000.0,9662000.0,9840000.0,7601000.0,-185006000.0,30546880.0,24735880.0,1.3654500885196785,1.9044711239908922,0.0016391797410765063,0.0024435246596519224,-0.005993514130427219,1.3654500885196785,-0.006482820525607141,2.634941775209178,-58.744,1.5233072358250637,0.0,0.7491119589527694,0.0,0.38781654567959056,1.0691368246739805,-0.004348844211019302,-116.59114503816794,0.5088415423100147,0.5,0.6604831766007718,-0.2526637011482602,-0.24799208087031857,0.08497333088100055,0.5975232198142415,0.6044776119402985,0.7678743365290523,-0.33295099969505404,-0.20862436846056626,Communication Equipment,Technology,LTRX
2014Q2,2014,Q2,2014-01-31,2013-12-31,-323000.0,10968000.0,-268000.0,-0.02,5437000.0,0.49571480671043033,29513000.0,19921000.0,17951000.0,9364000.0,9592000.0,8135000.0,-184876000.0,22878940.8,16858940.8,1.362492305587853,1.9170226398974797,0.0016602852980042693,0.002459715877716982,-0.01453817235940141,1.362492305587853,-0.016214045479644595,2.085971991247265,-17.708158513931888,1.1484835500225892,0.0,0.6799016594960049,0.0,0.3716328397655271,0.9900683468603161,-0.010944329617456713,129.2595525423729,0.49571480671043033,0.0,-0.5051612998334495,-0.41293626226458047,-0.25087543146325214,0.008719851576994434,-0.20973782771535582,-0.12133891213389121,0.6020856980619945,-0.3849080194602089,-0.21150700543944734,Communication Equipment,Technology,LTRX
2014Q1,2014,Q1,2013-10-31,2013-09-30,-267000.0,10883000.0,-239000.0,-0.02,5390000.0,0.49526784893871173,29483000.0,19921000.0,17804000.0,9288000.0,9562000.0,8527000.0,-184553000.0,20412000.0,14670000.0,1.3663237311385459,1.916881998277347,0.0016280568463182172,0.0024095175944982682,-0.012525290829821862,1.3663237311385459,-0.013402941619396617,1.8755857759808876,-19.112359550561795,1.0246473570603885,0.0,0.6441890465579923,0.0,0.3691279720516908,0.9623169681309216,-0.009056066207645083,26.61277705345502,0.49526784893871173,0.7410301953818828,-2.00146427916443,-0.4715116048929072,-0.22496016150892714,0.08254669612371962,0.7628774422735346,0.781934306569343,0.7205008679607172,-0.3664621429780125,-0.2191142179486539,Communication Equipment,Technology,LTRX
2013Q4,2013,Q4,2013-08-29,2013-06-30,-1126000.0,11127000.0,-1096000.0,-0.07722908093278463,4979000.0,0.44747011773164375,29359000.0,19957000.0,17621000.0,9099000.0,9402000.0,8741000.0,-184286000.0,24057000.0,19082000.0,1.368792866941015,1.9365864380701177,0.007289076603426547,0.010723054567319737,-0.05435435223813283,1.368792866941015,-0.0564213058074861,2.1620382852520894,-5.341252220248668,1.2054416996542567,0.0,0.7033520192197689,0.0,0.37899792227255696,0.9285635784152104,-0.038352804932048096,-13.970383275261325,0.44747011773164375,-0.5445816186556925,0.4344204700063695,-0.4780975192154836,-0.20136396781615898,-0.11358376357486202,-0.40574282147315854,-0.3961783439490446,-0.5700717671757474,-0.33181572393199626,-0.2277264823561625,Communication Equipment,Technology,LTRX
2013Q3,2013,Q3,2013-05-02,2013-03-31,-801000.0,12164000.0,-785000.0,-0.05,5617000.0,0.4617724432752384,32082000.0,20875000.0,20762000.0,10214000.0,11207000.0,9177000.0,-183160000.0,30618000.0,23921000.0,1.431755829903978,2.03270021539064,0.012187519481329094,0.01873053892215569,-0.037257557900799376,1.431755829903978,-0.03837125748502994,2.5170996382768824,-9.5561797752809,1.4667305389221557,0.0,0.7134139697068759,0.0,0.3791534193628826,1.0271196397102016,-0.02496727136712175,-27.708597285067874,0.4617724432752384,-0.6666666666666669,-0.18780568859088975,-0.42441031513088817,-0.21378274012188375,-0.06879973474801061,-0.9441747572815534,-1.2301136363636365,-3.168037400145243,-0.2899834313827984,-0.20042992785509603,Communication Equipment,Technology,LTRX
2013Q2,2013,Q2,2013-01-31,2012-12-31,-412000.0,12162000.0,-352000.0,-0.03,6032000.0,0.49597105739187636,33446000.0,21501000.0,22453000.0,10929000.0,11945000.0,9694000.0,-182359000.0,28864440.0,21062440.0,1.4748936754012896,2.054442309451917,0.017102194582311787,0.026603413794707223,-0.016690157532465902,1.4748936754012896,-0.01916189944653737,2.373330044400592,-17.514830097087376,1.342469652574299,0.0,0.6323499071590675,0.0,0.36363092746516773,1.0526123158568945,-0.01231836392991688,-15.30458112407211,0.49597105739187636,0.0,-1.2879274621508434,-0.4531020297393217,-0.14104460092289836,0.1023391812865497,0.04186046511627907,0.1308641975308642,0.22366817579000312,-0.2512786454995917,-0.16910693189452095,Communication Equipment,Technology,LTRX
2013Q1,2013,Q1,2012-11-01,2012-09-30,-430000.0,11202000.0,-405000.0,-0.03,5472000.0,0.4884841992501339,33545000.0,21707000.0,22444000.0,10838000.0,11838000.0,7650000.0,-181947000.0,25185340.0,15367340.0,1.4910702019508175,2.070861782616719,0.01988373826203607,0.03072741511954669,-0.018721327424352778,1.4910702019508175,-0.01980927811305109,2.2482895911444385,-14.642639534883722,1.1602404754226747,0.0,0.7490196078431373,0.0,0.33393948427485465,1.2381435689241558,-0.012818601878074229,-39.85022151898734,0.4884841992501339,-1.9999999999999996,0.8214820310721567,-0.41110441957596616,-0.06931368343599403,-0.07002039428959891,-1.4157303370786516,-2.9705882352941178,0.3982880185429246,-0.28592540676979056,-0.17281952899959896,Communication Equipment,Technology,LTRX
2012Q4,2012,Q4,2012-08-30,2012-06-30,-178000.0,11612000.0,-102000.0,-0.01,5884000.0,0.506717189114709,33011000.0,21932000.0,21831000.0,9904000.0,11079000.0,5955000.0,-181517000.0,27146280.0,16684280.0,1.6481551063350117,2.204260904684976,0.027627154584835358,0.04158307495896407,-0.0050994986447961575,1.6481551063350117,-0.008115994893306585,2.3377781605235963,-38.12679775280899,1.2377475834397227,0.0,0.9618807724601175,0.0,0.35176153403410987,1.4812197092084007,-0.005392142013268305,133.72551724137932,0.506717189114709,-1.5817073170731708,-0.5015433982114675,-0.4073445975516124,-0.044234681635305556,-0.0059131610069268455,-3.341463414634146,-5.636363636363637,0.7541120882821329,-0.22154232426506154,-0.08567570101244648,Communication Equipment,Technology,LTRX
2012Q3,2012,Q3,2012-05-04,2012-03-31,-41000.0,12134000.0,22000.0,-0.0038734057628719886,5919000.0,0.4878028679742871,24279000.0,12372000.0,13093000.0,10664000.0,11907000.0,6751000.0,-181339000.0,29637999.999999996,28803999.999999996,1.168823807274445,1.227775693923481,0.041187857819514805,0.0808276753960556,0.003959318224715452,1.168823807274445,-0.00331393469123828,2.4425581012032302,-180.71951219512195,2.3955706433882957,0.0,0.9206043549103836,0.0,0.4997734667819927,0.47261815453863465,-0.001688702170600107,-23.355397951142628,0.4878028679742871,0.9702045710548309,0.9639754476224953,-0.13922765237314383,-0.31458029901331896,0.17417179131124777,0.9702251270878722,1.016504126031508,0.8514356986983878,0.08526773875624633,-0.35628202998573405,Communication Equipment,Technology,LTRX
2012Q2,2012,Q2,2012-02-14,2011-12-31,-1377000.0,10452000.0,-1333000.0,-0.13,5041000.0,0.4823000382701875,25745000.0,12205000.0,14454000.0,12069000.0,13540000.0,8453000.0,-181298000.0,26346690.000000004,24210690.000000004,1.1534826575938002,1.197613721103654,0.0453291901340066,0.09561655059401884,-0.10018646109697331,1.1534826575938002,-0.11282261368291684,2.5207319173363953,-4.783349673202615,2.1586800491601803,0.0,0.6401277652904295,0.0,0.4059817440279666,0.4171845223299362,-0.05348611380850651,-50.279942748091614,0.4823000382701875,0.07142857142857148,-15.849328891409128,-0.3387286993854504,-0.3377685351856949,-0.04922670690305545,0.046398891966759004,0.030545454545454546,-7.866757358293933,-0.2269500127790726,-0.36579297024965124,Communication Equipment,Technology,LTRX
2012Q1,2012,Q1,2011-11-14,2011-09-30,-1444000.0,11184000.0,-1375000.0,-0.14,5302000.0,0.4740701001430615,28197000.0,13388000.0,16737000.0,13135000.0,14809000.0,9285000.0,-179921000.0,19430400.0,16729400.0,1.2678030303030303,1.274229158736201,0.047309997517466396,0.09964146997311024,-0.09378109258869588,1.2678030303030303,-0.10785778308933373,1.7373390557939914,-3.36398891966759,1.4513295488497162,0.0,0.6334948842218632,0.0,0.3966379402064049,0.48823753330795583,-0.051211121750540836,-12.36030534351145,0.4740701001430615,0.5910373443983402,-1.0746659329469814,-0.16408334410914321,-0.2464274767671297,-0.044684684684684686,0.6005532503457814,0.6092639954532537,-8.477992080451251,-0.2501444844945373,-0.2808455028254812,Communication Equipment,Technology,LTRX
2011Q4,2011,Q4,2011-09-15,2011-06-30,-3615000.0,12028000.0,-3519000.0,-0.34232954545454547,5550000.0,0.4614233455271034,31192000.0,14703000.0,19714000.0,14492000.0,16489000.0,9160000.0,-178477000.0,26716799.999999996,22380799.999999996,1.3923295454545455,1.3603367375103506,0.048089253654783275,0.10201999591920016,-0.21748292097488922,1.3923295454545455,-0.2458681901652724,2.221217159960093,-1.847634854771784,1.8170985513160578,0.0,0.7072052401746725,0.0,0.38561169530648887,0.6472536571901739,-0.1158951013080277,-11.550713359273669,0.4614233455271034,-7.558238636363637,-3.3032666380898563,-0.1779266136059168,-0.18035133062844746,-0.12722126120459193,-8.06015037593985,-8.968838526912181,-1.5070165419892154,-0.2210702374001673,-0.18763125485949314,Communication Equipment,Technology,LTRX
2011Q3,2011,Q3,2011-05-10,2011-03-31,-399000.0,12382000.0,-353000.0,-0.04,6359000.0,0.5135680827006945,34326000.0,18053000.0,22674000.0,14230000.0,16273000.0,9392000.0,-174862000.0,39654770.0,32841770.0,1.7254133613686322,1.5933942375263528,0.04856377090252287,0.09233922339777323,-0.01829306068451143,1.7254133613686322,-0.022101589763474216,3.2026142787917946,-24.846347117794487,2.196575084473495,0.0,0.6412904599659285,0.0,0.360717823224378,0.8567814476458187,-0.011623841985666841,-19.621360712518555,0.5135680827006945,0.3333333333333333,-1.9359666443658605,-0.11282714609675525,0.12406904142741361,0.012902198152277795,0.31088082901554404,0.32761904761904764,0.17550679817550843,-0.18355169975765417,-0.052527158053678635,Communication Equipment,Technology,LTRX
2011Q2,2011,Q2,2011-02-07,2010-12-31,-579000.0,12719000.0,-525000.0,-0.06,6278000.0,0.49359226354273134,36455000.0,18021000.0,24597000.0,16043000.0,18434000.0,9586000.0,-174463000.0,38587300.0,29776300.0,1.7279700834212293,1.533192046375366,0.05030859964339597,0.10177015703901005,-0.026925614353099658,1.7279700834212293,-0.03212918262027634,3.0338312760437143,-16.661183074265978,2.1412407746517954,0.0,0.671917379511788,0.0,0.3488958990536278,0.8790749859751916,-0.015882594980112467,75.3658203125,0.49359226354273134,0.14285714285714296,0.8479761548526489,-0.07946872242917026,0.18915474144289848,0.008190139714148064,0.14601769911504425,0.2128935532233883,-1.565613433353099,-0.2005164021254748,0.0063432078888938,Communication Equipment,Technology,LTRX
2011Q1,2011,Q1,2010-11-08,2010-09-30,-678000.0,12192000.0,-667000.0,-0.07,6227000.0,0.510744750656168,33760000.0,18106000.0,21746000.0,13069000.0,15654000.0,7509000.0,-173884000.0,34147365.2,25689365.200000003,1.7497100889060688,1.6639375621700208,0.05924170616113744,0.11046062078868883,-0.03387003999460747,1.7497100889060688,-0.03744615044736552,2.80080095144357,-12.591211356932154,1.8859695791450348,0.0,0.7943800772406445,0.0,0.36113744075829385,1.0227255337057157,-0.02008293838862559,-48.57377695590328,0.510744750656168,-0.4231041257367389,0.5236320667180334,-0.06149813623168637,-0.02623355158736156,0.03783333333333333,-0.3320235756385069,-0.40717299578059074,0.6040061233853198,-0.09829811891954375,0.0921224470640866,Communication Equipment,Technology,LTRX
2010Q4,2010,Q4,2010-09-13,2010-06-30,-509000.0,11819000.0,-474000.0,-0.049188248936992654,6000000.0,0.5076571621964633,32532000.0,18341000.0,20362000.0,12739000.0,14191000.0,6873000.0,-173206000.0,41909400.0,32612400.0,1.7724197912640123,1.5983986184158883,0.023914914545678102,0.04241862493866201,-0.024261611012964947,1.7724197912640123,-0.027752030968867563,3.5459345122260766,-20.58418467583497,2.285011722370645,0.0,0.8466462971046123,0.0,0.3633038239272101,0.9759007771410628,-0.015646133038239272,40.531334622823984,0.5076571621964633,-3.918824893699265,-6.735131407658641,-0.09065626133784539,-0.06428250775963756,-0.055415617128463476,-2.7426470588235294,-3.1946902654867255,-4.521529613278145,-0.22428946449420137,0.027826422138330024,Communication Equipment,Technology,LTRX
2010Q3,2010,Q3,2010-05-03,2010-03-31,-136000.0,12124000.0,-113000.0,-0.01,6352000.0,0.5239194985153415,32104000.0,18476000.0,19881000.0,12505000.0,13628000.0,6449000.0,-172697000.0,40033840.0,31665840.0,1.79065710408994,1.58984406237505,0.029435584350859707,0.05114743450963412,-0.006269774083329085,1.79065710408994,-0.0073609006278415245,3.3020323325635106,-73.59161764705883,2.1668023381684347,0.0,0.895022484106063,0.0,0.37764764515325194,1.0307876849260296,-0.00423623224520309,166.11551867219916,0.5239194985153415,0.75,0.9145719632914693,-0.06653559406973035,-0.061188699225169604,0.050090924119689205,0.6373333333333333,0.6616766467065869,0.8774117109560825,-0.11768109911060823,0.05007414224136798,Communication Equipment,Technology,LTRX
2010Q2,2010,Q2,2010-02-09,2009-12-31,-375000.0,11478000.0,-334000.0,-0.04,6049000.0,0.5270081895800662,32099000.0,18285000.0,19620000.0,12486000.0,13814000.0,6606000.0,-172561000.0,33375240.000000004,25107240.000000004,1.7750703815163575,1.5713599231138875,0.0346116701454874,0.06076018594476347,-0.017491624270134922,1.7750703815163575,-0.020508613617719443,2.9077574490329328,-22.250160000000005,1.8252797374897458,0.0,0.8218286406297306,0.0,0.35758123306021994,0.974451385551818,-0.011682606934795477,65.69929133858268,0.5270081895800662,0.3333333333333333,0.7868203553405047,-0.1633964019998359,-0.14339847986839468,0.05807241560258877,0.24849699398797595,0.17733990147783252,-5.15385642170663,-0.2540773046100951,0.01909417637210867,Communication Equipment,Technology,LTRX
2010Q1,2010,Q1,2009-11-12,2009-09-30,-499000.0,10954000.0,-406000.0,-0.06,5717000.0,0.5219098046375753,30442000.0,18324000.0,18174000.0,11036000.0,12118000.0,6103000.0,-172186000.0,34765507.26,26923507.259999998,1.8025935744680976,1.6467923160565423,0.04198147296498259,0.06974459724950884,-0.020751447958262337,1.8025935744680976,-0.02723204540493342,3.173772800803359,-17.41758880761523,1.8972662770137525,0.0,0.8581025725053253,0.0,0.35983181131331715,1.039144617615078,-0.016391827081006505,129.23980394052043,0.5219098046375753,-0.10293160940325496,0.8746009307846349,-0.058158818966038334,-0.187862484205019,0.014912124977809338,0.09764918625678119,0.20392156862745098,0.25522861566010824,-0.14948885154318184,0.0714479740205401,Communication Equipment,Technology,LTRX
2009Q4,2009,Q4,2009-09-28,2009-06-30,-553000.0,11395000.0,-510000.0,-0.054400471877366186,5633000.0,0.49433962264150944,30756000.0,18324000.0,18651000.0,11228000.0,12432000.0,6479000.0,-171687000.0,28056374.279999997,20364374.279999997,1.8025935744680976,1.661115069469184,0.04698270256210171,0.0788583278760096,-0.0239705081921122,1.8025935744680976,-0.03017900021829295,2.4621653602457214,-12.683713508137432,1.5311271709233791,0.0,0.8893347738848588,0.0,0.37049681362986087,1.0369611685073032,-0.017980231499544804,289.2409719587629,0.49433962264150944,-1.086527616705572,0.9227357629313738,-0.08879771570310724,-0.2980650013739237,0.011492188902855091,-1.102661596958175,-1.1338912133891212,-1.3660180479166972,-0.1909544890461894,0.06116646705801134,Communication Equipment,Technology,LTRX
2009Q3,2009,Q3,2009-05-14,2009-03-31,-263000.0,10655000.0,-239000.0,-0.02607225106526955,5569000.0,0.5226654152979822,31947000.0,18316000.0,19794000.0,12172000.0,13631000.0,7960000.0,-171134000.0,27847146.691800002,20302146.691800002,1.8157389753288102,1.6261912586263556,0.05042727016621279,0.08795588556453374,-0.012241765967785442,1.8157389753288102,-0.01435903035597292,2.6135285492069453,-26.47067176026616,1.5203727173946278,0.0,0.6389447236180904,0.0,0.33352114439540487,0.9054387117975682,-0.008232384887469872,76.08510025081968,0.5226654152979822,-0.7763810341577275,0.5497852643965533,-0.18062164108327564,-0.4465212951407653,-0.19789716260982285,-0.777027027027027,-2.5671641791044775,-1.6399149124184333,-0.2081372653742234,0.1829142019981087,Communication Equipment,Technology,LTRX
2009Q2,2009,Q2,2009-02-13,2008-12-31,-148000.0,12885000.0,-67000.0,-0.0146771726132686,6943000.0,0.5388436166084595,33409000.0,18340000.0,21164000.0,13305000.0,15069000.0,8127000.0,-170871000.0,33881184.96,26508184.96,1.818779363022609,1.5906801954152574,0.05321919243317669,0.09694656488549619,-0.0034473168221829764,1.818779363022609,-0.00806979280261723,2.6295060116414435,-57.23173135135135,1.847392854961832,0.0,0.7311431032361265,0.0,0.38567451884222814,0.9341600901916572,-0.004429944027058577,29.00786383561644,0.5388436166084595,-1.8036299209047857,0.9734209056227167,-0.029679468574202107,-0.4505525339240364,-0.07721956406166933,-1.8043478260869565,-1.3316831683168318,0.9598099803479977,-0.03551970548545711,0.2516478866894824,Communication Equipment,Technology,LTRX
2009Q1,2009,Q1,2008-11-04,2008-09-30,184000.0,14212000.0,202000.0,0.018263596503156527,7524000.0,0.5294117647058824,33018000.0,17739000.0,20665000.0,13293000.0,15279000.0,8101000.0,-170723000.0,26443863.684,20171863.684,1.762907741360296,1.5545775972316256,0.05890726270519111,0.1096454140594171,0.009304444694779267,1.762907741360296,0.010372625288911438,1.860671522938362,35.92916261413043,1.4907189629629631,0.0,0.8255770892482409,0.0,0.4304318856381368,0.8948318663958474,0.005572717911442243,-26.053067668965518,0.5294117647058824,1.1337516412404125,1.0554597863465711,0.06793921769646956,-0.5539258286823215,0.012651413189771197,1.1339155749636098,1.148967551622419,1.1329497483372502,0.12505111765497476,-0.018888659859742852,Communication Equipment,Technology,LTRX
2008Q4,2008,Q4,2008-09-19,2008-06-30,-1374000.0,14714000.0,-1356000.0,-0.13654857864755887,7430000.0,0.5049612613837162,33165000.0,17246000.0,20880000.0,15194000.0,15919000.0,8038000.0,-170907000.0,41658141.419999994,34739141.419999994,1.7139132367946146,1.3742266684217455,0.0,0.0,-0.07590510143079224,1.7139132367946146,-0.07967064826626465,2.83119079923882,-7.579720054585152,2.4155248417024233,0.0,0.9061955710375715,0.0,0.44366048545153025,0.8079505067789917,-0.041429217548620535,197.4319498578199,0.5049612613837162,-1.2758096441259812,0.9339032330765765,0.14517590249665313,-0.5797874357932519,0.01308971911644396,-1.9612068965517242,-2.635388739946381,-20.473039235871923,0.16421977301505494,-0.09517000218819321,Communication Equipment,Technology,LTRX
2008Q3,2008,Q3,2008-05-12,2008-03-31,-464000.0,14541000.0,-373000.0,-0.06,7334000.0,0.5043669623822296,32414000.0,18269000.0,20274000.0,13379000.0,14145000.0,8079000.0,-169533000.0,55376750.4,48631750.4,1.8210689372628843,1.5153598923686373,0.0,0.0,-0.021485246893135374,1.8210689372628843,-0.02539821555640703,3.808317887353002,-29.83661120689655,3.031186731621873,0.0,0.8920658497338779,0.0,0.448602455729006,0.8558935645414455,-0.014314802245943111,-1203.8424,0.5043669623822296,-1.5,0.9573276722133893,0.07322143643440865,-0.7052104722083398,-0.0672771206918479,-1.4720244150559512,-1.4933862433862435,0.7002310601454144,0.15147163308810618,-0.04524428831878928,Communication Equipment,Technology,LTRX
2008Q2,2008,Q2,2008-02-08,2007-12-31,983000.0,15277000.0,756000.0,0.12,7863000.0,0.5146952935785822,34088000.0,17196000.0,21904000.0,16031000.0,16892000.0,9963000.0,-169069000.0,45666968.16,39068968.16,1.717078298810367,1.366352691659909,0.0,0.0,0.05116362006563887,1.717078298810367,0.05716445685043033,2.9892628238528505,11.614183153611393,2.6556738869504537,0.0,0.7441533674596005,0.0,0.44816357662520534,0.7164244276713867,0.028837127434874443,-9133.393632,0.5146952935785822,1.6666666666666667,1.123917058822185,0.08355893000699552,-0.7611349167296738,0.2207731718677224,1.5946763460375075,1.4655172413793103,1.5747910990728684,0.14533791152311853,-0.17138390890761587,Communication Equipment,Technology,LTRX
2008Q1,2008,Q1,2007-11-14,2007-09-30,-1653000.0,13054000.0,-1624000.0,-0.18,6441000.0,0.49341198100199174,33563000.0,16006000.0,21355000.0,17050000.0,17557000.0,10453000.0,-170052000.0,57545389.44,50725389.44,1.6021189689945037,1.2524926686217008,0.0,0.0,-0.10106894370651488,1.6021189689945037,-0.10327377233537423,4.408257196261682,-8.703174446460979,3.5952386255154316,0.0,0.6326413469817277,0.0,0.38894020200816376,0.6094428152492669,-0.04925066293239579,-80.3706556424581,0.49341198100199174,-19.20554404494382,0.8695560212751373,-0.07376257291220638,-0.7978731217501244,-0.13763556031597268,-17.573033707865168,-15.24,0.577330378204399,0.14204432940390013,-0.278183980062645,Communication Equipment,Technology,LTRX
2007Q4,2007,Q4,2007-09-11,2007-06-30,-89000.0,14710000.0,-100000.0,-0.008908446097745272,7469000.0,0.5077498300475867,35958000.0,17228000.0,23919000.0,18332000.0,18730000.0,10981000.0,-168173000.0,83320928.46,75880928.46,1.7244349367635454,1.3047676194632336,0.0,0.0,-0.00550943723265301,1.7244349367635454,-0.005166008822846529,5.664237148878313,-234.0475518539326,4.836366871372185,0.0,0.6594117111374191,0.0,0.4090883808888147,0.6742308531529566,-0.002475109850381,-144.40368883882147,0.5077498300475867,0.9257629491854561,0.9990056168836399,0.15002505628127527,-0.8113214583955612,0.08782406058840664,0.9168224299065421,0.9048525214081827,0.9873474573389565,0.19687158748189965,-0.32850019432414235,Communication Equipment,Technology,LTRX
2007Q3,2007,Q3,2007-05-04,2007-03-31,-1070000.0,13253000.0,-1051000.0,-0.12,6866000.0,0.518071380064891,34103000.0,16970000.0,22056000.0,16754000.0,17133000.0,9834000.0,-168084000.0,95534582.39999999,88169582.39999999,1.705267306428295,1.3164617404798853,0.0,0.0,-0.06232055899585745,1.705267306428295,-0.06305244549204478,7.208525043386403,-22.321164112149532,5.629615934001178,0.0,0.6494813910921293,0.0,0.38861683722839635,0.6977438223707771,-0.03137553880890244,-169.99036014234875,0.518071380064891,-14.838187586206896,0.890579750156378,-0.1885068800956523,-0.9068380169630035,-0.07216216216216216,-13.298850574712644,-0.6629746835443038,-0.856673663275897,0.033077911040009504,-0.4801955826113104,Communication Equipment,Technology,LTRX
2007Q2,2007,Q2,2007-02-08,2006-12-31,87000.0,14829000.0,-632000.0,0.008671655825767895,7400000.0,0.49902218625665923,47427000.0,17291000.0,35418000.0,29720000.0,30136000.0,8528000.0,-167014000.0,,,,,,,,,,,,,,,,,,,,,,,,,,,,,,,Communication Equipment,Technology,LTRX
2007Q1,2007,Q1,2006-11-14,2006-09-30,-651000.0,12514000.0,-642000.0,-0.06,6607000.0,0.527968675083906,46970000.0,16617000.0,35079000.0,29910000.0,30353000.0,9234000.0,-167101000.0,,,,,,,,,,,,,,,,,,,,,,,,,,,,,,,Communication Equipment,Technology,LTRX
