Quarters,Year,Quarter,FillingDate,Date,NetIncome,Revenue,OperatingIncome,EPSDiluted,GrossProfit,GrossProfitRatio,TotalAssets,CommonStockEquity,CurrentAssets,CurrentLiability,TotalLiability,Inventory,RetainedEarnings,MarketCap,EnterpriseValue,bookValuePerShare,currentRatio,debtToAssets,debtToEquity,roic,shareholdersEquityPerShare,roe,priceToSalesRatio,peRatio,pbRatio,payoutRatio,inventoryTurnover,dividendYield,assetTurnover,quickRatio,returnOnAssets,priceToFreeCashFlowsRatio,grossProfitMargin,epsdilutedGrowth,fiveYNetIncomeGrowthPerShare,fiveYRevenueGrowthPerShare,fiveYShareholdersEquityGrowthPerShare,grossProfitGrowth,netIncomeGrowth,operatingIncomeGrowth,threeYNetIncomeGrowthPerShare,threeYRevenueGrowthPerShare,threeYShareholdersEquityGrowthPerShare,Industry,Sector,Symbol
2022Q2,2022,Q2,2022-06-30,2022-06-30,13706000.0,88734000.0,14798000.0,4.2,24902000.0,0.2806365091,481197000.0,347831000.0,358658000.0,131610000.0,133366000.0,47030000.0,-15680000.0,115094627.55399999,-28163372.44600001,106.50592788311235,2.725157662791581,0.21294812727427645,0.29459708881612046,0.032833716238400985,106.50592788311235,0.039404193415768,1.2970747126693263,2.0993475039033997,0.3308923803628774,0.0,1.357261322560068,0.0,0.18440264590178243,2.0596079325279235,0.02848313684416154,-8.108110430010566,0.2806365091171366,-0.1984732824427481,2.176985830828682,0.26643450460993906,0.44209736399140953,-0.17461054027179318,-0.1988075056994213,-0.10064422025039504,13.412197686645637,0.007002054087179492,0.7891804863997365,Software—Application,Technology,RTC
2022Q1,2022,Q1,2022-03-31,2022-03-31,17107000.0,103133000.0,16454000.0,5.24,30170000.0,0.2925348821,477310000.0,334124000.0,358095000.0,141414000.0,143186000.0,37462000.0,-29387000.0,145440784.958,-12218215.041999996,102.30884150066277,2.5322457465314607,0.2170245752236492,0.3100286121320228,0.03755141573608111,102.30884150066277,0.051199554656355124,1.4102254851308504,2.1254571952709416,0.4352898473560714,0.0,1.9476536223373018,0.0,0.21607131633529572,2.048432262717977,0.035840439127610986,11.037473245655308,0.2925348821424762,0.0,2.4071728222423294,0.5179118097256562,0.3189278806300083,0.0,0.0,0.0,6.070243034973325,0.2720847620692207,0.7271317508890909,Software—Application,Technology,RTC
2021Q2,2021,Q2,2021-06-30,2021-06-30,19806000.0,100582000.0,25896000.0,6.06,39854000.0,0.39623391859378415,378432000.0,278976000.0,257255000.0,97635000.0,99456000.0,24477000.0,-84535000.0,260858273.15782,149789273.15782,85.42251190123696,2.634864546525324,0.1717613732453915,0.23299495297086487,0.05837762449067402,85.42251190123696,0.07099535443909154,2.59348862776461,3.292667287158184,0.9350563244071891,0.0,2.4810230011847856,0.0,0.26578619144258414,2.251917857325754,0.05233701166920345,17.193400550871342,0.39623391859378415,-0.36875,2.9422098955065197,0.695587544257528,-0.06190703599432028,-0.06115429917550059,-0.3685318029650885,-0.19026922235077076,3.2881238447319774,0.2636088393070265,0.3804815771503222,Software—Application,Technology,RTC
2021Q1,2021,Q1,2021-03-31,2021-03-31,31365000.0,101624000.0,31981000.0,9.6,42450000.0,0.4177162874911438,567143000.0,259169000.0,441781000.0,306136000.0,307974000.0,22227000.0,-104342000.0,222743525.585092,94464525.58509201,79.35760419151354,1.4430873859983797,0.1586901363500916,0.34726375453854436,0.09153630068475599,79.35760419151354,0.12102141845668271,2.191839777858498,1.7754146786632552,0.8594528110425707,0.0,2.6622576146128583,0.0,0.17918584907157453,0.861081349465597,0.05530351251800692,54.54053026079628,0.4177162874911438,2.5011751386632346,3.6016560728657976,0.6351135716016326,-0.15760674497977684,0.16412998765939943,2.5017955470433324,2.3260220582137823,4.820806431964916,0.321044626724037,0.22957695026544386,Software—Application,Technology,RTC
2020Q4,2020,Q4,2020-12-31,2020-12-31,-20885000.0,86350000.0,-24118000.0,-6.39499,36465000.0,0.42229299363057327,445656000.0,227804000.0,317080000.0,215998000.0,217852000.0,25436000.0,-135707000.0,251558220.981334,218135220.981334,69.75363436693259,1.4679765553384754,0.17951065395731236,0.35117908377377044,-0.06101586009811622,69.75363436693259,-0.09167968955768994,2.9132393860027097,-3.011230799393512,1.1042748194998067,0.0,1.9611967290454475,0.0,0.19375931211517403,0.6777146084685969,-0.04686350009873086,6.322305687032446,0.42229299363057327,-2.548423728813559,0.23120143344895408,0.35533606413073643,-0.2874862769566459,0.01179245283018868,-2.548987614032485,-2.596689837802052,-1.0625123444598064,0.09527010743413784,0.03065208637780562,Software—Application,Technology,RTC
2020Q3,2020,Q3,2020-09-30,2020-09-30,13483000.0,84316000.0,15105000.0,4.13,36040000.0,0.42743963186109396,446603000.0,248689000.0,150028000.0,195890000.0,197914000.0,27294000.0,-114822000.0,82930960.011086,65020960.011086,76.14862591121357,0.7658788095359641,0.15315615882562364,0.2750423219362336,0.047988829794811345,76.14862591121357,0.05421631033137775,0.9835732246677499,1.5376948752333681,0.3334725702024859,0.0,1.7687403825016488,0.0,0.18879407437925855,0.5600745316248915,0.030190124114705903,1.9352879681481845,0.42743963186109396,-0.03953488372093022,2.1003121487409495,0.2838514797252969,-0.28317347397204207,0.04660955423261217,-0.04083374831045031,-0.03759158967824148,2.1165120900960583,0.14161149247870877,0.07972143951859756,Software—Application,Technology,RTC
2020Q2,2020,Q2,2020-06-30,2020-06-30,14057000.0,82856000.0,15695000.0,4.3,34435000.0,0.4156005600077242,464905000.0,235206000.0,160552000.0,227536000.0,229699000.0,26107000.0,-128305000.0,123021604.285554,121703604.285554,72.02012837750323,0.7056114197313832,0.16132328110043986,0.3188694165965154,0.0505486630772322,72.02012837750323,0.05976463185462956,1.484763979501231,2.187906457379847,0.5230376958306932,0.0,1.8547132952847896,0.0,0.17822135705144063,0.5192453062372547,0.03023628483238511,4.680118857397626,0.4156005600077242,0.08312342569269511,1.9593944097761773,0.24197067035409925,-0.34526654789100714,0.15712893578413253,0.08514744480469354,0.06638130180731078,2.2071275225418634,0.18254217452116575,-0.024842660386902006,Software—Application,Technology,RTC
2020Q1,2020,Q1,2020-03-31,2020-03-31,12954000.0,83233000.0,14718000.0,3.97,29759000.0,0.3575384763254959,465147000.0,221148000.0,151344000.0,241771000.0,243999000.0,24265000.0,-142363000.0,46156658.905823,82285658.90582299,67.715565718681,0.6259807834686543,0.19735696457249,0.41510662542731563,0.047373943998487184,67.715565718681,0.05857615714363232,0.5545475821587952,0.8907800468160993,0.20871388801084792,0.0,2.2037502575726355,0.0,0.1789391310703928,0.4018968362624136,0.027849260556340252,-17.430762426670317,0.3575384763254959,0.2523659305993692,1.8637166832209677,0.5769970626024217,-0.40856278203313345,-0.039629522057637076,0.25256236704699286,-0.03942044119566636,2.0655589372378054,0.225023548804898,-0.12703588205107946,Software—Application,Technology,RTC
2019Q4,2019,Q4,2019-12-31,2019-12-31,10342000.0,86843000.0,15322000.0,3.17,30987000.0,0.3568163237106042,465971000.0,208194000.0,145516000.0,255487000.0,257777000.0,23584000.0,-155317000.0,64152191.513354994,109281191.51335499,63.74904810007358,0.5695632263089707,0.22748196776194227,0.5091405131752116,0.03967732505501223,63.74904810007358,0.049674822521302245,0.7387145943064495,1.5507685049641025,0.30813660102286805,0.0,2.3683853459972863,0.0,0.1863699672297203,0.3458688700403543,0.02219451425088686,3.4296814495244585,0.3568163237106042,2.019047619047619,1.5967987450829952,0.1646954402579855,-0.4647119401979291,0.4352477999073645,2.003775776938716,1.9068487952950104,1.550018614050949,0.22481418275672402,-0.2149873119893217,Software—Application,Technology,RTC
2019Q3,2019,Q3,2019-09-30,2019-09-30,3443000.0,79586000.0,5271000.0,1.05,21590000.0,0.27127886814263813,464142000.0,197852000.0,133567000.0,263938000.0,266290000.0,22135000.0,-165659000.0,62090367.374308005,126273367.374308,60.582325449800464,0.5060544521819518,0.24647629389281728,0.5782099751329276,0.017266753876268363,60.582325449800464,0.01740189636698138,0.7801669561770663,4.508449562467907,0.31382228824731623,0.0,2.6201039078382653,0.0,0.1714690762740713,0.2796603747849874,0.007417988460428059,106.31912221628083,0.27127886814263813,2.620689655172414,1.1938609437221679,0.1497295999377384,-0.5130268901007361,0.15894572977615545,2.620399579390116,0.44847485572959606,1.2563878834943387,0.2927360903003645,-0.30321150795264806,Software—Application,Technology,RTC
2019Q2,2019,Q2,2019-06-30,2019-06-30,951000.0,88117000.0,3639000.0,0.29,18629000.0,0.2114120998218278,460472000.0,194408000.0,128695000.0,263600000.0,266064000.0,24273000.0,-169102000.0,44602744.26869,111103744.26868999,59.527771900434715,0.48822078907435507,0.249591723275248,0.5911793753343484,0.011569186579930911,59.527771900434715,0.004891774001069915,0.5061763821815314,11.72522194234753,0.22942854341740052,0.0,2.8627693321797882,0.0,0.191362341249848,0.2738239757207891,0.0020652721555273717,2.471339997157026,0.2114120998218278,1.2815533980582525,1.041379324936327,0.25902034656136425,-0.5415333053961748,0.5018542405675589,1.2818612922347363,4.200527704485488,1.0932566702325912,0.48545552521664503,-0.34627789864928815,Software—Application,Technology,RTC
2019Q1,2019,Q1,2019-03-31,2019-03-31,-3374000.0,81074000.0,-1137000.0,-1.03,12404000.0,0.1529960283198066,455049000.0,193456000.0,113563000.0,259126000.0,261593000.0,25488000.0,-170054000.0,52658878.32192,138906878.32192,59.23626929329296,0.4382539768298048,0.25608231201475007,0.6023591927880242,-0.003686482033000458,59.23626929329296,-0.017440658340914728,0.6495162237205516,-3.9018137464374627,0.27220080184600115,0.0,2.6942090395480225,0.0,0.17816542833848661,0.221197409754328,-0.0074145861214946086,12.831110702222222,0.1529960283198066,0.026952471824133416,0.7455478558972197,0.14657714625832122,-0.5672406221232442,-0.4187713790356591,0.024009256580850447,-1.4783340344972655,0.7201343028901896,0.30446742604139543,-0.37119783020657454,Software—Application,Technology,RTC
2018Q4,2018,Q4,2018-12-31,2018-12-31,-3457000.0,90124000.0,2377000.0,-1.05853,21341000.0,0.23679596999689317,454682000.0,196831000.0,102167000.0,255323000.0,257851000.0,24675000.0,-166680000.0,48068195.757804,152110195.757804,60.269695027645284,0.4001480477669462,0.24841537602104327,0.5738425349665449,-0.1263148728264407,60.269695027645284,-0.01756329033536384,0.5333562176313079,-3.4761495341194677,0.24421049406751985,0.0,2.7875582573454913,0.0,0.198213256737676,0.125640854917105,-0.0076031160239464065,15.279146776161474,0.23679596999689317,-0.8570701754385966,-7.927405993506482,0.2002630410811798,-0.5724196616070272,0.2509378663540445,-0.8706709956709957,4.071059431524548,0.8727442353571,0.4145721765340879,-0.384362045353258,Software—Application,Technology,RTC
2018Q3,2018,Q3,2018-09-30,2018-09-30,-1848000.0,86872000.0,-774000.0,-0.57,17060000.0,0.19638088221751543,506459000.0,200261000.0,138726000.0,303611000.0,306198000.0,25594000.0,-163223000.0,40821584.316786,172116584.316786,61.319961773964835,0.45692020381343235,0.30788277037233025,0.7786338827829682,-0.0021554955513812223,61.319961773964835,-0.009227957515442347,0.4699049672712266,-5.522400475755681,0.20384190789412818,0.0,2.727670547784637,0.0,0.17152819872882108,0.1324359130598035,-0.00364886397516877,-45.866948670546066,0.19638088221751543,0.7849056603773585,0.9203602965951146,0.14463513970530978,-0.5644841719285684,1.5103001765744555,0.7865064695009242,0.8811972371450499,0.8491895831140492,0.3227708352708383,-0.4227633834673633,Software—Application,Technology,RTC
2018Q2,2018,Q2,2018-06-30,2018-06-30,-8656000.0,79599000.0,-6515000.0,-2.65,6796000.0,0.08537795700951017,483110000.0,202086000.0,106889000.0,278378000.0,281024000.0,17560000.0,-161374000.0,62984063.66935801,171103063.66935802,61.878777171059056,0.38397071607670147,0.2752582227650018,0.6580366774541532,-0.019847483723004055,61.878777171059056,-0.04283324921073207,0.7912670218138168,-1.819086866605765,0.3116696043731778,0.0,4.145956719817768,0.0,0.16476371840781603,0.15631263964824807,-0.017917244519881602,4.293684891223533,0.08537795700951017,-0.05577689243027894,0.5241650302059201,0.02833080806452936,-0.5816279121254337,-0.2839532188389,-0.05445243025947131,-0.025177025963808025,0.4092254384987841,0.19314984297475066,-0.43746135556534305,Software—Application,Technology,RTC
2018Q1,2018,Q1,2018-03-31,2018-03-31,-8209000.0,76927000.0,-6355000.0,-2.51,9491000.0,0.12337670778790281,453653000.0,210779000.0,68065000.0,240170000.0,242874000.0,22810000.0,-152717000.0,59767099.920063004,106432099.920063,64.54057566253307,0.2834034225756756,0.1212380387653118,0.26093681059308566,-0.023314421188713543,64.54057566253307,-0.03894600505742982,0.7769326753943739,-1.8201699330022842,0.2835533896643546,0.0,2.956422621657168,0.0,0.1695723383290753,0.1352333763584128,-0.018095328367717177,15.576518092275998,0.12337670778790281,0.1904740403408395,0.5458913964753411,0.004505351821078033,-0.5794526050135591,-0.182233327589178,0.18931463559154652,-0.23590042784908596,0.4526593907240292,0.4575186889192568,-0.4362935890632601,Software—Application,Technology,RTC
2017Q4,2017,Q4,2017-12-31,2017-12-31,-10126000.0,78839000.0,-5142000.0,-3.10058,11606000.0,0.14721140552264741,517480000.0,221029000.0,120755000.0,293688000.0,296451000.0,24578000.0,-144508000.0,62579612.61776699,167516612.61776698,67.67912789278829,0.41116763367927867,0.2278348921697457,0.5334141673717023,-0.016789593100619893,67.67912789278829,-0.04581299286518964,0.79376466745858,-1.5450230253250787,0.28312851534308614,0.0,2.735495158271625,0.0,0.15235178171137048,0.11565334640843344,-0.01956790600602922,14.51963169785777,0.14721140552264741,0.16200540540540548,0.19171847399069958,-0.2169078950036585,-0.5743448001770171,0.7291418355184743,0.1614773103676714,0.465210608424337,0.415665819695377,0.05734974395747866,-0.4317118429446001,Software—Application,Technology,RTC
2017Q3,2017,Q3,2017-09-30,2017-09-30,-12076000.0,73857000.0,-9615000.0,-3.7,6712000.0,0.09087831891357624,564768000.0,230327000.0,155469000.0,331619000.0,334441000.0,21419000.0,-134382000.0,57029025.445099995,199934025.4451,70.52617751590174,0.4688181316510815,0.2950326505751034,0.7234279958493793,-0.024114241036068296,70.52617751590174,-0.052429806318842344,0.7721546426892508,-1.1806273899697746,0.24760026156334256,0.0,3.134833558989682,0.0,0.13077405235424103,0.1413399111631119,-0.021382231287891667,10.739929462354048,0.09087831891357624,-0.03641456582633063,0.18718254623394212,-0.1679655973484716,-0.5668807104620827,0.33572139303482584,-0.03701159295835122,-0.049443352979698756,0.32005089852195756,0.06696628882720014,-0.43309617550609675,Software—Application,Technology,RTC
2017Q2,2017,Q2,2017-06-30,2017-06-30,-11645000.0,70066000.0,-9162000.0,-3.57,5025000.0,0.07171809436816716,530509000.0,241198000.0,111373000.0,286431000.0,289311000.0,24907000.0,-122307000.0,66261360.49139101,160934360.491391,73.85488008127778,0.38883011964487085,0.20946864237929988,0.4607210673388668,-0.025895583153400622,73.85488008127778,-0.048279836482889575,0.9456992049123828,-1.4225281342076215,0.27471770284741587,0.0,2.611354237764484,0.0,0.1320731599275413,0.15882009977970263,-0.02195061723740785,-30.99221725509402,0.07171809436816716,0.040322580645161386,0.022805969178009686,-0.2419560752140398,-0.5587581704953306,0.3375033271227043,0.042115653532943984,0.08517224163754368,0.4933099485977617,0.0011067058815955287,-0.4311898182942399,Software—Application,Technology,RTC
2017Q1,2017,Q1,2017-03-31,2017-03-31,-12157000.0,67944000.0,-10015000.0,-3.72,3757000.0,0.0552955375014718,557537000.0,253330000.0,131664000.0,301268000.0,304207000.0,24926000.0,-110662000.0,75369476.16155,192241476.16155,77.56970112102961,0.4370328079981943,0.2489520874847768,0.5479019460782378,-0.02540417065942606,77.56970112102961,-0.04798878932617535,1.1092881808776345,-1.549919309071934,0.29751500478249715,0.0,2.5751023028163362,0.0,0.12186455786790831,0.15331200127461264,-0.0218048308901472,1196.3408914531747,0.0552955375014718,0.35388399091269096,0.1964429643655197,-0.25350134101512706,-0.5464662692743987,-0.31253430924062214,0.35345423602616605,0.18801686395329983,0.08317287615367534,-0.03911195173082138,-0.43330300844885383,Software—Application,Technology,RTC
2016Q4,2016,Q4,2016-12-31,2016-12-31,-18803000.0,70903000.0,-12334000.0,-5.75748,5465000.0,0.07707713354865098,593437000.0,265211000.0,155101000.0,325229000.0,328226000.0,25153000.0,-98505000.0,41508458.420463,192353458.420463,81.20766590616739,0.47689781661536945,0.2766730082552992,0.6190844271165223,-0.04156494393185975,81.20766590616739,-0.07089826590903092,0.5854259822639805,-0.5518861141900627,0.1565110739013955,0.0,2.60159821890033,0.0,0.11947856301511366,0.1499282044344139,-0.031684913478600085,-2.328142824637557,0.07707713354865098,-0.3974466019417476,-3.9700712169361485,-0.350818615435793,-0.5377233492225867,4.175189393939394,-0.4002829907655645,-0.06016847172081829,-38.67891666066022,-0.05572044736386654,-0.42387627393277116,Software—Application,Technology,RTC
2016Q3,2016,Q3,2016-09-30,2016-09-30,-13428000.0,61560000.0,-11634000.0,-4.12,1056000.0,0.017153996101364522,611895000.0,283930000.0,155169000.0,322100000.0,328823000.0,26832000.0,-79702000.0,44426045.8125,188555045.8125,86.94507177033493,0.48174169512573733,0.26116899141192523,0.5628429542492868,-0.026198663314108427,86.94507177033493,-0.04729334695171345,0.7216706597222222,-0.8271158365449062,0.15646830490789984,0.0,2.2549194991055455,0.0,0.10060549604098742,0.11882645141260478,-0.021944941534086732,-5.764375997469832,0.017153996101364522,-0.3205128205128205,-1.7392900856793148,-0.4736797106777356,-0.5083352525684561,-0.8123000355492357,-0.31685789938217124,-0.31264808755500395,0.42128173081067105,-0.1888259322703913,-0.3824856729629509,Software—Application,Technology,RTC
2016Q2,2016,Q2,2016-06-30,2016-06-30,-10197000.0,59316000.0,-8863000.0,-3.12,5626000.0,0.09484793310405287,592338000.0,297367000.0,130428000.0,288902000.0,295826000.0,27930000.0,-66274000.0,88744169.25,182503169.25,91.05975119617224,0.451461049075465,0.17254506717448484,0.3436998725480635,-0.022042884931804427,91.05975119617224,-0.034290960328482986,1.4961253161035808,-2.1757421116504854,0.2984331457424664,0.0,1.9223057644110275,0.0,0.10013877211997205,0.10166423216177112,-0.017214833422809276,-19.0030341006424,0.09484793310405287,0.15217391304347827,-2.6661764705882356,-0.5680328585161234,-0.4893523121650328,0.006620146716765074,0.15412691829116548,0.05792942176870748,0.43941726223199556,-0.23365331197271352,-0.3843307839784016,Software—Application,Technology,RTC
2016Q1,2016,Q1,2016-03-31,2016-03-31,-12055000.0,62147000.0,-9408000.0,-3.68,5589000.0,0.08993193557211128,590311000.0,307638000.0,120500000.0,274900000.0,283503000.0,24389000.0,-56077000.0,43998418.75,128269418.75,94.20493779904307,0.4383412149872681,0.1587298898377296,0.30457875815081364,-0.022656004329032572,94.20493779904307,-0.039185666270096675,0.7079733333869695,-0.9124516538780589,0.1430201039858535,0.0,2.3189962688097094,0.0,0.10527840409546832,0.1141396871589669,-0.020421438868664144,-10.376985554245284,0.08993193557211128,0.5575944680073478,-1.5098545085433936,-0.643149166829358,-0.46607402882080456,0.4943850267379679,0.5562141069061994,0.5531490453120547,0.33309360477981853,-0.18843778157932545,-0.38615915988419075,Software—Application,Technology,RTC
2015Q4,2015,Q4,2015-12-31,2015-12-31,-27164000.0,63707000.0,-21054000.0,-8.31816,3740000.0,0.058706264617702925,603771000.0,319698000.0,124602000.0,276201000.0,284907000.0,29574000.0,-44022000.0,64646887.25,143023887.25,97.89795215311005,0.45112798288203154,0.15358803254876435,0.2900612453002521,-0.0650397195452279,97.89795215311005,-0.0849676882557914,1.0147532806441992,-0.5949684071749374,0.20221236057153938,0.0,2.0276932440657336,0.0,0.10551517048682364,0.16006821119402176,-0.0449905676158676,8.094013678477525,0.058706264617702925,-1.212276595744681,-2.0676413944896437,-0.6328338424298311,-0.42140716395436373,-0.014232999472851872,-1.2169264669876765,-0.9583294577248628,-1.1684361778558314,-0.3671699612595609,-0.38428916442297695,Software—Application,Technology,RTC
2015Q3,2015,Q3,2015-09-30,2015-09-30,-12253000.0,65670000.0,-10751000.0,-3.76,3794000.0,0.05777371707019948,647558000.0,346908000.0,144865000.0,290788000.0,301468000.0,34689000.0,-16858000.0,76385633.5,171367633.5,106.2302009569378,0.49818080526018954,0.1676313164226216,0.3129100510798252,-0.023691117984445512,106.2302009569378,-0.035320603733554716,1.1631739530988274,-1.5585088039663757,0.22018988752061067,0.0,1.7837354781054513,0.0,0.10141176543259446,0.09177820267686425,-0.018921857192714785,-14.466976041666667,0.05777371707019948,0.16071428571428584,-1.8145316758625274,-0.49161595986808493,-0.3416256101541802,12.21951219512195,0.1636748344822879,0.15658586334039382,0.17521540118470652,-0.2601480379896576,-0.34761317305811734,Software—Application,Technology,RTC
2015Q2,2015,Q2,2015-06-30,2015-06-30,-14651000.0,66709000.0,-12747000.0,-4.48,287000.0,0.004302268059782038,638761000.0,359216000.0,125232000.0,269655000.0,280339000.0,28244000.0,-4605000.0,77821985.99999999,161097986.0,109.99915789473684,0.4644156422094899,0.14739002537725376,0.26209021869849897,-0.02787392259072874,109.99915789473684,-0.040786045165026055,1.1665890059812016,-1.3279295952494707,0.21664398579127878,0.0,2.3517207194448377,0.0,0.10443499211755257,0.10049878548515696,-0.02293659130723385,-7.844167523435136,0.004302268059782038,0.026086956521738962,-4882.666666666667,-0.395308151814284,-0.29819927361389786,1.0366773162939298,0.023071280922851236,0.23367800889743898,-0.22952332997650216,-0.27822859863238986,-0.3428162144460564,Software—Application,Technology,RTC
2015Q1,2015,Q1,2015-03-31,2015-03-31,-14997000.0,52776000.0,-16634000.0,-4.6,-7825000.0,-0.14826815219038958,621809000.0,373892000.0,97484000.0,236347000.0,248711000.0,26671000.0,10046000.0,47751797.49999999,119029797.5,114.49324401913876,0.41246133862498785,0.1250818177285951,0.20801996298396327,-0.03900825330657373,114.49324401913876,-0.040110513196324075,0.9048013775200847,-0.7960224961658998,0.1277154833481326,0.0,2.2721682726556933,0.0,0.08487493748080198,0.05814755423170169,-0.024118338589502564,-5.7311326812289956,-0.14826815219038958,0.13308632575600537,-50.99,-0.40335763947770054,-0.2695338905234696,-0.747822202367657,0.13452216066481995,-0.10370911021166479,0.008659439450026523,-0.4201140521475426,-0.33058207840897497,Software—Application,Technology,RTC
2014Q4,2014,Q4,2014-12-31,2014-12-31,-17328000.0,74558000.0,-15071000.0,-5.30618,-4477000.0,-0.060047211566833875,672945000.0,388913000.0,120084000.0,272057000.0,284826000.0,24034000.0,25043000.0,54510178.25000001,159591178.25,119.09297607655502,0.441392796362527,0.16955471843909978,0.29338438159691244,-0.028415415730605596,119.09297607655502,-0.044554951878697804,0.7311110578341695,-0.78644647752193,0.14016033984464393,0.0,3.288466339352584,0.0,0.1107936012601327,0.13649713111590586,-0.02574950404565009,96.82092051509771,-0.060047211566833875,0.02459926470588236,-33.75614366729678,-0.11282722513089,-0.239761360681983,-0.44001286587327115,0.024269384537417647,0.008943249819162228,-3.580491673275178,-0.31730945317364384,-0.32206028214876525,Software—Application,Technology,RTC
2014Q3,2014,Q3,2014-09-30,2014-09-30,-17759000.0,69217000.0,-15207000.0,-5.44,-3109000.0,-0.04491671121256339,695692000.0,406263000.0,131177000.0,276375000.0,290215000.0,30753000.0,42371000.0,82595062.6875,199409062.6875,124.4058947368421,0.4746341022161918,0.17338276133691347,0.29690372984987556,-0.028156609109295034,124.4058947368421,-0.043713062720454485,1.1932771239363162,-1.1627211933033954,0.20330441779709205,0.0,2.3518355932754527,0.0,0.09949374148330008,0.047041157847128,-0.025527101073463544,-6.892686529875657,-0.04491671121256339,0.2272727272727272,-9.800297324083251,-0.22751470374875837,-0.20609736794279787,0.6726679300905454,0.22723119098385622,0.23705599036724864,-2.62280701754386,-0.40821456357993546,-0.29649844931574226,Software—Application,Technology,RTC
2014Q2,2014,Q2,2014-06-30,2014-06-30,-22981000.0,69984000.0,-19932000.0,-7.04,-9498000.0,-0.13571673525377229,698776000.0,424012000.0,120705000.0,259404000.0,275542000.0,32513000.0,60130000.0,98995984.99999999,194504985.0,129.840995215311,0.46531664893370955,0.14451984613094898,0.23817014612793977,-0.03719091244699063,129.840995215311,-0.05419893776591229,1.4145516832418836,-1.0769329554849658,0.23347448892955855,0.0,2.4446221511395443,0.0,0.1001522662484115,0.04940170544787282,-0.032887506153617185,-12.109600611620793,-0.13571673525377229,-0.7254901960784313,-2.1164903715758063,-0.035647848314064784,-0.166416992030071,-136.65217391304347,-0.7332378007391206,-0.9015455065827133,-4.755065359477125,-0.49034344140522584,-0.27187365304731137,Software—Application,Technology,RTC
2014Q1,2014,Q1,2014-03-31,2014-03-31,-13259000.0,70705000.0,-10482000.0,-4.08,-69000.0,-0.0009758857223675836,710968000.0,447000000.0,123660000.0,244675000.0,264747000.0,38810000.0,83111000.0,142618465.0,347594465.0,136.8803827751196,0.5054051292530909,0.2923521171135691,0.46499552572706937,-0.015535761283759669,136.8803827751196,-0.029662192393736016,2.0170916483982744,-2.6890878837016365,0.3190569686800895,0.0,1.823602164390621,0.0,0.09944892034521947,0.04841115765811791,-0.018649221905908564,-34.574173333333334,-0.0009758857223675836,-28.200000000000003,0.06204018109790598,-0.051156112028127844,-0.13447909970336058,0.9666666666666667,-27.571142284569138,0.2593273035613341,-1.5607765183556082,-0.5940087508756617,-0.224202117043082,Software—Application,Technology,RTC
2013Q4,2013,Q4,2013-12-31,2013-12-31,499000.0,75082000.0,-14152000.0,0.15,-2070000.0,-0.027569856956394342,732047000.0,460307000.0,134613000.0,250200000.0,272499000.0,38454000.0,96370000.0,88570020.00000001,290859020.0,140.95525358851674,0.538021582733813,0.2921492745684362,0.46461817873723404,0.001058529007020196,140.95525358851674,0.0010840591170675224,1.179643856050718,44.373757515030064,0.19241510557084732,0.0,2.006345243667759,0.0,0.10256445282884842,0.18171462829736212,0.0006816502219119811,26.4230369928401,-0.027569856956394342,1.0210674157303372,1.0831276476572251,-0.29326648235547503,-0.13247669143741317,0.7899969564776301,1.0215058397620997,0.27362315865113174,-0.9803875329167158,-0.5672756613451674,-0.16693150228760062,Software—Application,Technology,RTC
2013Q3,2013,Q3,2013-09-30,2013-09-30,-23203000.0,75890000.0,-19483000.0,-7.12,-9857000.0,-0.1298853603900382,728243000.0,459795000.0,131498000.0,245057000.0,269218000.0,41247000.0,95871000.0,100760467.5,305566467.5,140.79846889952154,0.536601688586737,0.28657604673165415,0.4538914081275351,-0.028799121450045585,140.79846889952154,-0.050463793647168846,1.3277173211226776,-1.085640515235099,0.21914215574332038,0.0,2.0788663417945545,0.0,0.10420972120569645,0.054468960282709734,-0.031861617619393524,65.51395806241872,-0.1298853603900382,-0.2805755395683454,-4.265162625503378,-0.3661629738572624,-0.14280874708006078,-3.272648461205028,-0.27559098405717425,-0.2240371929383678,-2.542444991025726,-0.41249787108860925,-0.12738463056730095,Software—Application,Technology,RTC
2013Q2,2013,Q2,2013-06-30,2013-06-30,-18190000.0,77401000.0,-15917000.0,-5.56,-2307000.0,-0.02980581646231961,761492000.0,482998000.0,156450000.0,253025000.0,279283000.0,48816000.0,119075000.0,89690678.00000001,306576678.0,147.9036937799043,0.6183183479893292,0.2968553839042301,0.4680205715137537,-0.021645657473402906,147.9036937799043,-0.03766061143110323,1.1587793180966657,-1.2326921110500277,0.18569575443376582,0.0,1.6328253031792854,0.0,0.10164387807094494,0.08877778875605177,-0.023887315953417764,-9.318512000000002,-0.02980581646231961,-0.00724637681159421,-2.9116673964913233,-0.37036778302453627,-0.08868708614343195,-0.9370277078085643,-0.006306705023235229,-0.07242959169923191,-6062.333333333333,-0.2983892167260399,-0.05636623301012605,Software—Application,Technology,RTC
2013Q1,2013,Q1,2013-03-31,2013-03-31,-18076000.0,76577000.0,-14842000.0,-5.52,-1191000.0,-0.015552972824738498,793092000.0,501169000.0,178710000.0,264399000.0,292721000.0,49004000.0,137265000.0,111443685.37499999,318518685.375,153.46801913875598,0.6759102719753101,0.2988467920493461,0.4729203123098196,-0.01947617165089783,153.46801913875598,-0.036067673778705386,1.4553153737414626,-1.5413211630753483,0.22236747559206574,0.0,1.586972492041466,0.0,0.09655500244612227,0.16685010155106486,-0.02279180725565256,-20.729852190290178,-0.015552972824738498,-0.43899145468480344,-3.3240456501193965,-0.2485387303395487,-0.038402615061004126,0.5788543140028288,-0.4429631994891035,0.46538433830415676,-61.25333333333334,-0.1342829687411678,-0.02087509328832053,Software—Application,Technology,RTC
2012Q4,2012,Q4,2012-12-31,2012-12-31,-12527000.0,100670000.0,-27762000.0,-3.83602,-2828000.0,-0.028091785040230455,747550000.0,519234000.0,123915000.0,201922000.0,229116000.0,34291000.0,155341000.0,118079644.375,291372644.375,158.99988516746413,0.6136775586612653,0.23851113637883753,0.34338853002692427,-0.023774751715803764,158.99988516746413,-0.024125923957213895,1.1729377607529552,-2.3565028413626568,0.22741123342269573,0.0,3.018226356769998,0.0,0.13466657748645575,0.258218520022583,-0.016757407531268812,-1.0949928073648874,-0.028091785040230455,0.15876754385964906,-95.2452823942861,-0.09185385124841623,0.011620539853289834,-4.265588914549654,0.15677167474421108,-1.2216709346991037,-24.680529300567105,0.19788196097096622,0.014987284168056314,Software—Application,Technology,RTC
2012Q3,2012,Q3,2012-09-30,2012-09-30,-14856000.0,88761000.0,-12496000.0,-4.56,866000.0,0.009756537217922285,773236000.0,531752000.0,164396000.0,230487000.0,242290000.0,39911000.0,205309000.0,110830283.43750001,287522283.4375,162.83314832535885,0.7132549775041542,0.24890072371177752,0.3619337585942319,-0.01726858208151841,162.83314832535885,-0.027937835682799502,1.2486371653935853,-1.8650761213903477,0.20842476086126618,0.0,2.202275062012979,0.0,0.11479160308107744,0.14589109147153637,-0.019212762985686128,-0.7992722223324007,0.009756537217922285,-0.25274725274725257,-2.1576267467259798,-0.16968548759043642,0.03895984534067719,-0.5396065922381712,-0.24672708962739173,-0.21722189752581336,-8.361744301288406,-0.009397006796647385,0.03912813227313673,Software—Application,Technology,RTC
2012Q2,2012,Q2,2012-06-30,2012-06-30,-11916000.0,92424000.0,-10266000.0,-3.64,1881000.0,0.020351856660607636,756286000.0,546599000.0,173729000.0,198689000.0,210495000.0,41830000.0,220165000.0,93008762.00000001,215193762.0,167.3795980861244,0.8743765382079531,0.21567237790994412,0.2984088884172858,-0.014575177235864207,167.3795980861244,-0.021800259422355327,1.0063269497100322,-1.951341935213159,0.17015904163747103,0.0,2.1645469758546496,0.0,0.12220773622677135,0.3226600365395165,-0.015755944179847308,2.9256318454908627,0.020351856660607636,0.21551724137931028,-1.5990722524573728,-0.22822509683823558,0.09728935528469312,1.6216126900198282,0.21232152300370175,0.23729569093610697,-0.6159479251423922,0.273566576180568,0.0745819424293538,Software—Application,Technology,RTC
2012Q1,2012,Q1,2012-03-31,2012-03-31,-15128000.0,91011000.0,-13460000.0,-4.64,-3026000.0,-0.033248728175715024,761297000.0,558533000.0,261625000.0,191758000.0,203566000.0,43415000.0,232081000.0,140032612.5,240183612.5,171.03402870813397,1.3643498576330584,0.21674983613491186,0.29543643795442703,-0.018641068286908303,171.03402870813397,-0.027085239368130443,1.5386339288657416,-2.314129635444209,0.2507150204195634,0.0,2.166002533686514,0.0,0.1195472988859801,0.43085034261934313,-0.01987135112840324,2.890667640319551,-0.033248728175715024,-3.0054211303229366,-2.1411662477663227,-0.08287807461822738,0.16807688570067106,-1.4066111260413867,-2.998942638117896,-1.5234345706786652,-0.07017543859649134,0.22134546479326864,0.0814809507950401,Software—Application,Technology,RTC
2011Q4,2011,Q4,2011-12-31,2011-12-31,-3783000.0,109212000.0,-5334000.0,-1.15843,7442000.0,0.06814269494194777,790174000.0,573669000.0,281904000.0,205492000.0,217303000.0,41774000.0,247209000.0,101365914.375,235694914.375,175.66897607655503,1.3718490257528273,0.22590087752824062,0.31115678204679004,-0.005036977586216982,175.66897607655503,-0.006594395025702975,0.9281572938413362,-6.698778375297382,0.17669756318539087,0.0,2.4362043376262745,0.0,0.138212596212986,0.47023241780701924,-0.004787553121211278,-3.0333636883921358,0.06814269494194777,0.23787499999999998,-1.232826032099552,0.04075053418108794,0.23234318434107057,-0.2821452686408797,0.22827417380660955,-0.4510337323177367,0.3697958094443242,0.027993139886975056,0.08117241080363899,Software—Application,Technology,RTC
2011Q3,2011,Q3,2011-09-30,2011-09-30,-4902000.0,116963000.0,-3676000.0,-1.52,10367000.0,0.08863486743671076,802755000.0,577487000.0,284822000.0,216101000.0,226101000.0,47724000.0,215797000.0,191904453.125,289051453.125,176.8381244019139,1.3180040814248892,0.22858904647121475,0.3177578023401393,-0.004307273363582733,176.8381244019139,-0.00848850277149096,1.6407278637261355,-9.787048812984496,0.3323095638949448,0.0,2.2335931606738746,0.0,0.14570198877615212,0.5956705429405694,-0.006106470841041165,7.268006859756097,0.08863486743671076,-1.8085106382978724,-1.1148305613501177,-0.5755573131699828,0.0,-0.5397966884183424,-1.8009803921568628,-1.355512572533849,-1.689817143913182,-0.02311925037906161,0.07660327988555107,Software—Application,Technology,RTC
2011Q2,2011,Q2,2011-06-30,2011-06-30,6120000.0,137316000.0,10340000.0,1.88,22527000.0,0.16405225902298348,803358000.0,582333000.0,280894000.0,211828000.0,221828000.0,43217000.0,220697000.0,253268812.5,358323812.5,178.32206698564593,1.3260475480106502,0.22841746767941565,0.3151135175234788,0.009940092594033487,178.32206698564593,0.01050945077816301,1.8444231735558856,10.345948223039215,0.43492093441381474,0.0,2.65610755026957,0.0,0.17092753168574906,0.5325547142020884,0.007618023347000963,-6.215185582822086,0.16405225902298348,-0.7403314917127072,-0.8480227111528267,-0.4992653822528819,1.2188563072442373,-0.5009083658277207,-0.741160548130604,-0.6483591225981976,-0.35682218435805924,0.1170214532913369,0.09873660566883685,Software—Application,Technology,RTC
2011Q1,2011,Q1,2011-03-31,2011-03-31,23644000.0,174154000.0,29405000.0,7.24,45136000.0,0.2591729159249859,790204000.0,576181000.0,282233000.0,204821000.0,214821000.0,52056000.0,214577000.0,349007637.0,332155637.0,176.4382009569378,1.377949526659864,0.2088068397527727,0.2863683460579228,0.034038897569767856,176.4382009569378,0.041035716207233494,2.004017346716125,3.690234700135341,0.6057256955713569,0.0,2.478446288612264,0.0,0.22039119012305683,1.050746749600871,0.029921387388573077,-158.78418425841673,0.2591729159249859,-0.07060333761232347,-0.4146820302635383,-0.36691275609963386,0.0,-0.2164024930122741,-0.0707070707070707,-0.20610707632495479,2.039927824265491,0.7089986021448507,0.10552357159268752,Software—Application,Technology,RTC
2010Q4,2010,Q4,2010-12-31,2010-12-31,25443000.0,173510000.0,37039000.0,7.79,57601000.0,0.33197510229957927,798152000.0,552544000.0,263458000.0,216402000.0,246402000.0,52578000.0,190933000.0,277262064.75,278035064.75,169.2000765550239,1.2174471585290338,0.21549779991781015,0.3112874268836509,0.03575826759052089,169.2000765550239,0.046047011640701914,1.597960144948418,2.724345249675746,0.5017918297004402,0.0,2.2045151964700063,0.0,0.21738967013801883,0.908998068409719,0.031877386763423506,9.137294514566307,0.33197510229957927,0.6934782608695653,-0.28740560338031457,-0.19830146462470666,2.0077840243261225,0.4216852601441406,0.6913514591504354,1.042516819234587,190.41715653850252,0.565237292836866,0.07651821639703119,Software—Application,Technology,RTC
2010Q3,2010,Q3,2010-09-30,2010-09-30,15043000.0,129174000.0,18134000.0,4.6,40516000.0,0.31365445058603125,777633000.0,526916000.0,197152000.0,215536000.0,250535000.0,32028000.0,171251000.0,109918115.99999999,188556116.0,161.35226794258372,0.9147056640190038,0.22118402896996397,0.3264277418032476,0.02498419485805202,161.35226794258372,0.028549142557827055,0.8509306516791304,1.8267319683573753,0.20860652551829892,0.0,2.7681403771699764,0.0,0.16611177766375657,0.6310825105782792,0.019344600859274235,2.228220474356375,0.31365445058603125,5750.999999999999,-0.26190156028763056,0.046095552347620465,0.0,1.059681765034823,5015.333333333333,5.9346080305927345,0.17219838119271097,0.20835780157944336,0.029511061298365098,Software—Application,Technology,RTC
2010Q2,2010,Q2,2010-06-30,2010-06-30,-3000.0,110319000.0,2615000.0,-0.0008,19671000.0,0.17831017322492046,733488000.0,511849000.0,136414000.0,186433000.0,221432000.0,39357000.0,156303000.0,71651992.50000001,193036992.5,156.73844976076555,0.7317052238605827,0.23449599720786163,0.3360366045454812,0.0017381561772209417,156.73844976076555,-5.861103567653741e-06,0.6494982052049059,-5970.999375000001,0.13998658295708308,0.0,2.303224331122799,0.0,0.1504032785812447,0.4715045083220245,-4.090046462927819e-06,6.239832143168163,0.17831017322492046,-1.01,-1.0001438875216688,-0.1266896447821596,0.0,0.5408898637004543,-1.01,0.4196525515743757,-1.000150823829924,-0.07879516638640734,0.027529247607688493,Software—Application,Technology,RTC
2010Q1,2010,Q1,2010-03-31,2010-03-31,300000.0,88455000.0,1842000.0,0.08,12766000.0,0.1443219716239896,739252000.0,511854000.0,131129000.0,192158000.0,227158000.0,46993000.0,156307000.0,100606943.9375,244520943.9375,156.73998086124402,0.6824019817025573,0.2410260641837966,0.34810512372668767,0.002490217359861096,156.73998086124402,0.0005861046313987973,1.1373799552032107,83.83911994791667,0.196553985975493,0.0,1.6106441384887111,0.0,0.11965473208053547,0.35589462837873,0.0004058156082093792,22.52226190676069,0.1443219716239896,-0.5,-0.9856112478331176,-0.29977005347407,0.0,0.22608528620822127,-0.43289224952741023,231.25,-0.9773697862024129,-0.10863500115761061,0.07045568704701652,Software—Application,Technology,RTC
2009Q4,2009,Q4,2009-12-31,2009-12-31,529000.0,84040000.0,-8000.0,0.16,10412000.0,0.12389338410280819,735509000.0,511567000.0,119282000.0,198666000.0,223666000.0,45039000.0,156006000.0,108844587.49999999,260219587.5,156.6520956937799,0.600414766492505,0.24225264408729194,0.34830041812704887,7.159057152173059e-05,156.6520956937799,0.001034077647698151,1.2951521596858637,51.438840973534965,0.21276702269692924,0.0,1.6347609849241769,0.0,0.11426100836291603,0.2798113416487975,0.0007192298122796594,23.9376704420497,0.12389338410280819,-0.7333333333333333,-0.9851840413547217,-0.6116953206562178,1.7847249268337753,0.32569391392920805,-0.7378592666005946,-1.0098039215686274,-0.9674425136186457,-0.1991294464657855,0.09893702777003537,Software—Application,Technology,RTC
2009Q3,2009,Q3,2009-09-30,2009-09-30,2018000.0,89603000.0,816000.0,0.6,7854000.0,0.08765331517917926,729237000.0,511729000.0,104009000.0,202240000.0,217240000.0,40511000.0,155486000.0,103285500.99999999,255642501.0,156.7017033492823,0.5142850079113924,0.23062324045543492,0.3286485620318567,0.001061013114050469,156.7017033492823,0.003943493528801377,1.1527013716058612,12.795527874132803,0.2018363254769614,0.0,2.017945743131495,0.0,0.12287226237834888,0.204296875,0.0027672759336128034,-16.616071589446587,0.08765331517917926,1.2678571428571428,-0.9009849995785706,-0.27436403783266117,0.0,0.251832961428116,1.2736642256577162,1.76333021515435,-0.9527278513250637,-0.6748430010513579,0.0,Software—Application,Technology,RTC
2009Q2,2009,Q2,2009-06-30,2009-06-30,-7374000.0,72571000.0,-1069000.0,-2.24,6274000.0,0.08645326645629797,719528000.0,508662000.0,87670000.0,195866000.0,210866000.0,29023000.0,153461000.0,135421027.5,287643027.5,155.76252631578947,0.44760193193305625,0.23373517083421355,0.3306301630552312,-0.0013567644981639273,155.76252631578947,-0.01449685645870932,1.8660488004850422,-4.591165836045565,0.26622988841313094,0.0,2.284291768597319,0.0,0.1008591743476279,0.20065759243564477,-0.010248385052423255,-1.6368837255684086,0.08645326645629797,0.48148148148148145,-1.3536755282619701,-0.4255114188080576,0.0,84.94520547945206,0.47835314091680814,0.9343608006877072,-1.1831177333266432,-0.7353635996932177,0.9381485970320559,Software—Application,Technology,RTC
2009Q1,2009,Q1,2009-03-31,2009-03-31,-14136000.0,74517000.0,-16286000.0,-4.32,73000.0,0.0009796422292899607,730727000.0,516452000.0,97098000.0,199275000.0,214275000.0,33222000.0,160835000.0,68659778.6875,213395778.6875,158.147980861244,0.4872563041023711,0.22922377303698918,0.3243283015652955,-0.02024058655760337,158.147980861244,-0.027371372363743388,0.9213975158353127,-1.2142716943884408,0.13294513079143852,0.0,2.2408042863162962,0.0,0.10197652474864073,0.2528766779575963,-0.019345117944184354,10.448908642139704,0.0009796422292899607,-1.3501506925328317,-1.6779980021035001,-0.410106439146767,0.0,-0.9945826831563657,-1.3548946438527707,-2.7514746064006097,-1.3499431069275345,-0.729114679228019,0.0,Software—Application,Technology,RTC
2008Q4,2008,Q4,2008-12-31,2008-12-31,-6002816.32,106238063.04,-4341226.24,-1.83818,13475305.600000009,0.12684065592316363,739904000.0,530599000.0,104105000.0,204305000.0,209305000.0,30589000.0,174970000.0,64969073.81249999,218910073.8125,162.4800765550239,0.509556790093243,0.22944057607473403,0.3199478325439739,-0.006780362176059988,162.4800765550239,-0.011313282384625678,0.611542341354984,-2.705774687626124,0.1224447724411467,0.0,3.0325527947955147,0.0,0.14358357711270653,0.26627835833680036,-0.00811296643888937,13.881343916418254,0.12684065592316363,-1.839065779419431,-1.1681237776036317,-0.5091297358061432,1.8883259894658457,-0.07329364570068789,-1.8447257464907867,-1.7022353686686873,-1.1681237776036317,-0.5091297358061432,1.8883259894658457,Software—Application,Technology,RTC
2008Q3,2008,Q3,2008-09-30,2008-09-30,7106231.04,119731093.12,6182010.24,2.190746,14541073.920000002,0.12144776716793414,741875459.2,536397214.08,171822915.84,205478245.12,205478245.12,56480160.0,180544821.76,1062473575.6249999,1225369203.1449997,164.25560622545453,0.8362097687745719,0.22412217967055784,0.3099768988270731,0.008095950112624706,164.25560622545453,0.013248075965846002,8.873831750288456,37.37823783256138,1.9807589371009287,0.0,1.8624242424242425,0.0,0.16138974761223643,0.32744719131072164,0.009578738522585705,-27.68022872229904,0.12144776716793414,-0.2599956087756929,-0.6513263283347996,-0.030376360641067243,0.0,-0.3276951891176169,-0.25317481082448423,-0.5154345476897864,-0.6513263283347996,-0.030376360641067243,0.0,Software—Application,Technology,RTC
2008Q2,2008,Q2,2008-06-30,2008-06-30,9515253.56,122930494.84,12757843.57,2.96045,21628692.35000001,0.1759424492527326,752493398.79,530002365.44,182126614.79,222491033.35,222491033.35,48899354.21,174400612.8,1023686963.75,1195791027.6,162.2973750629665,0.8185795717146819,0.23812256871373,0.3380846440397351,0.016459618443845535,162.2973750629665,0.017953228476821192,8.327363890321749,26.895945475729395,1.9314762169035804,0.0,2.0716388616290478,0.0,0.1633642169322292,0.3155137883222924,0.012644966155584102,3069.256291320955,0.1759424492527326,0.21306004840848983,-0.5436245824003808,-0.02685417638099243,0.0,0.021167979248234697,0.2233836936214374,0.2450905151108996,-0.5436245824003808,-0.02685417638099243,0.0,Software—Application,Technology,RTC
2008Q1,2008,Q1,2008-03-31,2008-03-31,7777816.24,101904120.8,10246518.96,2.440481,21180347.200000003,0.20784583620096356,758677231.36,521183821.68,184128753.44,237493409.68,237493409.68,49696668.96,194122791.44,1018048300.5,1192337309.86,159.59695974889954,0.7753004754451761,0.2447770300251442,0.3563171988750286,0.01287945422534203,159.59695974889954,0.014923364687201433,9.990256453888174,32.72281926848403,1.9533382621478763,0.0,1.6243296641264464,0.0,0.13431814820292856,0.28993296518323836,0.01025181186215057,323.2927088529959,0.20784583620096356,58.5239268292683,-0.6269564324102889,-0.19330374700632058,0.0,0.23783318466214795,57.51540575953257,0.8182551951446565,-0.6269564324102889,-0.19330374700632058,0.0,Software—Application,Technology,RTC
2007Q4,2007,Q4,2007-12-31,2007-12-31,132919.12,110852201.64,5635358.0,0.041,17110825.159999996,0.15435710709263634,740033824.32,513269530.96,212146828.28,226771598.44,226764293.36,41726616.96,186418336.52,949933437.0625,1107277555.1825,157.17344488727272,0.9355088103598235,0.2544420753375977,0.36685548376078114,0.04642221822107409,157.17344488727272,0.00025896553756345734,8.569369151074445,1786.6756811632895,1.8507497128960302,0.0,2.2465606682147854,0.0,0.14979342564761755,0.4016364397770834,0.00017961222261987322,5.908350444492167,0.15435710709263634,-0.9894815696576635,-0.9962772699714806,-0.48781022593559625,1.7939926872698828,-0.26954855240128084,-0.9896425196241735,-0.6362931702584549,-0.9962772699714806,-0.48781022593559625,1.7939926872698828,Software—Application,Technology,RTC
2007Q3,2007,Q3,2007-09-30,2007-09-30,12833152.0,106900456.0,15494232.0,3.89792,23425000.0,0.21912909333146344,742051528.0,511811888.0,263604336.0,230239640.0,230239640.0,51130216.0,178667160.0,881248500.0,996874300.0,156.72708532057416,1.1449129090021162,0.24694675381087552,0.3580362635109406,0.020054567039802355,156.72708532057416,0.02507396233047248,8.243636491129655,17.167421144859812,1.7218210843902868,0.0,1.63260518985486,0.0,0.14406069115998102,0.5169461175321504,0.01729415211176548,-53.415720668855066,0.21912909333146344,-0.3591898467810876,-0.3703297568442682,-0.13428328018384128,0.0,-0.2757832523926436,-0.35481828845519997,-0.337954422600344,-0.3703297568442682,-0.13428328018384128,0.0,Software—Application,Technology,RTC
2007Q2,2007,Q2,2007-06-30,2007-06-30,19890756.0,119755125.0,23403573.0,6.0828,32345289.0,0.2700952380952381,707764194.0,498135699.0,270958326.0,209628495.0,209628495.0,36884578.5,168181816.5,623734138.5801797,664435674.0801797,152.53916141626794,1.2925643815741747,0.23864466503373297,0.33907256464267177,0.03223893298320107,152.53916141626794,0.03993039655646122,5.208412905753968,7.839497636240922,1.2521369976741612,0.0,2.3698206555349413,0.0,0.16920201108676033,0.8888647080159594,0.028103648317648576,-10.743438507031218,0.2700952380952381,0.5150881136271251,-0.04598947168023437,-0.05199112797517303,0.0,0.373563981308316,0.5004402029187907,0.34721635063723966,-0.04598947168023437,-0.05199112797517303,0.0,Software—Application,Technology,RTC
2007Q1,2007,Q1,2007-03-31,2007-03-31,13256613.6,99235442.4,17371800.0,4.014816,23548440.0,0.23729868513187583,685421740.8,478164585.6,291637778.4,207257155.2,207257155.2,24899580.0,150663691.2,1027691510.0735251,1020333587.6735251,146.42360515980863,1.407130084935181,0.24662070829954041,0.35351676031776785,0.024129076647550783,146.42360515980863,0.027723955305819285,10.356093399887186,19.380732159107456,2.1492422086925984,0.0,3.0396899224806204,0.0,0.14478012075335678,1.214051557144986,0.01934081283229702,-142.5127071399893,0.23729868513187583,-0.1938120481927712,-0.3641795744582564,-0.21442961364276739,0.0,0.0,-0.18411717061460245,1.0684941903248506,-0.3641795744582564,-0.21442961364276739,0.0,Software—Application,Technology,RTC
2022Q4,2022,Q4,2022-12-31,2022-12-31,,,,,,,146774633.0,88019816.0,111658006.0,56763591.0,57240365.0,4337981.0,-12999690.0,0.0,-659988.0,0.0,1.9670708641389514,0.016661032972911608,0.027782573415059172,,0.0,,0.0,0.0,0.0,0.0,,,,0.653127037012158,,0.0,0.0,0.0,1.0,-1.0,-1.0,0.0,0.0,0.0,-1.0,-1.0,-1.0,Software—Application,Technology,RTC
