Quarters,Year,Quarter,FillingDate,Date,NetIncome,Revenue,OperatingIncome,EPSDiluted,GrossProfit,GrossProfitRatio,TotalAssets,CommonStockEquity,CurrentAssets,CurrentLiability,TotalLiability,Inventory,RetainedEarnings,MarketCap,EnterpriseValue,bookValuePerShare,currentRatio,debtToAssets,debtToEquity,roic,shareholdersEquityPerShare,roe,priceToSalesRatio,peRatio,pbRatio,payoutRatio,inventoryTurnover,dividendYield,assetTurnover,quickRatio,returnOnAssets,priceToFreeCashFlowsRatio,grossProfitMargin,epsdilutedGrowth,fiveYNetIncomeGrowthPerShare,fiveYRevenueGrowthPerShare,fiveYShareholdersEquityGrowthPerShare,grossProfitGrowth,netIncomeGrowth,operatingIncomeGrowth,threeYNetIncomeGrowthPerShare,threeYRevenueGrowthPerShare,threeYShareholdersEquityGrowthPerShare,Industry,Sector,Symbol
2023Q1,2023,Q1,2023-03-31,2023-03-31,-3338000.0,10109000.0,-779000.0,-0.17,2478000.0,0.2451281037,68587000.0,42735000.0,18948000.0,15657000.0,25852000.0,3660000.0,12424000.0,39134699.99999999,45025699.99999999,2.194915254237288,1.210193523663537,0.14929942992112208,0.23961623961623962,-0.013250021912226628,2.194915254237288,-0.0781092781092781,3.871273122959738,-2.930999101258238,0.9157528957528956,0.0,2.0849726775956285,0.0,0.14738944697974835,0.6323689084754422,-0.04866811494889702,-57.04766763848395,0.24512810366999704,-1.2788203753351208,0.35041807366819117,-0.52956931790762,-0.21616416004240874,-0.23636363636363636,-1.1703511053315996,-15.69811320754717,-4.609300834531185,-0.44063114523831826,0.3237375502358901,Leisure,Consumer Cyclical,FGH
2022Q4,2022,Q4,2023-03-16,2022-12-31,-1538000.0,11794000.0,53000.0,-0.0746,3245000.0,0.2751399016,71753000.0,46698000.0,18216000.0,14288000.0,25055000.0,3389000.0,16437000.0,54009429.32,58990429.32,2.265322213924848,1.2749160134378499,0.1222248547099076,0.18780247548074863,0.0010630224118624088,2.265322213924848,-0.03293502933744486,4.579398789214855,-8.779166014304291,1.156568360957643,0.0,2.5225730303924463,0.0,0.16436943403063287,0.6968085106382979,-0.021434643847644,-59.285871920965974,0.2751399016449042,-0.034674063800277426,-0.06262151018002833,-0.4855742462606075,-0.27240712305065967,0.1843065693430657,-0.09778729478943611,1.188612099644128,-0.49416662044542287,-0.500319489590791,0.3181850838350665,Leisure,Consumer Cyclical,FGH
2022Q3,2022,Q3,2022-11-08,2022-09-30,-1401000.0,10274000.0,-281000.0,-0.0721,2740000.0,0.2666926222,69364000.0,44590000.0,17668000.0,13769000.0,24774000.0,3666000.0,14992000.0,40234590.0,44462590.0,2.2940783042650614,1.2831723436705642,0.12137419987313304,0.18880915003363982,-0.006368718760306999,2.2940783042650614,-0.03141960080735591,3.916156316916488,-7.179619914346895,0.902323166629289,0.0,2.055100927441353,0.0,0.1481171789400842,0.6602512891277508,-0.0201977971281933,215.15823529411765,0.2666926221530076,0.6995833333333333,0.0053511656902659015,-0.6132740510601722,-0.26652231977047103,0.1322314049586777,0.6979301423027167,0.6824858757062147,0.3993414621597983,-0.532480425729507,0.3168104913147938,Leisure,Consumer Cyclical,FGH
2022Q2,2022,Q2,2022-08-03,2022-06-30,-4638000.0,9143000.0,-885000.0,-0.24,2420000.0,0.2646833643,74097000.0,48125000.0,19022000.0,14150000.0,25972000.0,3834000.0,17191000.0,46447930.0,50806930.0,2.497016551652571,1.3443109540636042,0.11835836808507767,0.18223376623376622,-0.01450041189474444,2.497016551652571,-0.09637402597402597,5.080162966203653,-2.503661599827512,0.9651517922077922,0.0,1.7535211267605635,0.0,0.12339231008003024,0.7146289752650177,-0.0625936272723592,-33.633548153511946,0.26468336432243245,-267.6666666666667,-0.7189110031676769,-0.6550336471753391,-0.21411396899962723,-0.0362405416168857,-258.6666666666667,-0.1598951507208388,-0.020463843144165203,-0.5181253084632342,0.3270665114275581,Leisure,Consumer Cyclical,FGH
2022Q1,2022,Q1,2022-05-11,2022-03-31,18000.0,10026000.0,-763000.0,0.0009,2511000.0,0.250448833,81214000.0,54298000.0,21345000.0,14461000.0,26916000.0,2862000.0,22789000.0,58489200.0,59442200.0,2.859294365455503,1.4760390014521818,0.11187726254094121,0.16733581347379278,-0.0005854128119388408,2.859294365455503,0.00033150392279641976,5.83375224416517,812.35,1.0771888467346864,0.0,2.6257861635220126,0.0,0.12345162164158889,0.9134914597883964,0.00022163666362942349,-20.58753959873284,0.2504488330341113,-0.9648437499999999,-0.965063619775402,-0.5798922690597945,-0.10788164514606607,0.1744621141253508,-0.960352422907489,-11.716666666666667,1.0032685079655113,-0.4718775627234919,0.3619188132813316,Leisure,Consumer Cyclical,FGH
2021Q4,2021,Q4,2022-03-24,2021-12-31,454000.0,10049000.0,-60000.0,0.0256,2138000.0,0.2127574883,75809000.0,52277000.0,21775000.0,14129000.0,23532000.0,3271000.0,23591000.0,51249332.370000005,49807332.370000005,2.947951183232165,1.5411564866586454,0.0961495336965268,0.13943034221550588,-0.0004729247622190199,2.947951183232165,0.00868450752721082,5.099943513782466,28.22099800110132,0.9803418782638637,0.0,2.4185264445123815,0.0,0.1325568204302919,0.9457144879326208,0.0059887348467860015,51.92434890577508,0.21275748830729427,-0.9326315789473684,-0.3599623939842555,-0.6248303305249988,-0.13204787198738924,-0.12663398692810457,-0.9359300028224669,0.4915254237288136,1.6434360357821998,-0.5586223580520787,0.3504389574132764,Leisure,Consumer Cyclical,FGH
2021Q3,2021,Q3,2021-11-10,2021-09-30,7086000.0,6116000.0,-118000.0,0.38,2448000.0,0.4002616088947024,73877000.0,52093000.0,23621000.0,12929000.0,21784000.0,2986000.0,24123000.0,56601590.0,53401590.0,2.825459673482671,1.8269781112228325,0.09708028209050178,0.1376768471771639,-0.0013681726150203057,2.825459673482671,0.136025953583015,9.254674623937214,1.9969513830087495,1.086548864530743,0.0,1.2283991962491627,0.0,0.08278625282564263,1.1461056539562224,0.09591618501021969,20.157261396011396,0.4002616088947024,20.0,12.651918032540948,-0.7467999335560674,-0.12390706168223485,-0.006493506493506494,17.55607476635514,-8.375,5.530189599777927,-0.7098294895674551,0.2557210765143007,Leisure,Consumer Cyclical,FGH
2021Q2,2021,Q2,2021-08-10,2021-06-30,-428000.0,6094000.0,16000.0,-0.02,2464000.0,0.4043321299638989,63018000.0,44862000.0,29756000.0,11554000.0,18156000.0,2834000.0,17037000.0,87762380.0,77540380.0,2.448531819670342,2.5753851480006924,0.12115586023041036,0.17018857830680753,0.0003009605474040126,2.448531819670342,-0.009540368240381614,14.401440761404661,-51.26307242990654,1.9562743524586508,0.0,1.2808750882145377,0.0,0.09670252943603415,1.9311061104379437,-0.0067917103049922245,-37.473262169086254,0.4043321299638989,-1.0285714285714287,-1.3985764592923733,-0.7700494432598274,-0.2522671403683862,1.1241379310344828,-1.036237405808145,1.0091064314171885,0.950326937858335,-0.6630309639803649,0.058593518472934834,Leisure,Consumer Cyclical,FGH
2021Q1,2021,Q1,2021-03-31,2021-03-31,11811000.0,4772000.0,-1757000.0,0.7,1160000.0,0.24308466051969824,65264000.0,45092000.0,31141000.0,12451000.0,20172000.0,2340000.0,17465000.0,43939350.0,31439350.0,2.6784674784674785,2.501084250261023,0.15041983329247366,0.21771045861793667,-0.02996355116191104,2.6784674784674785,0.26193116295573493,9.20774308466052,0.9300514351028701,0.9744378160205801,0.0,1.5435897435897437,0.0,0.07311841137533709,2.1590233716167377,0.1809726648688404,-46.69431455897981,0.24308466051969824,6.833333333333333,17.255231589978735,-0.8039950848908979,-0.16652556587705467,1.3372093023255813,7.496699669966997,0.4443390259329538,3.6581966157659687,-0.7431729824451583,-0.043480698523280285,Leisure,Consumer Cyclical,FGH
2020Q4,2020,Q4,2020-12-31,2020-12-31,-1818000.0,-6988000.0,-3162000.0,-0.12,-3440000.0,-0.4922724670864339,55499000.0,27066000.0,17809000.0,16137000.0,28433000.0,2264000.0,5654000.0,30434750.669999998,35840750.67,1.7875178472753364,1.103612815269257,0.17731851024342782,0.36359269932756966,-0.07869939794766459,1.7875178472753364,-0.06716914209709599,-4.355287731825987,-4.185196736798679,1.1244642972733316,0.0,-1.5671378091872792,0.0,-0.12591217859781256,0.6192600855177542,-0.032757346979224854,-17.85029364809384,0.4922724670864339,-1.3157894736842106,-0.43876262643817715,-1.2411476956545375,-0.43071861513804893,-2.0594394825993225,-1.3219978746014878,-7.710743801652892,-0.7100576534735901,-1.4149627200162815,-0.4258718494425621,Leisure,Consumer Cyclical,FGH
2020Q3,2020,Q3,2020-09-30,2020-09-30,5646000.0,9907000.0,-363000.0,0.38,3247000.0,0.3277480569294438,58388000.0,27680000.0,18044000.0,17700000.0,30708000.0,2816000.0,7472000.0,23070840.0,32469840.0,1.8716613699371154,1.0194350282485876,0.28130780297321367,0.5933887283236994,-0.004927679266631688,1.8716613699371154,0.20397398843930636,2.328741294034521,1.021556854410202,0.8334841040462428,0.0,2.3650568181818183,0.0,0.16967527574159075,0.7424293785310735,0.09669795163389737,3.814623015873016,0.3277480569294438,2.52,2.689282600235503,-0.5964478187453955,-0.4300595166231822,1.2194121667805877,2.5144849785407724,0.8277171333649739,6.268208348708184,-0.5098868656900408,-0.4015802175346846,Leisure,Consumer Cyclical,FGH
2020Q2,2020,Q2,2020-06-30,2020-06-30,-3728000.0,6446000.0,-2107000.0,-0.25,1463000.0,0.22696245733788395,53443000.0,21424000.0,20590000.0,18316000.0,32019000.0,3010000.0,1826000.0,24075200.0,35662200.0,1.459400544959128,1.1241537453592487,0.33787399659450257,0.8428398058252428,-0.044058587161269536,1.459400544959128,-0.1740104555638536,3.7349053676698727,-1.6144849785407727,1.123749066467513,0.0,1.6554817275747509,0.0,0.12061448646221208,0.7635400742520201,-0.06975656306719308,-83.59444444444445,0.22696245733788395,-7.333333333333334,-0.22851710068301903,-0.6856186866576195,-0.6003142860811883,-0.6560075241006349,-7.340044742729306,-0.09682457053617907,-0.813935401786638,-0.6806980400502823,-0.5406828596475838,Leisure,Consumer Cyclical,FGH
2020Q1,2020,Q1,2020-03-31,2020-03-31,-447000.0,13575000.0,-1921000.0,-0.03,4253000.0,0.3132965009208103,57215000.0,24250000.0,22847000.0,18955000.0,32965000.0,2794000.0,5554000.0,25008750.0,36223750.0,1.6581196581196582,1.205328409390662,0.3104255876955344,0.7324123711340206,-0.04665042069325782,1.6581196581196582,-0.01843298969072165,1.8422651933701657,-13.986996644295303,1.0312886597938145,0.0,3.336435218324982,0.0,0.2372629555186577,0.9000263782643102,-0.00781263654636022,11.026785714285714,0.3132965009208103,0.4000000000000001,0.9576270396270397,-0.4179199616582794,-0.5696103283923573,-0.3728988498967856,0.40160642570281124,-3.303357314148681,-2.1265280593652687,-0.26141258793272626,-0.4826559309793117,Leisure,Consumer Cyclical,FGH
2019Q4,2019,Q4,2019-12-31,2019-12-31,-747000.0,17129000.0,834000.0,-0.05,6782000.0,0.3959367155117053,57633000.0,25709000.0,23023000.0,17305000.0,31924000.0,2879000.0,6001000.0,48470400.0,61970400.0,1.7185160427807487,1.3304247327362033,0.3201464438776395,0.7176864133182932,0.0005991758099649973,1.7185160427807487,-0.02905597261659341,2.8297273629517194,-16.221686746987952,1.8853475436617528,0.0,3.5939562348037515,0.0,0.2972081966928669,1.0424154868535105,-0.012961324241320077,46.921974830590514,0.3959367155117053,0.5833333333333333,-3.210562758551105,-0.4319052022469919,-0.6304227055350068,0.16669533803543782,0.5822147651006712,11.636363636363637,-2.248328877005348,-0.24195382675118546,-0.494024980861465,Leisure,Consumer Cyclical,FGH
2019Q3,2019,Q3,2019-09-30,2019-09-30,-1788000.0,16846000.0,66000.0,-0.12,5813000.0,0.3450670782381574,60780000.0,25958000.0,23457000.0,19140000.0,34822000.0,3395000.0,6748000.0,46339000.0,60272000.0,1.7421476510067113,1.2255485893416929,0.301431391905232,0.7057939748825025,0.0027524763232711002,1.7421476510067113,-0.06888049926804839,2.750742015908821,-6.479166666666667,1.7851529393635874,0.0,3.249779086892489,0.0,0.2771635406383679,0.9272204806687565,-0.029417571569595263,22.39681005316578,0.3450670782381574,0.5,-14.507522935779816,-0.2973134344269479,-0.624519679722129,0.7974644403215831,0.47688706846108836,1.0284115368058544,-2.638042553191489,-0.13702717063833875,-0.4598106393525127,Leisure,Consumer Cyclical,FGH
2019Q2,2019,Q2,2019-06-30,2019-06-30,-3418000.0,14269000.0,-2323000.0,-0.24,3234000.0,0.22664517485457986,61112000.0,27272000.0,22420000.0,18201000.0,33840000.0,3459000.0,8536000.0,44786460.0,60224460.0,1.8816061818683594,1.2318004505246964,0.29956473360387487,0.6712745673217952,-0.04726428381808709,1.8816061818683594,-0.12533000880023468,3.1387245076739787,-3.275779695728496,1.6422139923731298,0.0,3.190228389708008,0.0,0.23348933106427544,0.9308279764848085,-0.05593009556224637,-26.532263033175354,0.22664517485457986,0.17241379310344826,-9.70250229346418,-0.3716013406004119,-0.5996582591769449,0.2226843100189036,0.1763855421686747,0.09821428571428571,-5.023690392398163,-0.31937142962082343,-0.4253949408513817,Leisure,Consumer Cyclical,FGH
2019Q1,2019,Q1,2019-03-31,2019-03-31,-4150000.0,14306000.0,-2576000.0,-0.29,2645000.0,0.18488745980707397,61557000.0,30044000.0,23959000.0,15401000.0,31513000.0,3615000.0,11954000.0,28191379.65,41756379.65,2.099460215669154,1.5556782027141094,0.3014116997254577,0.6175609106643589,-0.04533229806675219,2.099460215669154,-0.13813074157901745,1.9705983258772541,-1.6982758825301203,0.9383364282385833,0.0,3.2257261410788383,0.0,0.23240248875026398,1.1764171157717032,-0.06741719057134038,-16.760629994054696,0.18488745980707397,-6.249999999999999,-5.847710355207903,-0.36325592231607035,-0.5467595969682075,-0.41339543135950324,-6.345132743362832,-52.52,-5.719200571574325,-0.30872991271728834,-0.34669865164101843,Leisure,Consumer Cyclical,FGH
2018Q4,2018,Q4,2018-12-31,2018-12-31,-565000.0,18231000.0,50000.0,-0.04,4509000.0,0.24732598321540233,59637000.0,30998000.0,26323000.0,14222000.0,28639000.0,3490000.0,13319000.0,16329999.999999998,24518000.0,2.1829577464788734,1.8508648572633948,0.24961014135519896,0.48022453061487835,-0.0008303799915772974,2.1829577464788734,-0.018226982385960384,0.8957270583072787,-7.225663716814158,0.5268081811729788,0.0,3.931805157593123,0.0,0.30569948186528495,1.463929123892561,-0.009473984271509297,20.23543990086741,0.24732598321540233,0.5,0.6766819303290742,-0.4507320137038447,-0.53983003686014,0.2773371104815864,0.5372645372645373,1.0279017857142858,0.5232078863714833,-0.3291490216640796,-0.30478053077631856,Leisure,Consumer Cyclical,FGH
2018Q3,2018,Q3,2018-09-30,2018-09-30,-1221000.0,16453000.0,-1792000.0,-0.08,3530000.0,0.21455053789582448,59831000.0,32383000.0,26657000.0,13725000.0,27448000.0,3943000.0,13884000.0,56992320.0,64644320.0,2.2500694830461367,1.9422222222222223,0.22247664254316324,0.41104900719513326,-0.055050911376448075,2.2500694830461367,-0.037704968656393785,3.4639470005470128,-11.669189189189188,1.7599456504956303,0.0,3.2774537154450925,0.0,0.2749912252845515,1.4944990892531875,-0.020407481071685246,-11.48112812248187,0.21455053789582448,0.8297872340425532,-26.83710304033642,-0.15061508065487347,-0.5407412633788398,1.7321981424148607,0.8192450037009622,0.6754211193624343,0.6245995770846346,-0.3113155256568571,-0.3148302842613948,Leisure,Consumer Cyclical,FGH
2018Q2,2018,Q2,2018-06-30,2018-06-30,-6755000.0,14178000.0,-5521000.0,-0.47,1292000.0,0.09112709832134293,59214000.0,33224000.0,23451000.0,13819000.0,25990000.0,3651000.0,15107000.0,69665400.0,73939400.0,2.313004734057366,1.6970113611694044,0.18781031512817914,0.33472790753672044,-0.13937724603524002,2.313004734057366,-0.20331687936431495,4.9136267456622935,-2.5782901554404143,2.096839633999518,0.0,3.529443987948507,0.0,0.23943661971830985,1.3173891019610682,-0.11407775188300064,-22.436521739130434,0.09112709832134293,-0.8076923076923075,-6.154588758069366,-0.43366459121089596,-0.523376508809573,-0.5466666666666666,-0.7846763540290621,-0.790207522697795,-1.274999549232794,-0.29330494262833473,-0.3665378900792447,Leisure,Consumer Cyclical,FGH
2018Q1,2018,Q1,2018-03-31,2018-03-31,-3785000.0,15828000.0,-3084000.0,-0.26,2850000.0,0.1800606520090978,57031000.0,40158000.0,20354000.0,10702000.0,16873000.0,4193000.0,21861000.0,63817450.0,62889450.0,2.8002231364618924,1.9018874976639881,0.04243306272027494,0.060261965237312615,-0.08886250904932694,2.8002231364618924,-0.09425270182778027,4.031933914581754,-4.215155217965655,1.5891590716669157,0.0,3.0951585976627713,0.0,0.27753327137872386,1.3632031396000748,-0.06636741421332258,-32.77732408834104,0.1800606520090978,-2.714285714285714,-7.530013890491586,-0.44142266095789834,-0.4176685625617258,-0.2694180979236093,-2.8040201005025125,-0.594622543950362,0.6340989914485486,-0.30787370632660954,-0.273160347488634,Leisure,Consumer Cyclical,FGH
2017Q4,2017,Q4,2017-12-31,2017-12-31,-995000.0,15761000.0,-1934000.0,-0.07,3901000.0,0.24750967578199354,59014000.0,44122000.0,22242000.0,8680000.0,14892000.0,4821000.0,25570000.0,65897144.85,63462144.85,3.113447486488483,2.5624423963133642,0.04126139560104382,0.05518788812837133,-0.0807056346852794,3.113447486488483,-0.022551108290648655,4.181025623374151,-16.55707157035176,1.493521255836091,0.0,2.4600705247873886,0.0,0.26707222015115056,1.8584101382488478,-0.016860406005354663,106.11456497584541,0.24750967578199354,0.0,-1.6291597656607495,-0.6023483449458626,-0.3495892998143567,-0.2665914645610077,0.040501446480231434,-4.529197080291971,-4.108302490194494,-0.4481887882972406,-0.330434241013338,Leisure,Consumer Cyclical,FGH
2017Q3,2017,Q3,2017-09-30,2017-09-30,-1037000.0,19559000.0,548000.0,-0.07,5319000.0,0.2719464185285546,64398000.0,44757000.0,28628000.0,13623000.0,19641000.0,6980000.0,26564000.0,87291000.0,85690000.0,3.127672955974843,2.1014460838288187,0.03801360290692257,0.054695354916549366,-0.021134223612774616,3.127672955974843,-0.023169560068816052,4.4629582289483105,-21.044117647058822,1.9503317916750451,0.0,2.0401146131805157,0.0,0.30372061244138016,1.4640681200910226,-0.016102984564738035,205.3905882352941,0.2719464185285546,0.5,-2.774493100535061,-0.5140282490220014,-0.33321339107697623,0.008532423208191127,0.4749367088607595,1.6578631452581032,-8.364838856512735,-0.15051026474196127,-0.3259011986984877,Leisure,Consumer Cyclical,FGH
2017Q2,2017,Q2,2017-06-30,2017-06-30,-1975000.0,19400000.0,-833000.0,-0.14,5274000.0,0.2718556701030928,67960000.0,44823000.0,32244000.0,16817000.0,23137000.0,6964000.0,27598000.0,94517858.10000001,96179858.10000001,3.177326550103022,1.917345543200333,0.06565626839317246,0.09954710751176851,-0.03054968040903758,3.177326550103022,-0.04406220020971376,4.872054541237114,-11.96428583544304,2.108691031390135,0.0,2.028431935669156,0.0,0.28546203649205415,1.2358922518879705,-0.029061212477928193,-24.50553749027742,0.2718556701030928,-5.666666666666667,-2.0846699834696887,-0.588720836960687,-0.3181331872059682,0.18810542915070963,-6.103359173126615,-0.39297658862876256,-6.166404147157048,-0.1222059552161448,-0.3239730744461655,Leisure,Consumer Cyclical,FGH
2017Q1,2017,Q1,2017-03-31,2017-03-31,387000.0,17926000.0,-598000.0,0.03,4439000.0,0.24762914202833872,66084000.0,45717000.0,31179000.0,15988000.0,20367000.0,7024000.0,29574000.0,85584000.0,81055000.0,3.205061693774537,1.9501501125844383,0.0,0.0,-0.046867924396919725,3.205061693774537,0.008465122383358488,4.774294321097846,55.286821705426355,1.8720388476934182,0.0,1.920130979498861,0.0,0.2712608195629804,1.3787215411558669,0.005856183039767569,-148.32582322357018,0.24762914202833872,-0.25000000000000006,-0.8421465236886263,-0.5935376023128339,-0.2818171849932623,-0.24391074774314428,-0.2833333333333333,-1.4571865443425076,1.6406443855266064,-0.19954142839689326,-0.3080776463462882,Leisure,Consumer Cyclical,FGH
2016Q4,2016,Q4,2016-12-31,2016-12-31,540000.0,20391000.0,1308000.0,0.04,5871000.0,0.287921141680153,62900000.0,45852000.0,33542000.0,13648000.0,17048000.0,6563000.0,29885000.0,108000000.0,100404000.0,3.3964444444444446,2.457649472450176,0.0,0.0,0.01684394457847372,3.3964444444444446,0.011777021722062287,5.296454318081507,50.0,2.3554043444124573,0.0,2.212402864543654,0.0,0.324181240063593,1.835067409144197,0.008585055643879173,-27.183488547696953,0.287921141680153,2.3333333333333335,-0.6473808049535603,-0.5826615647028635,-0.23516474138279486,0.341329677861549,2.148936170212766,4.089494163424124,1.3250348027842227,-0.3538000848305933,-0.28402566777684146,Leisure,Consumer Cyclical,FGH
2016Q3,2016,Q3,2016-09-30,2016-09-30,-470000.0,18668000.0,257000.0,-0.03,4377000.0,0.2344653953289051,62974000.0,45954000.0,38418000.0,13430000.0,17020000.0,8103000.0,29345000.0,99743000.0,85909000.0,3.2250684258544458,2.860610573343261,0.0,0.0,-0.010684597641119379,3.2250684258544458,-0.010227618923271098,5.342993357617313,-53.05478723404256,2.170496583540062,0.0,1.7636677773664076,0.0,0.296439800552609,2.001042442293373,-0.007463397592657287,63.53057324840764,0.2344653953289051,-1.5,-1.1006595813870894,-0.7013248253127425,-0.2362458312912329,-0.28817693933973004,-1.5642256902761105,-0.869077941925624,-11.045296847681149,-0.026594032688937765,-0.3417355055322367,Leisure,Consumer Cyclical,FGH
2016Q2,2016,Q2,2016-06-30,2016-06-30,833000.0,20558000.0,1963000.0,0.06,6149000.0,0.2991049713007102,64129000.0,46542000.0,39913000.0,13410000.0,17587000.0,7770000.0,29815000.0,74333990.0,61546990.0,3.2746077534651374,2.9763609246830725,0.0,0.0,0.030734684301836398,3.2746077534651374,0.01789781272828843,3.615818172974025,22.309120648259306,1.5971378539813503,0.0,1.8544401544401545,0.0,0.32057259586146675,2.0774794929157343,0.012989443153643438,-24.04852474927208,0.2991049713007102,2.5,-0.6584100916962979,-0.44478467724163256,-0.1777727891313243,0.06549991335990296,2.358890701468189,0.5276264591439689,-0.35760328608246356,-0.170093347592618,-0.3252262060882206,Leisure,Consumer Cyclical,FGH
2016Q1,2016,Q1,2016-03-31,2016-03-31,-613000.0,20540000.0,1285000.0,-0.04,5771000.0,0.2809639727361246,66200000.0,45643000.0,45528000.0,15935000.0,20557000.0,11023000.0,28982000.0,65191770.0,44365770.0,3.2136168415123567,2.8571069971760275,0.0,0.0,-0.6137414280393488,3.2136168415123567,-0.013430317901978397,3.173893378773126,-26.58718189233279,1.4282972197270116,0.0,1.339834890683117,0.0,0.3102719033232628,2.0122372136805775,-0.009259818731117826,-37.683104046242775,0.2809639727361246,0.5,-1.4073588582838605,-0.35036989601176893,-0.16003275093057703,0.014413780980840217,0.4818258664412511,5.961389961389961,-2.067844572285925,-0.268091047716585,-0.331699645529586,Leisure,Consumer Cyclical,FGH
2015Q4,2015,Q4,2015-12-31,2015-12-31,-1183000.0,27130000.0,-259000.0,-0.08,5689000.0,0.2096940656100258,66864000.0,44512000.0,45946000.0,17767000.0,22352000.0,9693000.0,29595000.0,65351360.00000001,43281360.00000001,3.139954853273138,2.58603028085777,0.0,0.0,0.10589953271028038,3.139954853273138,-0.026577102803738317,2.4088227054920757,-13.810515638207947,1.4681739755571532,0.0,2.212008666047663,0.0,0.40574898301028955,1.8863060730567907,-0.017692629815745393,16.350102576932702,0.2096940656100258,0.6521739130434784,-1.5115437280149673,-0.39535678584554,-0.14164558964215093,0.4337197580645161,0.6304279912527335,0.7954186413902053,-1.7477949821294207,-0.3157280149314338,-0.34405181281150704,Leisure,Consumer Cyclical,FGH
2015Q3,2015,Q3,2015-09-30,2015-09-30,-3201000.0,23512000.0,-1266000.0,-0.23,3968000.0,0.1687648860156516,69631000.0,46514000.0,53716000.0,17723000.0,23117000.0,10737000.0,30778000.0,66570800.0,41821800.0,3.283959333521604,3.0308638492354567,0.0,0.0,-0.04180593843456786,3.283959333521604,-0.06881799028249559,2.8313542021095612,-5.199218994064355,1.4311992088403493,0.0,1.8202477414547826,0.0,0.33766569487728165,2.172882694803363,-0.045970903764128046,76.51816091954024,0.1687648860156516,-0.09523809523809533,-2.3828046309641326,-0.284185308635762,-0.058663195961310144,0.0794341675734494,-0.09660842754367935,0.4268899954730647,-10.771160172731372,-0.4097885004178546,-0.29989479761400084,Leisure,Consumer Cyclical,FGH
2015Q2,2015,Q2,2015-06-30,2015-06-30,-2919000.0,19723000.0,-2209000.0,-0.21,3676000.0,0.18638138214267605,74004000.0,51561000.0,54816000.0,17944000.0,22443000.0,12454000.0,33977000.0,66227490.00000001,41566490.00000001,3.651370299553856,3.0548372715113685,0.0,0.0,-0.06178712263221283,3.651370299553856,-0.056612556001629136,3.3578811539826603,-5.672104316546763,1.284449293070344,0.0,1.2885016862052352,0.0,0.2665126209394087,2.1258359340169415,-0.03944381384790011,93.54165254237289,0.18638138214267605,0.7083333333333334,-2.052338294325188,-0.3968141359331407,0.10376832153387305,-0.13729171555972777,0.7128099173553719,-0.8211046990931574,-2.6015416319212097,-0.5822835605311116,-0.21640152838339863,Leisure,Consumer Cyclical,FGH
2015Q1,2015,Q1,2015-03-31,2015-03-31,-10164000.0,22470000.0,-1213000.0,-0.72,4261000.0,0.1896306186025812,75522000.0,54287000.0,55521000.0,16244000.0,21235000.0,12082000.0,36897000.0,64818599.99999999,40936599.99999999,3.8526009509616066,3.41793893129771,0.0,0.0,-0.5368948615233431,3.8526009509616066,-0.187227144620259,2.8846728971962614,-1.5943181818181817,1.1939985631919243,0.0,1.507118026816752,0.0,0.29752919679033923,2.4087663137158337,-0.13458330023039644,32.98656488549618,0.1896306186025812,-37.0,-11.164145619921927,-0.11417965127818189,0.23494218439598671,-0.24450354609929079,-32.9622641509434,-4.10230179028133,-5.196694513857718,-0.48424960377325205,-0.13671808519830653,Leisure,Consumer Cyclical,FGH
2014Q4,2014,Q4,2014-12-31,2014-12-31,318000.0,28374000.0,391000.0,0.02,5640000.0,0.19877352505815182,90070000.0,65462000.0,64617000.0,19887000.0,24608000.0,14108000.0,47062000.0,58282919.99999999,35791919.99999999,4.649950277027987,3.249208025343189,0.0,0.0,0.0023742400171091627,4.649950277027987,0.004857780086156854,2.054096003383379,45.81990566037736,0.8903321010662674,0.0,1.6114261411964843,0.0,0.31502164982791164,2.2131040378136473,0.003530587320972577,-44.76414746543778,0.19877352505815182,3.0,5.139820148451592,0.5051256498430812,0.5393139453919714,0.39018979541533155,3.9174311926605503,1.4610849056603774,-0.8008720982654358,-0.4431179354608564,0.04710852212086507,Leisure,Consumer Cyclical,FGH
2014Q3,2014,Q3,2014-09-30,2014-09-30,-109000.0,22664000.0,-848000.0,-0.01,4057000.0,0.17900635368866927,89091000.0,65356000.0,66040000.0,18840000.0,23735000.0,16531000.0,46786000.0,62682700.0,38666700.0,4.639784182876615,3.505307855626327,0.0,0.0,-0.0032662467435415374,4.639784182876615,-0.0016677887263602423,2.765738616307801,-143.76766055045871,0.9590963339249649,0.0,1.1255822394289516,0.0,0.2543915771514519,2.3397027600849256,-0.0012234681393182253,-23.42402840059791,0.17900635368866927,-1.3333333333333335,-1.1995600495307388,0.36147242154568476,0.5362613327191647,-0.0447374617376972,-1.2860892388451444,-5.424242424242424,-1.0236145928649731,-0.6331955480751893,0.09878428723327436,Leisure,Consumer Cyclical,FGH
2014Q2,2014,Q2,2014-06-30,2014-06-30,381000.0,22027000.0,-132000.0,0.03,4247000.0,0.19280882553230128,88703000.0,66082000.0,65155000.0,17458000.0,22621000.0,14327000.0,46895000.0,58770799.99999999,31867799.999999993,4.7,3.732099896895406,0.0,0.0,0.008363235686863908,4.7,0.005765563996247087,2.6681254823625546,38.56351706036745,0.8893617021276595,0.0,1.2410134710686118,0.0,0.2483230555900026,2.6270477717951657,0.004295232404766468,51.59859525899912,0.19280882553230128,1.7500000000000002,-0.5939202884716477,0.1184994127376168,0.5905866538441868,0.007352941176470588,1.6414141414141414,0.8914473684210527,-0.842062433788265,-0.39863746408576695,0.1801315400274912,Leisure,Consumer Cyclical,FGH
2014Q1,2014,Q1,2014-03-31,2014-03-31,-594000.0,22021000.0,-1216000.0,-0.04,4216000.0,0.19145361246083284,88711000.0,64970000.0,66207000.0,18562000.0,23741000.0,15260000.0,46509000.0,65781940.00000001,40290940.00000001,4.63211179238557,3.566803146212693,0.0,0.0,-0.014942876861280888,4.63211179238557,-0.009142681237494229,2.9872367285772676,-27.686001683501683,1.012497152531938,0.0,1.166775884665793,0.0,0.24823302634397088,2.4483891822001937,-0.006695900170215644,-23.368362344582597,0.19145361246083284,0.6666666666666666,-2.093554826513421,0.28105247729135435,0.635308659667114,-0.14204314204314206,0.6554524361948956,0.3149295774647887,-1.3997140257743388,-0.29474042331284445,0.21072996300364344,Leisure,Consumer Cyclical,FGH
2013Q4,2013,Q4,2013-12-31,2013-12-31,-1724000.0,32745000.0,-1775000.0,-0.12,4914000.0,0.15006871278057718,95444000.0,66456000.0,72103000.0,23442000.0,28988000.0,15185000.0,47066000.0,64861670.0,36070670.0,4.743807552287815,3.0758041122771096,0.0,0.0,-0.032021563662731956,4.743807552287815,-0.025941976646201997,1.9808114215910826,-9.405694605568446,0.9760092391958589,0.0,1.8327955218966085,0.0,0.3430807593981811,2.177501919631431,-0.018062947906625874,26.681065405183052,0.15006871278057718,-37.6188587122368,0.13426428676725813,1.2295262985588398,0.6960847168695461,0.4721390053924506,-38.47826086956522,-52.78787878787879,-1.7543655556953854,-0.2615162327319964,0.2967919364033339,Leisure,Consumer Cyclical,FGH
2013Q3,2013,Q3,2013-09-30,2013-09-30,46000.0,18855000.0,-33000.0,0.003277,3338000.0,0.17703526915937418,90684000.0,68635000.0,74177000.0,16331000.0,22049000.0,13885000.0,48832000.0,59678340.0,33345340.0,4.899350417588693,4.542097850713367,0.0,0.0,-0.0002513294966125155,4.899350417588693,0.000670211990966708,3.165120127287192,324.33880434782606,0.8695030232388723,0.0,1.1175369103348938,0.0,0.20791980944819372,2.371991917212663,0.0005072559657712496,852.5477142857143,0.17703526915937418,-0.9635888888888888,1.134305632939229,0.5234989489049411,0.6450782943272448,-0.28675213675213673,-0.9639780736100235,-1.0242647058823529,-0.979908527575137,-0.4196147668487472,0.40438367091862776,Leisure,Consumer Cyclical,FGH
2013Q2,2013,Q2,2013-06-30,2013-06-30,1277000.0,24395000.0,1360000.0,0.09,4680000.0,0.19184259069481452,91126000.0,67926000.0,76353000.0,17788000.0,23200000.0,13258000.0,48786000.0,59347280.0,14226280.0,4.852897049367722,4.292388126827074,0.0,0.0,0.016019939729487426,4.852897049367722,0.01879987044725142,2.4327640910022548,11.618496476115897,0.873704914171304,0.0,1.487026700859858,0.0,0.2677062528806268,3.2887339779626714,0.014013563637161733,16.40333886124931,0.19184259069481452,1.2499999999999998,11.553863207420365,0.77452651191431,0.6128686709540075,0.19570771589167094,1.2601769911504426,1.477231329690346,-0.5355460430315878,-0.24732153032083595,0.46697639278376624,Leisure,Consumer Cyclical,FGH
2013Q1,2013,Q1,2013-03-31,2013-03-31,565000.0,27621000.0,549000.0,0.04,3914000.0,0.14170377611237825,97088000.0,67220000.0,81810000.0,24373000.0,29868000.0,13656000.0,47509000.0,60109700.0,18246700.0,4.8086415337291655,3.356583104254708,0.0,0.0,0.006536083369225232,4.8086415337291655,0.008405236536745016,2.1762318525759388,26.59721238938053,0.8942234454031537,0.0,1.7360134739308728,0.0,0.2844944792353329,2.5435522914700694,0.005819462755438366,32.38669181034483,0.14170377611237825,-0.6363636363636365,3.2014464686903756,0.9287493601574411,0.602074220371763,-0.36625647668393785,-0.6378205128205128,-0.7477022058823529,-0.4304650501879293,0.09760907213439791,0.541398747295264,Leisure,Consumer Cyclical,FGH
2012Q4,2012,Q4,2012-12-31,2012-12-31,1560000.0,39097000.0,2176000.0,0.11,6176000.0,0.1579660843542983,99546000.0,66916000.0,84107000.0,27210000.0,32630000.0,10971000.0,46903000.0,46130700.0,5962700.0,4.786894627655769,3.0910327085630285,0.0,0.0,0.023660762479669323,4.786894627655769,0.02331281009026242,1.1799038289382817,7.392740384615385,0.6893822105326081,0.0,3.000729195150852,0.0,0.3927530990697768,2.5161337743476664,0.015671147007413656,13.290319792566983,0.1579660843542983,6.5,6.601803790257146,1.9187892084808154,0.541270327757279,0.6597688793335125,6.82089552238806,216.6,29.33318291854816,1.0886250517220681,0.5846478384672166,Leisure,Consumer Cyclical,FGH
2012Q3,2012,Q3,2012-09-30,2012-09-30,-268000.0,39260000.0,10000.0,-0.02,3721000.0,0.09477840040753949,98874000.0,65477000.0,83760000.0,28909000.0,33397000.0,14254000.0,45375000.0,58488210.00000001,21725210.000000007,4.690665520452755,2.8973676017849113,0.0,0.0,0.00015272538448615544,4.690665520452755,-0.004093040304228966,1.4897659195109527,-54.55989738805971,0.8932634360157002,0.0,2.4932650484074648,0.0,0.397071019681615,2.1836106402850324,-0.002710520460383923,-28.475272638753655,0.09477840040753949,-1.1538461538461537,-3.0650882530437,2.084692458401808,0.5027934187283444,-0.41475306700220194,-1.1486411536328343,-0.9959250203748982,-1.4951254794420332,1.3798849307854633,0.5531084593083138,Leisure,Consumer Cyclical,FGH
2012Q2,2012,Q2,2012-06-30,2012-06-30,1803000.0,46708000.0,2454000.0,0.13,6358000.0,0.136122291684508,105921000.0,65092000.0,92013000.0,36328000.0,40829000.0,16979000.0,45620000.0,83394930.0,47540930.0,4.659746581716658,2.5328396828892314,0.0,0.0,0.02544888629595785,4.659746581716658,0.027699256437042956,1.7854528132225742,11.56335690515807,1.2811855527560991,0.0,2.376465045055657,0.0,0.4409701570038047,1.852868310944726,0.01702212025943864,-19.140447555657563,0.136122291684508,-0.23529411764705885,10.042487239255053,2.6482280259967643,0.4972967529805142,0.0029973181889887996,-0.2631794033510421,-0.27029438001784123,0.9342029720462398,1.3872158179369538,0.5769639836541675,Leisure,Consumer Cyclical,FGH
2012Q1,2012,Q1,2012-03-31,2012-03-31,2447000.0,44019000.0,3363000.0,0.17,6339000.0,0.14400599741020922,109703000.0,63536000.0,93683000.0,41831000.0,46167000.0,17809000.0,43806000.0,75740840.0,38451840.0,4.4627379363629975,2.239559178599603,0.0,0.0,0.03594816321327124,4.4627379363629975,0.03851359858977588,1.720639723755651,7.738132407029015,1.192093301435407,0.0,2.1157841540793982,0.0,0.4012561187934696,1.6091415457435874,0.022305679881133605,-2524.6946666666668,0.14400599741020922,0.5454545454545455,3.1310765546662873,2.2915653939984066,0.42551238106764694,-0.13472563472563473,0.5151702786377709,0.2657132103876553,3.4381649124370077,1.5228150056588527,0.575513355518749,Leisure,Consumer Cyclical,FGH
2011Q4,2011,Q4,2011-12-31,2011-12-31,1615000.0,51527000.0,2657000.0,0.11,7326000.0,0.14217788732121023,113456000.0,63223000.0,96420000.0,45916000.0,50233000.0,14920000.0,41361000.0,58229330.0,18340330.0,4.4407529676195825,2.099921595957836,0.0,0.0,0.02561197725093477,4.4407529676195825,0.02554450121000269,1.1300741358899218,9.013828173374613,0.9210149787260965,0.0,2.962533512064343,0.0,0.4541584402764067,1.6083064726892586,0.014234593146241715,3.3681935446552522,0.14217788732121023,-0.6666666666666667,4.480155233733889,3.0261504496564284,0.4421435841446003,-0.271044776119403,-0.6592108039670816,-0.5966297252163352,1.7980116816295364,2.4521615627636124,0.5877316178520395,Leisure,Consumer Cyclical,FGH
2011Q3,2011,Q3,2011-09-30,2011-09-30,4739000.0,63437000.0,6587000.0,0.33,10050000.0,0.15842489398931223,116767000.0,61068000.0,99390000.0,51413000.0,55699000.0,17054000.0,39746000.0,44542960.0,22098960.0,4.2226524685382385,1.9331686538424133,0.0,0.0,0.07398530739131869,4.2226524685382385,0.07760201742320037,0.7021605687532513,2.349807976366322,0.729399358092618,0.0,3.130467925413393,0.0,0.5432784947802033,1.489195339700076,0.0405850968167376,21.241278016213638,0.15842489398931223,0.9411764705882353,10.9238573524702,3.5762183513156636,0.3470292049415489,0.4814268867924528,0.9139741518578353,0.7802702702702703,14.402995845990057,3.965203316978156,0.4178601913309381,Leisure,Consumer Cyclical,FGH
2011Q2,2011,Q2,2011-06-30,2011-06-30,2476000.0,37595000.0,3700000.0,0.17,6784000.0,0.1804495278627477,86608000.0,57473000.0,72287000.0,28445000.0,29135000.0,21453000.0,35007000.0,67681390.0,46882390.0,3.982606887949553,2.541290209175602,0.0,0.0,0.04658096613617862,3.982606887949553,0.043081098950811685,1.8002763665381034,6.833742932148627,1.17762062185722,0.0,1.4362093879643874,0.0,0.43408230186587843,1.53981367551415,0.028588583040827637,7.521825961324739,0.1804495278627477,0.5454545454545455,2.1946502520091355,1.9764863927016325,0.2815906380745504,0.12076656203535437,0.6321687541199736,0.6525234479678428,20.84767956772966,1.6524688652223603,0.3236262407702161,Leisure,Consumer Cyclical,FGH
2011Q1,2011,Q1,2011-03-31,2011-03-31,1517000.0,31874000.0,2239000.0,0.11,6053000.0,0.1899039969881408,83345000.0,54779000.0,68734000.0,27936000.0,28566000.0,28745000.0,32531000.0,102660060.0,91050060.0,3.8258835032825815,2.46040950744559,0.0,0.0,0.029752801161351216,3.8258835032825815,0.027693094068895016,3.220808809688147,16.91826961107449,1.8740769272896547,0.0,0.8982779613845886,0.0,0.3824344591757154,1.2447737686139748,0.018201451796748456,-9.152185076223589,0.1899039969881408,-0.3125,0.5567439238311633,1.4064779978794053,0.24477876728797177,-0.24373488766033463,-0.3505362036465016,-0.39783986144131156,6.770839678490362,1.17303495442033,0.2746529945644002,Leisure,Consumer Cyclical,FGH
2010Q4,2010,Q4,2010-12-31,2010-12-31,2335773.0,45318890.0,3718280.0,0.16,8003807.0,0.17661083490791588,92031431.0,52376819.0,79412222.0,39011470.0,39654612.0,28603032.0,31013597.0,111250860.0,89000706.0,3.6581100013968433,2.03561214176241,0.0,0.0,0.04840076266808701,3.6581100013968433,0.044595549034774334,2.4548452091390587,11.907285082925439,2.1240476631465532,0.0,1.3045848775752165,0.0,0.49242839655508563,1.1712428934362125,0.025380166043490075,40.4744183643659,0.17661083490791588,0.0,1.0364711659030428,2.0293067352123995,0.22924736114850847,0.23738938555889716,0.006485915368542794,0.0517350766269057,9.188939744180182,2.303180518575484,0.17782755614701978,Leisure,Consumer Cyclical,FGH
2010Q3,2010,Q3,2010-09-30,2010-09-30,2320721.0,32929645.0,3535377.0,0.16,6468301.0,0.19642789954158327,85454296.0,49537802.0,74908883.0,35179129.0,35916494.0,27031832.0,28677615.0,122828771.7,103661527.7,3.4886124917587202,2.1293558177634244,0.0,0.0,0.04837955559970558,3.4886124917587202,0.04684747619605731,3.7300363153019114,13.231746911843345,2.4794957939393436,0.0,0.978895696007581,0.0,0.38534803446277294,1.2071566354016325,0.02715745268090442,-20.78726907081349,0.19642789954158327,-0.15789473684210525,0.7760128083591645,1.171957140993035,0.1983988646391652,0.08329602768071051,-0.16464004832063825,0.11715687823498556,16.57911714574951,1.5434249723950606,0.11768018210824381,Leisure,Consumer Cyclical,FGH
2010Q2,2010,Q2,2010-06-30,2010-06-30,2778109.0,32748573.0,3164620.0,0.19,5970945.0,0.18232687573898257,76958281.0,46785790.0,66358129.0,29420104.0,30172491.0,17231693.0,26357103.0,102394016.8,78330570.8,3.3080948495420293,2.2555368601008343,0.0,0.0,0.04507576582054918,3.3080948495420293,0.059379332912835286,3.1266711010583577,9.214362791380756,2.1885708630761607,0.0,1.5539754567354467,0.0,0.4255367008522449,1.4986198893110643,0.03609889623184281,110.47981338178616,0.18232687573898257,1.714285714285714,1.4467424255091892,1.347052912156517,0.17352120007513916,0.39003491066074175,1.7813075036291734,1.0030280052509055,14.761658059844512,1.5264597733030796,0.06297619192545795,Leisure,Consumer Cyclical,FGH
2010Q1,2010,Q1,2010-03-31,2010-03-31,998850.0,25337509.0,1579918.0,0.07,4295536.0,0.16953268768449178,69728102.0,43909219.0,62418450.0,25067752.0,25818883.0,13020062.0,23578994.0,76004983.80000001,53252882.80000001,3.11966098465243,2.4899899280956665,0.0,0.0,0.026171534344095606,3.11966098465243,0.022748070285650037,2.9997022911762956,19.023122540922063,1.7309573144537145,0.0,1.6161192627193326,0.0,0.3633758595637667,1.8236126637921102,0.01432492741592192,-81.28249354060438,0.16953268768449178,18.444444444444446,-0.01672359987978073,0.877709143404844,0.14076460629873644,0.2116870474546887,18.28952145533197,4.328020773614812,0.7056885016792409,0.9164452008925912,-0.0035006711642145234,Leisure,Consumer Cyclical,FGH
2009Q4,2009,Q4,2009-12-31,2009-12-31,51782.0,18847561.0,296530.0,0.0036,3545087.0,0.1880926131503169,60210300.0,42517666.0,52739391.0,16934232.0,17692634.0,13473575.0,22580144.0,52499738.81,28910713.810000002,3.02079396535573,3.1143656824826778,0.0,0.0,0.06807578433129317,3.02079396535573,0.0012178937573854595,2.7854924470068037,253.46519451739988,1.23477471246893,0.0,1.1357396978901293,0.0,0.31302885054550467,2.1383774002860005,0.0008600189668545083,-11964.3889721969,0.1880926131503169,-0.91,-0.9609288730527588,0.20410980548949884,0.1419365443809183,-0.0028678448382308806,-0.9046540574778676,-0.734171586758871,1.1128691057145637,0.48963707766433007,-0.018990998164956942,Leisure,Consumer Cyclical,FGH
2009Q3,2009,Q3,2009-09-30,2009-09-30,543096.0,16552036.0,1115494.0,0.04,3555283.0,0.21479430083404846,59226925.0,42300361.0,49997907.0,15814295.0,16926564.0,12860374.0,22528361.0,48600514.64,25337616.64,3.0201789787055637,3.1615640785757444,0.0,0.0,0.018954478636724666,3.0201789787055637,0.012839039364226703,2.9362257694461276,22.37197228482626,1.1489385312810925,0.0,1.010604590504133,0.0,0.27946809664692196,2.1085278856882335,0.009169748387241107,26.303050493745243,0.21479430083404846,-0.4285714285714286,-0.7679147129720774,0.2989706992486244,0.17357910225187928,-0.16397289841750667,-0.4184775800094441,-0.3059425450486465,0.4109890101787559,0.23291315907589827,-0.03656071183256693,Leisure,Consumer Cyclical,FGH
2009Q2,2009,Q2,2009-06-30,2009-06-30,933921.0,19602707.0,1607207.0,0.07,4252593.0,0.21693906867046475,58205714.0,41354455.0,49250623.0,15739812.0,16851259.0,9143278.0,21985266.0,28970242.02,7801278.02,2.9548845947128197,3.1290477294137946,0.0,0.0,0.02738654611922377,2.9548845947128197,0.022583322643231544,1.4778694605801128,7.755003372876293,0.7005349730760567,0.0,1.6788414395799844,0.0,0.33678320654223054,2.0546950624314952,0.01604517728276643,271.0133402559497,0.21693906867046475,0.7500000000000001,0.011430090082512109,0.539350550295468,0.22686567439980618,0.2585098858561675,0.7239952816866309,1.5349828315281595,0.24250306374836256,0.6003114394563891,-0.049127232558879,Leisure,Consumer Cyclical,FGH
2009Q1,2009,Q1,2009-03-31,2009-03-31,541719.0,17143453.0,634011.0,0.04,3379070.0,0.1971055656057155,56164395.0,39622449.0,37993477.0,15427384.0,16541946.0,9413486.0,21051345.0,30214524.96,18864570.96,2.8325611590221076,2.4627297149017617,0.0,0.0,0.013059394728911579,2.8325611590221076,0.013672022140781859,1.7624526960817055,13.943818178797494,0.7625607634702237,0.0,1.462198275962805,0.0,0.3052370278358736,1.5809817140741425,0.009645238767372106,-61.57257579771517,0.1971055656057155,1.2838691363281527,-0.4237475634916555,0.3801351459250726,0.2033612346676024,0.47708833845648124,1.2724377317802027,1.2238454067119269,-0.43098199943187004,0.3248416315309031,-0.07840581534431992,Leisure,Consumer Cyclical,FGH
2008Q4,2008,Q4,2008-12-31,2008-12-31,-1988414.0,14665176.0,-2832361.0,-0.14091,2287656.0,0.15599239995483177,51112938.0,39123846.0,32771126.0,10960830.0,11989092.0,10003714.0,20839737.0,17205493.38,5780509.379999999,2.7969166310533318,2.9898398205245407,0.0,0.0,-0.052300152984790044,2.7969166310533318,-0.050823582119201675,1.1732210632862503,-2.1632181955065692,0.4397699904043176,0.0,1.2372924695767993,0.0,0.28691710110657304,1.7858465097989842,-0.03890236166819446,5.945225117328875,0.15599239995483177,-6.0455,-9.14974392737773,0.2068327123445769,0.22324571166533244,0.0659497139022981,-4.837151546464385,-3.330992774953171,-2.774495009553891,0.0033942418513032073,-0.060142426892069736,Leisure,Consumer Cyclical,FGH
2008Q3,2008,Q3,2008-09-30,2008-09-30,-340648.0,12309109.0,-653975.0,-0.02,2146120.0,0.17435218097426872,53143808.0,41495529.0,31008607.0,10455762.0,11648279.0,11646888.0,22828151.0,27308977.919999998,20868251.919999998,2.9781867735312155,2.9656955657559916,0.0,0.0,-0.008592876415559815,2.9781867735312155,-0.008209269967374075,2.2185990813794887,-20.0419332566168,0.65811856308664,0.0,0.8725926616620681,0.0,0.23161887458271715,1.4234158160830364,-0.00640992832128251,17.361951375816076,0.17435218097426872,-1.0,-2.6869592714946693,0.18686031068189607,0.3088993872421154,0.04696185827778062,-1.8368184808587538,-8.387425536496089,-1.2656829172719608,-0.17258108213606352,0.02305878239973655,Leisure,Consumer Cyclical,FGH
2008Q2,2008,Q2,2008-06-30,2008-06-30,-120081.0,13643104.0,-69665.0,-0.01,2049855.0,0.1502484332011249,52434798.0,41795728.0,30287427.0,9294722.0,10639070.0,11581763.0,23168799.0,61814424.900000006,56950341.900000006,3.008860632463799,3.2585619021203645,0.0,0.0,-0.0017479644353618395,3.008860632463799,-0.0028730448241025973,4.530818272733243,-128.6931839758163,1.4789651444760097,0.0,1.00099173156971,0.0,0.26019179095531175,1.5611062923667862,-0.0022901013178309565,-47.48640070245036,0.1502484332011249,0.5,-1.1958004774375657,0.31363027278148164,0.3294293401862127,-0.11257116708609664,0.5280502759043532,0.8619133323554713,-1.1076761351626423,-0.0044802473690522295,0.06737016345120331,Leisure,Consumer Cyclical,FGH
2008Q1,2008,Q1,2008-03-31,2008-03-31,-254436.0,14197172.0,-504502.0,-0.02,2309881.0,0.16270007857902968,53574438.0,41596244.0,29968643.0,10732305.0,11978194.0,11769978.0,23288880.0,63610239.6,59095911.6,3.0015098380481495,2.7923771268147894,0.0,0.0,-0.006811475515247991,3.0015098380481495,-0.006116802276667096,4.48048664903123,-62.501217988020564,1.5292303699343623,0.0,1.009967138426257,0.0,0.264998990750029,1.3376981925131648,-0.004749205208648199,172.02696710649082,0.16270007857902968,-0.004016064257028123,0.3973362540007941,0.7154192942439577,0.3512174986667727,0.0680389747962183,0.0783975659229209,0.269442244171852,-1.2543828719700862,0.06856320121481728,0.09756034567463125,Leisure,Consumer Cyclical,FGH
2007Q4,2007,Q4,2007-12-31,2007-12-31,-276080.0,13279415.0,-690571.0,-0.01992,2162731.0,0.16286342433006273,54140348.0,43041698.0,42288462.0,9898601.0,11098650.0,9883555.0,23543316.0,81071874.0,76851519.0,3.1058111879836403,4.27216553127053,0.0,0.0,-0.007285827431172204,3.1058111879836403,-0.006414245088565047,6.10507872522999,-73.41338923500435,1.8835658853421626,0.0,1.124765734596509,0.0,0.24527760700762397,2.6697947518038156,-0.005099339221092557,49.48657355975242,0.16286342433006273,-2.992,0.697894214437202,1.2824708313855895,0.3792562270847772,0.035361291724792306,-3.146177645796732,-60.75185549494769,-1.2115660749463841,-0.13836398412664463,0.17407520545280855,Leisure,Consumer Cyclical,FGH
2007Q3,2007,Q3,2007-09-30,2007-09-30,128638.0,12615705.0,-11183.0,0.01,2088866.0,0.1655766364226177,52148677.0,43187950.0,42160255.0,8298331.0,8960727.0,11883332.0,23819396.0,79836818.49,61181909.489999995,3.1212976194838347,5.080570418316647,0.0,0.0,-0.00047747000204481806,3.1212976194838347,0.002978562307310257,6.3283675775551185,155.15792085153686,1.8485901389160633,0.0,0.8858491036015824,0.0,0.24191802603160958,3.107784565354166,0.002466754813357969,-48.2555728159917,0.1655766364226177,2.0,1.067288630562491,0.1278589521638228,0.3432145985326699,-0.1584662557161694,1.6524350040067761,0.9756765456910315,-0.9443552405851052,0.002174717370471565,0.21287171520700793,Leisure,Consumer Cyclical,FGH
2007Q2,2007,Q2,2007-06-30,2007-06-30,-197166.0,12659994.0,-459762.0,-0.01,2482213.0,0.1960674704901124,51249356.0,42987673.0,41124095.0,7626314.0,8261683.0,11233839.0,23690758.0,84397723.28,64514168.28,3.112106249105918,5.392394674543954,0.0,0.0,-0.005860190369998946,3.112106249105918,-0.004586570666432677,6.6664899904375945,-107.01353590375624,1.9633005787496336,0.0,0.9059931337808919,0.0,0.24702737728060425,3.5008313321481386,-0.003847189806638741,-28.223038673294134,0.1960674704901124,-1.25,0.7764391670558779,0.4178977011513309,0.26409841582794996,-0.08801984286776614,-1.3442510462880999,-1.6311562728226192,-1.2163465686478268,0.0072731081581123725,0.29214397710996276,Leisure,Consumer Cyclical,FGH
2007Q1,2007,Q1,2007-03-31,2007-03-31,572739.0,12930750.0,728444.0,0.04,2721784.0,0.21048926009705546,56612710.0,43095796.0,46319596.0,12927992.0,13516914.0,10861661.0,23887924.0,70206074.69999999,47124421.69999999,3.1306202567112047,3.5828917592151974,0.00013012978887603154,0.00017094474829981097,0.01089423199169157,3.1306202567112047,0.013289904193903275,5.429389223362913,30.64488130719228,1.629070146424491,0.0,0.9399083620820057,0.0,0.22840718983422628,2.4687113048956095,0.010116791794634103,127.21649159302216,0.21048926009705546,2.2539184952978055,3.2314787121155915,0.15633263555574708,0.23925465068935498,0.05985955941077724,2.276429450149765,1.7688842352364988,-0.3809111715616059,0.05780236428704815,0.3299861312410232,Leisure,Consumer Cyclical,FGH
