Quarters,Year,Quarter,FillingDate,Date,NetIncome,Revenue,OperatingIncome,EPSDiluted,GrossProfit,GrossProfitRatio,TotalAssets,CommonStockEquity,CurrentAssets,CurrentLiability,TotalLiability,Inventory,RetainedEarnings,MarketCap,EnterpriseValue,bookValuePerShare,currentRatio,debtToAssets,debtToEquity,roic,shareholdersEquityPerShare,roe,priceToSalesRatio,peRatio,pbRatio,payoutRatio,inventoryTurnover,dividendYield,assetTurnover,quickRatio,returnOnAssets,priceToFreeCashFlowsRatio,grossProfitMargin,epsdilutedGrowth,fiveYNetIncomeGrowthPerShare,fiveYRevenueGrowthPerShare,fiveYShareholdersEquityGrowthPerShare,grossProfitGrowth,netIncomeGrowth,operatingIncomeGrowth,threeYNetIncomeGrowthPerShare,threeYRevenueGrowthPerShare,threeYShareholdersEquityGrowthPerShare,Industry,Sector,Symbol
2023Q1,2023,Q1,2023-05-11,2023-03-31,-32028000.0,3334000.0,-31760000.0,-0.66,3334000.0,1.0,288140000.0,90222000.0,121481000.0,81104000.0,197918000.0,6981000.0,-500568000.0,251459240.67,274447240.66999996,1.8549636066551953,1.4978422765831525,0.31849795238425765,1.017179845270555,-0.16546318241427532,1.8549636066551953,-0.35499102214537476,75.4226876634673,-1.962807860856126,2.7871166752011707,0.0,0.0,0.0,0.011570764211841465,1.3925207141448017,-0.11115429999305892,-5.466861766419549,1.0,-1.1290322580645162,0.2276613413997694,0.0,-0.07173374643960131,1.630484114977307,-1.3600324220764866,0.22640360492022896,-0.5379796632006624,-0.4036142957869821,-0.6326184779493745,Biotechnology,Healthcare,MGTX
2022Q4,2022,Q4,2023-03-14,2022-12-31,-13571000.0,-5288000.0,-41055000.0,-0.31,-5288000.0,1.0,318237000.0,117738000.0,154339000.0,82072000.0,200499000.0,8133000.0,-470204000.0,287790550.59999996,264522550.59999996,2.667397377709454,1.8805317282386198,0.2898720136250656,0.7835023526813772,-0.08823051090923399,2.667397377709454,-0.11526440061832204,-54.4233265128593,-5.301572297546238,2.4443302128454705,0.0,0.0,0.0,-0.016616546787457147,1.7611243785944048,-0.042644318542469924,-11.623674243709356,1.0,0.7327586206896551,0.3125341540141428,0.0,2.0834662556275005,-2.0980066445182723,0.7378091190108191,-0.8000263065591021,-1.0544525421246154,-1.6319882826432908,-0.48798626914103077,Biotechnology,Healthcare,MGTX
2022Q3,2022,Q3,2022-11-10,2022-09-30,-51760000.0,4816000.0,-22808000.0,-1.16,4816000.0,1.0,301412000.0,122670000.0,155036000.0,72363000.0,178742000.0,10171000.0,-442891000.0,375823010.35,353079010.35,2.745054644310445,2.142476127302627,0.30510397728026756,0.7496698459280998,-0.13431023637804976,2.745054644310445,-0.4219450558408739,78.03633935838872,-1.8152193312886398,3.063691288416076,0.0,0.0,0.0,0.015978129603333644,1.9803490734215,-0.17172508062054595,-12.227055677196864,1.0,-0.17171717171717166,-1.639963116740421,0.0,0.0,-0.5523747560182173,-0.1713587399293926,0.039986530852765385,-2.8380772215548236,0.04274096462085151,-0.5117661554891458,Biotechnology,Healthcare,MGTX
2022Q2,2022,Q2,2022-08-11,2022-06-30,-44188000.0,10759000.0,-23758000.0,-0.99,10759000.0,1.0,252461000.0,141972000.0,104412000.0,67505000.0,110489000.0,6682000.0,-405607000.0,338138576.8,288727576.8,3.1783656575678827,1.5467298718613436,0.08990299491802695,0.15986955174259712,-0.1649261567899999,3.1783656575678827,-0.31124447074070943,31.428439148619763,-1.9130678962614285,2.381727219451723,0.0,0.0,0.0,0.042616483338020525,1.3984149322272423,-0.17502901438241947,-8.08808517233956,1.0,-0.32,-1.6512225925163857,0.0,0.0,0.9099946742410794,-0.3247391773593956,0.17317463631934293,-0.55957422102508,2.9899917318688876,-0.19470672780013015,Biotechnology,Healthcare,MGTX
2022Q1,2022,Q1,2022-05-12,2022-03-31,-33356000.0,5633000.0,-28734000.0,-0.75,5633000.0,1.0,287693000.0,161284000.0,142925000.0,65501000.0,126409000.0,7217000.0,-371634000.0,616343198.9,526961198.9,3.6242525333072186,2.182027755301446,0.0848091542025701,0.15127973016542248,-0.1469567521287338,3.6242525333072186,-0.20681530716004068,109.41650965737617,-4.619432777461326,3.821477635103296,0.0,0.0,0.0,0.019579899406659183,2.041556617456222,-0.1159430365007143,-29.69183923788419,1.0,-1.6785714285714284,-1.1143646113891128,0.0,0.0,0.2846066134549601,-1.743317707048277,-2.5369276218611523,-0.1995251320474014,3.640487680250127,-0.2778280647389336,Biotechnology,Healthcare,MGTX
2021Q4,2021,Q4,2022-03-10,2021-12-31,-12159000.0,4385000.0,-8124000.0,-0.28,4385000.0,1.0,290332000.0,185401000.0,183243000.0,68128000.0,134763000.0,-12634000.0,-340589000.0,1048602898.26,910899898.26,4.197413288961435,2.689687059652419,0.0,0.0,-0.053746550333340484,4.197413288961435,-0.06558217053845448,239.1340702987457,-21.560220788304957,5.65586430634139,0.0,0.0,0.0,0.01510339886750341,2.535242484734617,-0.04187964123830649,55.69380169216061,1.0,0.5254237288135593,0.3844891257402258,0.0,2.70494119005898,0.0,0.5313547889766814,0.6397658744235545,0.6237985063300898,0.0,0.4901232510642361,Biotechnology,Healthcare,MGTX
2021Q3,2021,Q3,2021-11-10,2021-09-30,-25945000.0,6947000.0,-22552000.0,-0.59,0.0,0.0,303336000.0,187839000.0,176931000.0,59630000.0,115497000.0,0.0,-330677000.0,582164540.8199999,463072540.81999993,4.252608749603438,2.9671474090223042,0.08090698103752934,0.13065444343293992,-0.09518704389189737,4.252608749603438,-0.1381236058539494,83.80085516337986,-5.609602436114858,3.099274063533132,0.0,0.0,0.0,0.022901996465965135,2.7803454636927722,-0.0855322151014057,-20.01390748143564,0.0,-0.2826086956521738,-0.3387956689136655,0.0,0.0,0.0,-0.2916957084536493,-0.10101059415124737,-0.003050803327624274,0.0,0.16266239298204335,Biotechnology,Healthcare,MGTX
2021Q2,2021,Q2,2021-08-11,2021-06-30,-20086000.0,5116000.0,-20483000.0,-0.46,0.0,0.0,326768000.0,205722000.0,207044000.0,57253000.0,121046000.0,0.0,-304732000.0,684135481.5,537109481.5,4.660905750727387,3.616299582554626,0.07812882534397493,0.12409951293493161,-0.07976805227780763,4.660905750727387,-0.0976366164046626,133.72468363956216,-8.515078680424175,3.3255338831043835,0.0,0.0,0.0,0.015656367820594427,3.45746074441514,-0.061468687264358814,-25.493198744224177,0.0,0.14814814814814817,-0.21961772968953416,0.0,0.0,0.0,0.14951094550535632,0.07030682643427741,0.793393577961349,0.0,-0.41513355067139335,Biotechnology,Healthcare,MGTX
2021Q1,2021,Q1,2021-05-11,2021-03-31,-23617000.0,4595000.0,-22032000.0,-0.54,0.0,0.0,339676000.0,220794000.0,230126000.0,53520000.0,118882000.0,0.0,-284645000.0,634550519.85,457912519.85,5.020967315184211,4.299813153961136,0.0670403561040521,0.1031368606030961,-0.08272195480930246,5.020967315184211,-0.1069639573539136,138.095869390642,-6.7170948876868355,2.873948204434903,0.0,0.0,0.0,0.01352759688644473,4.08843423019432,-0.06952802081984008,-148.19021948855675,0.0,-1920.4551159117748,-0.514968515353422,0.0,0.0,-1.0,-2256.592045842778,-0.6667517744982894,0.3700880217850125,0.0,1.5126069871092729,Biotechnology,Healthcare,MGTX
2020Q4,2020,Q4,2021-03-11,2020-12-31,-10461.146,3787872.0,-13218525.0,-0.00028103700967470037,3787872.0,1.0,318736890.0,238559246.0,272575976.0,54147059.0,125138154.0,0.0,0.0,563561897.5,356624541.5,6.40885588692589,5.03399410852582,0.008103859581487413,0.010827494818624637,-0.05018592409838017,6.40885588692589,-4.385135422502132e-05,148.78060755484873,-13467.977062455682,2.3623561314408246,0.0,0.0,0.0,0.011884008782290623,4.818909702925878,-3.2820631461893226e-05,-23.778738206239563,1.0,0.9983468411195606,0.9993716064387266,0.0,3.6032038378273494,0.0,0.9983735090124317,-0.56796610442918,0.9993716064387266,0.0,3.6032038378273494,Biotechnology,Healthcare,MGTX
2020Q3,2020,Q3,2020-11-05,2020-09-30,-6431727.0,5091832.0,-8430364.0,-0.17,0.0,0.0,293045723.0,179086247.0,217882143.0,46608192.0,113959476.0,0.0,-250566810.0,492837485.0,332996276.0,4.811123306255814,4.674760672973541,0.0,0.0,-0.042506874824584776,4.811123306255814,-0.03591413136263892,96.78981651397768,-19.15649890768063,2.751956072874764,0.0,0.0,0.0,0.017375554735531835,4.565966515070999,-0.021947861699384025,-17.008883497630173,0.0,0.753623188405797,0.6061754210212973,0.0,0.0,0.0,0.7469610630037831,0.6658016469757148,0.6061754210212973,0.0,0.0,Biotechnology,Healthcare,MGTX
2020Q2,2020,Q2,2020-08-06,2020-06-30,-25417934.0,2473705.0,-25225630.0,-0.69,0.0,0.0,290611376.0,172765514.0,235208767.0,46722104.0,117845862.0,0.0,-244135083.0,462860418.64,288742403.64,4.673167434872715,5.034207513428762,0.0,0.0,-0.13039285701732276,4.673167434872715,-0.1471238872359677,187.11221371990595,-4.5524984312257635,2.6791250633503165,0.0,0.0,0.0,0.008512072149577516,4.837569729308424,-0.08746365799527407,-29.301326043649098,0.0,-0.6046511627906975,-0.8426176220508667,0.0,0.0,0.0,-0.6209179694636832,-0.6087876835949209,-0.8426176220508667,0.0,0.0,Biotechnology,Healthcare,MGTX
2020Q1,2020,Q1,2020-05-07,2020-03-31,-15681197.0,4209576.0,-15679900.0,-0.43,0.0,0.0,304667843.0,184924786.0,251012166.0,43026017.0,119743057.0,0.0,-218717149.0,492239328.0,302964770.0,5.049147807710318,5.83396241395061,0.0,0.0,-0.0760939012105986,5.049147807710318,-0.08479770256432796,116.93323223051442,-7.847604490907167,2.6618353258497214,0.0,0.0,0.0,0.0138169357111968,5.699081093190662,-0.05146981330747138,-29.97941671245136,0.0,-1.8733044994472772,-0.20776077621048325,0.0,0.0,0.0,-1.8609835960293017,-1.880569151185652,-0.20776077621048325,0.0,0.0,Biotechnology,Healthcare,MGTX
2019Q4,2019,Q4,2020-03-11,2019-12-31,-5481051.0,6942734.0,-5443334.0,-0.14965347392965725,0.0,0.0,323887646.0,190802101.0,268979868.0,49195821.0,133085545.0,0.0,-203035952.0,733231499.0,529176665.0,5.209620791291183,5.467534894884669,0.0,0.0,-0.027604362834850755,5.209620791291183,-0.02872636606868391,105.61134835354487,-33.44392795286889,3.8428900685952088,0.0,0.0,0.0,0.021435624623978404,5.3367378094980875,-0.0169226923832717,-27.440194640372816,0.0,0.5011550869011425,0.6653775972479203,0.0,3.1160882810893487,0.0,0.4760417266123779,0.5009169618224444,0.6653775972479203,0.0,3.1160882810893487,Biotechnology,Healthcare,MGTX
2019Q3,2019,Q3,2019-11-07,2019-09-30,-10460854.0,3582586.0,-10906670.0,-0.3,0.0,0.0,317752177.0,194893370.0,271088748.0,39289802.0,122858807.0,0.0,-197554901.0,552884786.85,322182929.85,5.622417772083431,6.899722935737879,0.0,0.0,-0.04856811415241333,5.622417772083431,-0.05367475558557995,154.32561475146724,-13.213184766033443,2.8368578512958136,0.0,0.0,0.0,0.011274780345564714,6.44774496445668,-0.0329214235407111,-27.06329327637077,0.0,0.5238095238095238,0.3121651899252409,0.0,0.0,0.0,0.4976156460644425,0.4861948432413451,0.3121651899252409,0.0,0.0,Biotechnology,Healthcare,MGTX
2019Q2,2019,Q2,2019-08-07,2019-06-30,-20822412.0,1981676.0,-21227249.0,-0.63,0.0,0.0,253076041.0,129563111.0,212875198.0,40790164.0,123512930.0,0.0,-187094046.0,921454704.03,734234549.03,3.946842432801336,5.2187874998492285,0.0,0.0,-0.1441486139186887,3.946842432801336,-0.1607125040398266,464.987568114061,-11.063256072711463,7.112014345117107,0.0,0.0,0.0,0.00783035799109881,5.007898889546019,-0.08227729467286869,-40.35116938445042,0.0,-0.01612903225806453,-0.6999656424006448,0.0,0.0,0.0,-0.15796390574131192,-0.02592971040577371,-0.6999656424006448,0.0,0.0,Biotechnology,Healthcare,MGTX
2019Q1,2019,Q1,2019-05-14,2019-03-31,-17981918.0,784960.0,-20690744.0,-0.62,0.0,0.0,257854303.0,144418250.0,231157682.0,33204345.0,113436053.0,0.0,-166271635.0,500142782.7,276457999.7,5.018545247119088,6.961669685096935,0.0,0.0,-0.13979419548076819,5.018545247119088,-0.12451278145248264,637.1570305493274,-6.953412626784306,3.4631549869909097,0.0,0.0,0.0,0.003044199731660092,6.844740921707686,-0.06973673811446925,6.170735489861001,0.0,0.15268540792985816,-0.7626680382929732,0.0,0.0,0.0,0.1460257508935973,-0.026944740795116506,-0.7626680382929732,0.0,0.0,Biotechnology,Healthcare,MGTX
2018Q4,2018,Q4,2019-03-26,2018-12-31,-21056745.0,0.0,-20147865.0,-0.731723501285666,0.0,0.0,96894763.0,81059473.0,74652065.0,15498810.0,15835290.0,0.0,-148289717.0,277409460.6,209363581.60000002,2.8168228943234532,4.816632051105859,0.0,0.0,-0.24845145623950465,2.8168228943234532,-0.2597690833741295,0.0,-3.293593817562971,3.422295387980132,0.0,0.0,0.0,0.0,4.392606593667514,-0.21731561488003226,-13.628854563316965,0.0,-0.24020932421299326,-0.6361202297613437,0.0,2.1441611885737117,0.0,-0.36510998030203545,-0.3670494765579434,-0.6361202297613437,0.0,2.1441611885737117,Biotechnology,Healthcare,MGTX
2018Q3,2018,Q3,2018-11-08,2018-09-30,-15424944.0,0.0,-14738212.0,-0.59,0.0,0.0,105235912.0,96344071.0,91306698.0,8487241.0,8891841.0,0.0,-127232972.0,352698625.5,264179367.5,3.6576471168867655,10.758113031078063,0.0,0.0,-0.15290910047862308,3.6576471168867655,-0.16010268031958086,0.0,-5.716368005938953,3.6608233577756955,0.0,0.0,0.0,0.0,10.434561007517049,-0.1465749068625927,-29.273450827092333,0.0,0.7423580786026202,-0.33472368944046166,0.0,0.0,0.0,0.4855064729357744,0.4144240638766826,-0.33472368944046166,0.0,0.0,Biotechnology,Healthcare,MGTX
2018Q2,2018,Q2,2018-08-08,2018-06-30,-29980832.0,0.0,-25168746.0,-2.29,0.0,0.0,117676971.0,108472105.0,103985789.0,8779417.0,9204866.0,0.0,-111808028.0,155987239.92000002,53976135.92000002,7.969179555568355,11.844270411121832,0.0,0.0,-0.2319239407855133,7.969179555568355,-0.276392091773272,0.0,-1.3007247423954078,1.4380401294876688,0.0,0.0,0.0,0.0,11.624980451435443,-0.2547722952522291,-8.15110414796593,0.0,-1.5730337078651684,-4.903096901128144,0.0,0.0,0.0,-0.8277258314199542,-0.39444150250829146,-4.903096901128144,0.0,0.0,Biotechnology,Healthcare,MGTX
2018Q1,2018,Q1,2018-03-31,2018-03-31,-16403353.0,0.0,-18049338.0,-0.89,0.0,0.0,50780903.0,38445939.0,36014436.0,11876973.0,12334964.0,0.0,-82003179.0,288588420.0,256288939.0,1.9983098594184756,3.032290803389045,0.0,0.0,-0.4687736838410434,1.9983098594184756,-0.42666022541418486,0.0,-4.398314478753216,7.50634338778928,0.0,0.0,0.0,0.0,2.7243348115719384,-0.3230220817459666,-15.510152113617123,0.0,-0.9900235566154296,-1.405047955503978,0.0,0.0,0.0,-0.906396360828913,-1.1578148579549836,-1.405047955503978,0.0,0.0,Biotechnology,Healthcare,MGTX
2017Q4,2017,Q4,2017-12-31,2017-12-31,-8604377.0,0.0,-8364637.0,-0.44723088681105083,0.0,0.0,25854219.0,-47365265.0,11475114.0,21401846.0,73219484.0,0.0,-65423843.0,288588420.0,281546939.0,-2.461910893721931,0.5361740291001066,0.0,0.0,0.17684178244210264,-2.461910893721931,0.18166006249516392,0.0,-8.384930716076248,-6.092828151600123,0.0,0.0,0.0,0.0,0.39943460951919757,-0.33280359387378905,-49.28070844117123,0.0,0.0032941465157801443,0.0,0.0,0.0,0.0,-0.01934865006194724,0.04543286277350705,0.0,0.0,0.0,Biotechnology,Healthcare,MGTX
2017Q3,2017,Q3,2017-09-30,2017-09-30,-8441054.0,0.0,-8762754.0,-0.448709,0.0,0.0,,,,,,,,288588420.0,,,0.0,0.0,0.0,0.0,,0.0,0.0,-8.54716780629528,0.0,0.0,0.0,0.0,0.0,0.0,0.0,-39.104937962120076,0.0,-0.1974865829216806,0.0,0.0,0.0,0.0,-0.17584404682785326,-0.1552069286413275,0.0,0.0,0.0,Biotechnology,Healthcare,MGTX
2017Q2,2017,Q2,2017-06-30,2017-06-30,-7178719.0,0.0,-7585441.0,-0.374709,0.0,0.0,,,,,,,,288588420.0,,,0.0,0.0,0.0,0.0,,0.0,0.0,-10.050136382270988,0.0,0.0,0.0,0.0,0.0,0.0,0.0,-39.95748496999676,0.0,-0.05347960425880069,0.0,0.0,0.0,0.0,-0.05253867633572005,-0.08800244754046137,0.0,0.0,0.0,Biotechnology,Healthcare,MGTX
2017Q1,2017,Q1,2017-03-31,2017-03-31,-6820385.0,0.0,-6971897.0,-0.355687,0.0,0.0,,,,,,,,288588420.0,,,0.0,0.0,0.0,0.0,,0.0,0.0,-10.578157244788967,0.0,0.0,0.0,0.0,0.0,0.0,0.0,-35.484256579913236,0.0,0.0,0.0,0.0,0.0,0.0,0.0,0.0,0.0,0.0,0.0,Biotechnology,Healthcare,MGTX
