Quarters,Year,Quarter,FillingDate,Date,NetIncome,Revenue,OperatingIncome,EPSDiluted,GrossProfit,GrossProfitRatio,TotalAssets,CommonStockEquity,CurrentAssets,CurrentLiability,TotalLiability,Inventory,RetainedEarnings,MarketCap,EnterpriseValue,bookValuePerShare,currentRatio,debtToAssets,debtToEquity,roic,shareholdersEquityPerShare,roe,priceToSalesRatio,peRatio,pbRatio,payoutRatio,inventoryTurnover,dividendYield,assetTurnover,quickRatio,returnOnAssets,priceToFreeCashFlowsRatio,grossProfitMargin,epsdilutedGrowth,fiveYNetIncomeGrowthPerShare,fiveYRevenueGrowthPerShare,fiveYShareholdersEquityGrowthPerShare,grossProfitGrowth,netIncomeGrowth,operatingIncomeGrowth,threeYNetIncomeGrowthPerShare,threeYRevenueGrowthPerShare,threeYShareholdersEquityGrowthPerShare,Industry,Sector,Symbol
2023Q1,2023,Q1,2023-05-22,2023-03-31,3193571.0,0.0,-277533.0,0.56,0.0,0.0,236642986.0,222630876.0,170053.0,1166110.0,14012110.0,0.0,-13842632.0,853300.0,823273.0,9.679603304347825,0.14582929569251615,0.0,0.0,-0.002730502808003364,9.679603304347825,0.014344690446261372,0.0,0.0667982643880471,0.0038328016999762426,0.0,0.0,0.0,0.0,0.02574971486394937,0.013495312301375371,-21.221617050909,0.0,-0.24324324324324317,0.0,0.0,0.0,0.0,-0.2480309963985877,0.24908480409531567,0.0,0.0,0.0,Shell Companies,Financial Services,IXAQW
2022Q4,2022,Q4,2023-04-17,2022-12-31,4246945.0,0.0,-369593.0,0.74,0.0,0.0,234668588.0,221172857.0,304137.0,1022731.0,13495731.0,0.0,-13192169.0,347300.0,277064.0,9.616211173913044,0.297377316224892,0.0,0.0,-0.0036606930269141827,9.616211173913044,0.01920192675360702,0.0,0.02044410747019328,0.001570265016742086,0.0,0.0,0.0,0.0,0.06867494971796102,0.018097628814300448,-2.10986100311042,0.0,-0.9999999874794425,0.0,0.0,0.0,0.0,0.026527387148203758,-0.22973854251928158,0.0,0.0,0.0,Shell Companies,Financial Services,IXAQW
2022Q3,2022,Q3,2022-11-10,2022-09-30,4137196.0,0.0,-300546.0,59102800.0,0.0,0.0,233132116.0,219234181.0,512219.0,865435.0,13897935.0,0.0,-13382515.0,1154600.0,919756.0,9.531920913043479,0.5918630515289999,0.0,0.0,-0.002956855252529689,9.531920913043479,0.018871126669796075,0.0,0.06976947671804769,0.005266514531326664,0.0,0.0,0.0,0.0,0.27135948973637536,0.017746143564364165,-17.929406649378077,0.0,-0.08286323459706668,0.0,0.0,0.0,0.0,0.06999289291474291,0.12032313298502875,0.0,0.0,0.0,Shell Companies,Financial Services,IXAQW
2022Q2,2022,Q2,2022-08-11,2022-06-30,3866564.0,0.0,-341655.0,64442733.33,0.0,0.0,232208218.0,217316048.0,593991.0,712670.0,14892170.0,0.0,-14229353.0,2258600.0,1962139.0,9.448523826086957,0.8334727152819678,0.0,0.0,-0.0034491397177927323,9.448523826086957,0.017792353742784796,0.0,0.14603404986959997,0.010393157895085594,0.0,0.0,0.0,0.0,0.41988718481204484,0.01665127975789384,-17.806264437138825,0.0,0.0,0.0,0.0,0.0,0.0,-0.5021448042559509,0.9604059314789851,0.0,0.0,0.0,Shell Companies,Financial Services,IXAQW
2022Q1,2022,Q1,2022-05-13,2022-03-31,7766443.0,0.0,-8628944.0,0.0,0.0,0.0,232048783.0,215533642.0,722949.0,585641.0,16515141.0,0.0,-15637759.0,0.0,-402607.0,0.0,1.2344576284788804,0.0,0.0,-0.08477861757772122,0.0,0.03603355340694331,0.0,0.0,0.0,0.0,0.0,,0.0,0.6934316415688109,0.03346900983316081,0.0,0.0,0.0,0.0,0.0,0.0,0.0,0.0,0.0,0.0,0.0,0.0,Shell Companies,Financial Services,IXAQW
2021Q3,2021,Q3,2021-11-22,2021-09-30,-4395.0,0.0,-4395.0,0.0,0.0,0.0,533484.0,9428.0,45351.0,524056.0,524056.0,0.0,-15572.0,0.0,151461.0,0.0,0.08653846153846154,0.31536465948369585,17.84492999575732,-0.024736871728485394,0.0,-0.4661646160373356,0.0,0.0,0.0,,0.0,,0.0,0.032021387027340587,-0.008238297680905145,0.0,0.0,0.0,0.0,0.0,0.0,0.0,0.22582349832658094,0.22582349832658094,0.0,0.0,0.0,Shell Companies,Financial Services,IXAQW
2021Q2,2021,Q2,2021-06-30,2021-06-30,-5677.0,0.0,-5677.0,0.0,0.0,0.0,221910.0,13823.0,13034.0,208087.0,208087.0,0.0,-11177.0,0.0,123466.0,0.0,0.06263726229894227,0.6151142355008787,9.87484627070824,-0.03776534528980928,0.0,-0.4106923243868914,0.0,0.0,0.0,,0.0,,0.0,0.06263726229894227,-0.0255824433328827,0.0,0.0,0.0,0.0,0.0,0.0,0.0,0.0,0.0,0.0,0.0,0.0,Shell Companies,Financial Services,IXAQW
2021Q1,2021,Q1,2021-02-28,2021-02-28,,,,,,,109922.0,19500.0,0.0,90422.0,90422.0,0.0,-5500.0,0.0,0.0,0.0,0.0,0.0,0.0,,0.0,,0.0,0.0,0.0,0.0,0.0,,,0.0,,0.0,0.0,0.0,0.0,0.0,0.0,0.0,0.0,0.0,0.0,0.0,0.0,Shell Companies,Financial Services,IXAQW
