Quarters,Year,Quarter,FillingDate,Date,NetIncome,Revenue,OperatingIncome,EPSDiluted,GrossProfit,GrossProfitRatio,TotalAssets,CommonStockEquity,CurrentAssets,CurrentLiability,TotalLiability,Inventory,RetainedEarnings,MarketCap,EnterpriseValue,bookValuePerShare,currentRatio,debtToAssets,debtToEquity,roic,shareholdersEquityPerShare,roe,priceToSalesRatio,peRatio,pbRatio,payoutRatio,inventoryTurnover,dividendYield,assetTurnover,quickRatio,returnOnAssets,priceToFreeCashFlowsRatio,grossProfitMargin,epsdilutedGrowth,fiveYNetIncomeGrowthPerShare,fiveYRevenueGrowthPerShare,fiveYShareholdersEquityGrowthPerShare,grossProfitGrowth,netIncomeGrowth,operatingIncomeGrowth,threeYNetIncomeGrowthPerShare,threeYRevenueGrowthPerShare,threeYShareholdersEquityGrowthPerShare,Industry,Sector,Symbol
2024Q1,2024,Q1,2023-06-08,2023-04-29,-73427000.0,383257000.0,-70115000.0,-0.99,63793000.0,0.1664496669,1353701000.0,235659000.0,477837000.0,510211000.0,1118042000.0,346963000.0,269812000.0,59656485.0,811264485.0,3.189840006497198,0.9365478204115553,0.5804088199683682,3.3340547146512547,-0.043304090095880446,3.189840006497198,-0.31158156488824956,0.15565660901170755,-0.20311494749887643,0.25314749277557824,0.0,0.9207437104244545,0.0,0.2831179115624499,0.10258108900043315,-0.054241667842455606,-0.6717164910147277,0.16644966693367635,-1.2053941908713692,-145.96453767183633,-0.1839212199861261,-0.6208444745114531,-0.4804114810712191,-1.2203956057149719,-0.7846870466057474,0.5868930952148546,0.5796862068714577,-0.1965609462263463,Apparel Retail,Consumer Cyclical,EXPR
2023Q4,2023,Q4,2023-03-31,2023-01-28,333160000.0,514333000.0,-39287000.0,4.82,122776000.0,0.2387091631,1398325000.0,307569000.0,534404000.0,541590000.0,1090756000.0,365649000.0,355736000.0,77462630.0,729304630.0,4.486717918046418,0.9867316604811758,0.5130810076341337,2.3326603136206834,-0.02287733394755647,4.486717918046418,1.0832040940406868,0.1506079329928276,0.058127198643294506,0.25185447818213147,0.0,1.0708548361953676,0.0,0.3678207855827508,0.14669399361140345,0.23825648543793468,-0.919481399710372,0.23870916312972335,10.64,11.93624742162125,-0.1529046535757187,-0.46260233230224757,0.01789963272175564,10.671388759869949,-0.33135653529431697,3.196170190806433,-0.20863295306587343,-0.29332608146781836,Apparel Retail,Consumer Cyclical,EXPR
2023Q3,2023,Q3,2022-12-08,2022-10-29,-34448000.0,434145000.0,-29509000.0,-0.5,120617000.0,0.2778265326,1220971000.0,-32401000.0,497523000.0,575966000.0,1253372000.0,422666000.0,22872000.0,89436320.0,928170320.0,-0.4745869463323178,0.8638061968935666,0.7070814949740821,-26.645041819696925,-0.020695629407471362,-0.4745869463323178,1.0631770624363446,0.20600564327586404,-0.6490675801207618,-2.760295052621833,0.0,0.7417866589694937,0.0,0.35557355580107963,0.07429778841112149,-0.02821361031506891,-1.9482490306278046,0.2778265326100727,-5.999999999999999,-7.341728124559646,0.004961113376601603,-1.0585319741107766,-0.21524908751406951,-5.895963615690733,-3.8341336918939684,-9.79633452549563,-0.13511318929262808,-1.0574325913938867,Apparel Retail,Consumer Cyclical,EXPR
2023Q2,2023,Q2,2022-09-08,2022-07-30,7036000.0,464919000.0,10412000.0,0.1,153701000.0,0.3305973729,1162955000.0,-513000.0,426998000.0,498921000.0,1163468000.0,346229000.0,58245000.0,115173500.0,926664500.0,-0.007527512839325018,0.8558429089976168,0.7301727065965579,-1655.2787524366472,0.006720900384114297,-0.007527512839325018,-13.715399610136453,0.24772809887313704,4.092293206367254,-224.50974658869396,0.0,0.8988790655895376,0.0,0.3997738519547188,0.10386413881155533,0.006050105120146523,17.14401607621316,0.33059737287570523,1.5555555555555558,1.6892129229871753,0.12317097392829492,-1.0009427819249146,0.16882889733840303,1.5905657210005035,2.1694934291811747,1.715592205147314,-0.02943703933946941,-1.000906500367048,Apparel Retail,Consumer Cyclical,EXPR
2023Q1,2023,Q1,2022-06-08,2022-04-30,-11914000.0,450785000.0,-8903000.0,-0.18,131500000.0,0.2917133445,1230584000.0,-10103000.0,448654000.0,525242000.0,1240687000.0,371249000.0,53244000.0,231205840.0,1098246840.0,-0.15031765633601643,0.8541853088671507,0.7347576435253506,-89.49628823121844,-0.005380279819433778,-0.15031765633601643,1.1792536870236563,0.5128960369133845,-4.851557831123048,-22.884869840641393,0.0,0.8600292526040474,0.0,0.36631794335047424,0.09199759349023878,-0.009681582078102755,-2.853653250391874,0.29171334449904057,-2.6363636363636362,-2.0689794477834673,0.12656448009179969,-1.0186204646169974,-0.24228455528153595,-2.575300806558244,-1.8639495390587093,-0.19278456512301248,-0.00651663076439017,-1.0177605603525621,Apparel Retail,Consumer Cyclical,EXPR
2022Q4,2022,Q4,2022-03-24,2022-01-29,7563000.0,594929000.0,10305000.0,0.11,173548000.0,0.2917121203,1259454000.0,1308000.0,490737000.0,586653000.0,1258146000.0,358795000.0,77093000.0,194474000.0,1015628000.0,0.019504920966298838,0.8365030094451064,0.6846855859761453,659.2737003058104,0.006377823236887431,0.019504920966298838,5.782110091743119,0.32688606539603887,6.428467539336242,148.68042813455656,0.0,1.1744338689223652,0.0,0.47237056692820856,0.18168320966567972,0.006004983111729368,-34.85197132616487,0.2917121202698137,-0.42105263157894735,-0.6116843952549632,0.024862308199127454,-0.9975940063700354,0.1067547574103362,-0.42205410362219165,-0.36600221483942413,8.069041935667796,-0.03726591643609055,-0.9977269179801399,Apparel Retail,Consumer Cyclical,EXPR
2022Q3,2022,Q3,2021-12-08,2021-10-30,13086000.0,471981000.0,16254000.0,0.19,156808000.0,0.3322337128,1324128000.0,-8169000.0,511539000.0,624233000.0,1332297000.0,383588000.0,69789000.0,257303040.0,1122937040.0,-0.12191445542190252,0.8194680511924234,0.6815270124942604,-110.46994736197821,0.009476078042220348,-0.12191445542190252,-1.6019096584649284,0.5451555041410565,4.91561668959193,-31.497495409474844,0.0,0.8216445769940666,0.0,0.35644665772493295,0.16688960692561913,0.009882730370477778,81.52821292775666,0.3322337127977609,0.2666666666666667,0.31801646534008027,0.09120078359528941,-1.0156513986047555,0.05023876978306442,0.23000281981389228,0.10002707092582566,0.7774945984334739,-0.008149155448768335,-1.0144676361522347,Apparel Retail,Consumer Cyclical,EXPR
2022Q2,2022,Q2,2021-09-09,2021-07-31,10639000.0,457627000.0,14776000.0,0.15,149307000.0,0.3262635290312853,1250380000.0,-23494000.0,384113000.0,520049000.0,1273874000.0,266593000.0,57422000.0,312011630.0,1233573630.0,-0.3531498489335157,0.7386092464363935,0.7640989139301653,-40.66629777815613,0.008334746414421897,-0.3531498489335157,-0.45283902272920745,0.6818033682453177,7.331789406899145,-13.28048139950626,0.0,1.1565194885087005,0.0,0.36599033893696314,0.1888552809446802,0.008508613381532014,5.018281141938078,0.3262635290312853,1.2142857142857144,0.24224947933902588,0.0738359532332917,-1.046666636139055,0.8946627074767778,1.2326786807803343,1.3643357333070323,4.294255040854906,0.030669224554082126,-1.0418769846036091,Apparel Retail,Consumer Cyclical,EXPR
2022Q1,2022,Q1,2021-06-03,2021-05-01,-45724000.0,345759000.0,-40556000.0,-0.7,78804000.0,0.22791597615680287,1406739000.0,-35679000.0,482350000.0,552442000.0,1442418000.0,264488000.0,53349000.0,198860000.0,1230485000.0,-0.5472239263803681,0.8731233324041257,0.7931087429864389,-31.270411166232236,-0.02057079146938336,-0.5472239263803681,1.2815381597017854,0.5751404880277882,-1.0872845770273816,-5.573586703663219,0.0,1.0093274553098817,0.0,0.24578759812587836,0.3508766531147161,-0.032503541879481554,-38.67366783352781,0.22791597615680287,0.14634146341463414,-5.304142237754112,-0.16630004251827293,-1.0728896211092034,0.10352746775706824,0.14181681681681682,0.3534419538947167,-103.2863638736932,-0.1657753524197852,-1.0650449473779389,Apparel Retail,Consumer Cyclical,EXPR
2021Q4,2021,Q4,2021-03-25,2021-01-30,-53280000.0,430335000.0,-62726000.0,-0.82,71411000.0,0.16594281199530597,1458457000.0,9689000.0,474510000.0,515053000.0,1448768000.0,264360000.0,114732000.0,389718000.0,1452266000.0,0.14916939941188243,0.9212838290428363,0.7668529137300586,115.43213953968417,-0.025372667475592744,0.14916939941188243,-5.499019506657033,0.9056153926592073,-1.8286317567567567,40.222726803591705,0.0,1.3577091844454532,0.0,0.2950618358991729,0.3529190199843511,-0.03653175924967277,-5.173614061172472,0.16594281199530597,0.41007194244604317,-2.206849846346015,-0.28549193261216976,-0.9800703697775649,4.120536354510254,0.4102867768320623,0.43447293447293445,-3.1834047758751907,-0.2519869833336437,-0.9821332009722769,Apparel Retail,Consumer Cyclical,EXPR
2021Q3,2021,Q3,2020-12-09,2020-10-31,-90349000.0,322061000.0,-110916000.0,-1.39,13946000.0,0.04330235576490168,1672071000.0,60820000.0,613741000.0,636601000.0,1611251000.0,350643000.0,169038000.0,39634348.0,1082500348.0,0.9375963495097737,0.9640905370868095,0.6878972244599662,18.911756001315357,-0.04079367312340883,0.9375963495097737,-1.4855146333442946,0.12306472376351064,-0.109670134699886,0.6516663597500822,0.0,0.8787142478247106,0.0,0.19261203621138098,0.3644637692997655,-0.054034188739592995,-0.468275239546781,0.04330235576490168,0.16766467065868265,-5.460051519450821,-0.23485517118588636,-0.8696912730869752,1.3165444764736591,0.16164980978008722,0.18620041968098375,-18.50568359457788,-0.2153703632834266,-0.884363938620771,Apparel Retail,Consumer Cyclical,EXPR
2021Q2,2021,Q2,2020-09-09,2020-08-01,-107770000.0,245703000.0,-136294000.0,-1.67,-44057000.0,-0.17930997993512493,1687444000.0,148876000.0,565892000.0,528094000.0,1538568000.0,232302000.0,260529000.0,65291450.0,1061946450.0,2.302977801840823,1.0715743788037735,0.7049413195341594,7.99019989790161,-0.04526800660660125,2.302977801840823,-0.7238910234020258,0.2657332226305743,-0.15146016980606847,0.4385626293022381,0.0,1.2473418222830626,0.0,0.14560660976008685,0.5688835699704977,-0.06386582310287038,-1.4477360917093505,-0.17930997993512493,0.30705394190871377,-7.713213168897903,-0.3990822813218632,-0.6737508154563251,0.046529746575194236,0.30042194092827,0.06184651601401441,-10.12900620309356,-0.37423689142595723,-0.7115639798430806,Apparel Retail,Consumer Cyclical,EXPR
2021Q1,2021,Q1,2020-06-09,2020-05-02,-154050000.0,210275000.0,-145279000.0,-2.41,-46207000.0,-0.21974557127571037,1799184000.0,254214000.0,554080000.0,471940000.0,1544970000.0,268787000.0,371981000.0,122937600.0,1157118600.0,3.9702327034202716,1.1740475484171717,0.7060789780255938,4.99723067966359,-0.05747202543529881,3.9702327034202716,-0.6059855082725578,0.584651527761265,-0.19950925024342744,0.48359885765536126,0.0,0.9542202561879852,0.0,0.11687242661117485,0.5277831927787431,-0.08562214870741403,-0.9078647702600913,-0.21974557127571037,-0.09049773755656117,-16.55364475526121,-0.44800241048419887,-0.41292639887278026,-1.2819201835254208,-0.08780081346740481,0.23487433904232236,-40.653830193603035,-0.4483913160224687,-0.508190991149922,Apparel Retail,Consumer Cyclical,EXPR
2020Q4,2020,Q4,2020-03-17,2020-02-01,-141616000.0,606725000.0,-189876000.0,-2.21,163901000.0,0.2701405084675924,1790739000.0,406302000.0,470689000.0,467475000.0,1384437000.0,220303000.0,533690000.0,256615940.0,1172954940.0,6.349063974747633,1.006875233969731,0.6273823265143609,2.765130371004819,-0.05359907829826476,6.349063974747633,-0.34854861654631286,0.42295263916931064,-0.4530136778330132,0.6315891627410153,0.0,2.010067951866293,0.0,0.33881263545385454,0.4662559495160169,-0.07908243468199441,6.207448959845186,0.2701405084675924,-43.2,-5.45922314310051,0.10000226950731127,-0.03898822795180027,0.19050939545154097,-44.60901771336554,-27.445842696629214,-8.61951552831618,0.09525832874626239,-0.21682289787920644,Apparel Retail,Consumer Cyclical,EXPR
2020Q3,2020,Q3,2019-12-11,2019-11-02,-3105000.0,488483000.0,-6675000.0,-0.05,137673000.0,0.28183785310850124,2077914000.0,549002000.0,566337000.0,570058000.0,1528912000.0,345931000.0,675539000.0,219245400.0,1210316400.0,8.263373370661368,0.9934725940167491,0.5577641808082529,2.1110779195704206,-0.001207883268146844,8.263373370661368,-0.005655717101212746,0.4488291301846738,-17.652608695652173,0.3993526435240673,0.0,1.014103968710523,0.0,0.2350833576365528,0.31595732364075235,-0.001494287059040942,9.638007736943907,0.28183785310850124,0.6428571428571429,-1.2697701986514465,0.24394420427418698,0.35934678973269696,0.0883413176492909,0.6799958775636401,0.3160860655737705,-1.315407972700067,0.1390079358415255,0.06085328435062719,Apparel Retail,Consumer Cyclical,EXPR
2020Q2,2020,Q2,2019-09-10,2019-08-03,-9703000.0,472715000.0,-9760000.0,-0.14,126498000.0,0.26759887035528807,2052607000.0,558464000.0,472745000.0,477311000.0,1494143000.0,268805000.0,679143000.0,147284070.0,1210525070.0,8.303926962365992,0.990433909966458,0.5930019726133644,2.1795496218198487,-0.0035248256611591167,8.303926962365992,-0.01737444132477653,0.3115705446199084,-3.7948075337524476,0.2637306433360073,0.0,1.2879857145514406,0.0,0.23029980897463567,0.34879983909861706,-0.00472715916880338,13.886863096360551,0.26759887035528807,0.06666666666666654,-2.768458889865295,0.2289415827875263,0.4151728988815015,0.03261144625029591,0.023253472921280452,0.1552709018521724,-2.120728260993458,0.09726609932424055,0.09731418333688094,Apparel Retail,Consumer Cyclical,EXPR
2020Q1,2020,Q1,2019-06-11,2019-05-04,-9934000.0,451271000.0,-11554000.0,-0.15,122503000.0,0.2714621591017371,2126687000.0,565747000.0,479221000.0,493866000.0,1560940000.0,285641000.0,689713000.0,265374650.0,1391499650.0,8.463564963722044,0.9703462072707981,0.597341310686528,2.245452472571662,-0.0034078536101136434,8.463564963722044,-0.017559085598332823,0.5880605002315682,-6.6784439802697815,0.46906947805291055,0.0,1.1509832271977762,0.0,0.21219436616671847,0.3202265391826933,-0.004671115213475231,-12.623062835941587,0.2714621591017371,-6.5,-3.456067252050401,0.23112081130415857,0.4717224868348262,-0.2926956009630652,-8.130514705882353,-1.919831223628692,-1.912105810947332,0.06133473854381115,0.1273374823344739,Apparel Retail,Consumer Cyclical,EXPR
2019Q4,2019,Q4,2019-03-19,2019-02-02,-1088000.0,628426000.0,12561000.0,-0.02,173197000.0,0.27560444666516026,1086627000.0,585178000.0,512028000.0,274692000.0,501449000.0,267766000.0,713864000.0,360074880.0,188404880.0,8.58082585488885,1.8640076886112447,0.0,0.0,-0.005426163279317888,8.58082585488885,-0.0018592633352586734,0.5729789664972487,-82.73779411764707,0.6153253881724877,0.0,1.7001000873897358,0.0,0.5783272456878027,0.6881853130051112,-0.0010012635430557129,9.469175827065692,0.27560444666516026,-1.1818181818181819,-1.027908374306708,0.07083888287699672,0.5158821945730053,0.09515077553446434,-1.136563323710305,0.23122917075083316,-1.023472439660937,-0.006209308160244071,0.14643276010550693,Apparel Retail,Consumer Cyclical,EXPR
2019Q3,2019,Q3,2018-12-12,2018-11-03,7967000.0,514961000.0,10202000.0,0.11,158149000.0,0.3071086936680642,1194266000.0,611037000.0,598491000.0,352980000.0,583229000.0,362767000.0,715099000.0,674361600.0,513172600.0,8.42670178729038,1.6955379908210098,0.0,0.0,0.013079516035725066,8.42670178729038,0.013038490304187798,1.3095391689856124,21.161089494163427,1.1036346407828004,0.0,0.9835845046545028,0.0,0.4311945579962923,0.5005524392316845,0.006671043134444085,-147.5304309779042,0.3071086936680642,2.666666666666667,-0.5213887700290217,0.18499202210973056,0.6752087466939557,0.12639331068424464,2.5662488809310653,2.810982443033246,-0.6481707304184876,0.09446146240566243,0.17115727098516573,Apparel Retail,Consumer Cyclical,EXPR
2019Q2,2019,Q2,2018-09-13,2018-08-04,2234000.0,493605000.0,2677000.0,0.03,140403000.0,0.28444403926216305,1126257000.0,623690000.0,527300000.0,269041000.0,502567000.0,270445000.0,707146000.0,723309240.0,532464240.0,8.433029557316315,1.9599243238019484,0.0,0.0,0.002982509130739897,8.433029557316315,0.003581907678494124,1.4653604400279576,80.94329006266786,1.1597255687921884,0.0,1.3060030690158813,0.0,0.43827030597812044,0.7512721109421984,0.001983561478419224,31.199984471379892,0.28444403926216305,1.9999999999999996,-0.8481537323969213,0.1669197499972037,0.7138005824149134,-0.01927187382126542,3.3210831721470018,-0.035315315315315315,-0.8783630546460254,0.05519781292509989,0.19465720169252324,Apparel Retail,Consumer Cyclical,EXPR
2019Q1,2019,Q1,2018-06-13,2018-05-05,517000.0,479352000.0,2775000.0,0.01,143162000.0,0.2986573540946945,1140989000.0,634400000.0,529384000.0,269899000.0,506589000.0,277513000.0,704912000.0,573093200.0,388572200.0,8.413012054583792,1.9614151960548205,0.0,0.0,0.0008694607952223245,8.413012054583792,0.0008149432534678437,1.195558170196432,277.12437137330755,0.9033625472887767,0.0,1.2114387434102185,0.0,0.42011973822709947,0.7253417018958944,0.00045311567420895383,-17.52632190586868,0.2986573540946945,-0.9729729729729729,-0.9820136830656746,0.06373994703155339,0.7563615462560942,-0.31160200803985305,-0.9824322946753202,-0.9372242958941296,-0.9556766217023436,0.06850343341800838,0.2440221146121543,Apparel Retail,Consumer Cyclical,EXPR
2018Q4,2018,Q4,2018-04-04,2018-02-03,29429000.0,693814000.0,44205000.0,0.37,207964000.0,0.2997402762123566,1187607000.0,654000000.0,565136000.0,290864000.0,533607000.0,266271000.0,710081000.0,520914450.0,284692450.0,8.348971697751905,1.9429561582045216,0.0,0.0,0.04517424223325417,8.348971697751905,0.04499847094801223,0.7507984128311046,4.425179669713549,0.7965052752293579,0.0,1.824644816746848,0.0,0.58421178049641,0.8536841960503878,0.024780082973576277,9.358024791161412,0.2997402762123566,3.6249999999999996,-0.500919679415747,0.03246581754777518,0.9107426188398539,0.3975981344211396,3.6936204146730462,2.959957000806235,-0.24296338637869358,0.027635851519400813,0.2637233012533547,Apparel Retail,Consumer Cyclical,EXPR
2018Q3,2018,Q3,2017-12-06,2017-10-28,6270000.0,498651000.0,11163000.0,0.08,148801000.0,0.29840710236217316,1256977000.0,638964000.0,617210000.0,368693000.0,618013000.0,342696000.0,680653000.0,565819900.0,367525900.0,8.10816572552503,1.6740485986986462,0.0,0.0,0.010347613190066232,8.10816572552503,0.009812759404285687,1.134701223902088,22.560602073365228,0.8855270406470473,0.0,1.02087564488643,0.0,0.3967065427609256,0.58128849747622,0.004988158096767085,22.258847364280093,0.29840710236217316,1.5333333333333332,-0.6073431313723664,0.16119655446750195,1.300071228758779,0.13182475089374002,1.5312658871377733,1.702871174914998,-0.5407357028802516,0.07055976715135508,0.33381472132742207,Apparel Retail,Consumer Cyclical,EXPR
2018Q2,2018,Q2,2017-09-06,2017-07-29,-11802000.0,478536000.0,-15882000.0,-0.15,131470000.0,0.2747337713359079,1161321000.0,629056000.0,511166000.0,302059000.0,532265000.0,261222000.0,674382000.0,478231020.0,304917020.0,7.984362704033711,1.6922720395684288,0.0,0.0,-0.018561594776946293,7.984362704033711,-0.018761445721843524,0.9993626811775916,-10.130296136248095,0.7602360044256792,0.0,1.3286246947041214,0.0,0.4120617813679422,0.6232623427873363,-0.010162564872244624,-76.1393122114313,0.2747337713359079,-1.5,-1.8293836093298916,0.1702322018952239,1.3536895427886217,0.035213152963038785,-1.6047230192010593,-0.629591627334291,-2.8361457751346095,0.06196225575292348,0.36071207812855055,Apparel Retail,Consumer Cyclical,EXPR
2018Q1,2018,Q1,2017-06-07,2017-04-29,-4531000.0,467029000.0,-9746000.0,-0.06,126998000.0,0.27192743919542467,1206769000.0,633272000.0,547600000.0,335274000.0,573497000.0,287496000.0,686184000.0,676988980.0000001,485996980.0000001,8.072712439130102,1.6332909799149353,0.0,0.0,-0.0066215638356296735,8.072712439130102,-0.007154903422226152,1.4495651876007702,-37.353177002869124,1.0690334958753902,0.0,1.1827329771544648,0.0,0.3870077869086793,0.6180318187512304,-0.0037546539561423933,-49.516455529549454,0.27192743919542467,-1.206896551724138,-1.1219713015405781,0.06652558709941289,1.1964482432992989,-0.3413650036303288,-1.1989549486256257,-1.2512373685295937,-1.9545711071039098,0.08568845651060031,0.4037574565026015,Apparel Retail,Consumer Cyclical,EXPR
2017Q4,2017,Q4,2017-03-24,2017-01-28,22774000.0,678781000.0,38792000.0,0.29,192820000.0,0.28406805729683066,1185189000.0,635687000.0,514133000.0,282397000.0,549502000.0,241424000.0,690715000.0,795117960.0,587744960.0,8.106804907286964,1.8206036183103929,0.0,0.0,0.036334406622667445,8.106804907286964,0.035825807354877476,1.1713910082928072,8.728352068147888,1.2508010388760507,0.0,2.012894326993174,0.0,0.572719625308706,0.7902350237431701,0.019215500650107284,7.292519260400616,0.28406805729683066,0.9333333333333332,-0.5735983997125231,0.14022142166156915,1.5567200699965518,0.27091888186557866,0.9604028578806921,1.5688365008939806,-0.4919455568622655,0.005923510215461073,0.4321420130944441,Apparel Retail,Consumer Cyclical,EXPR
2017Q3,2017,Q3,2016-12-07,2016-10-29,11617000.0,506090000.0,15101000.0,0.15,151717000.0,0.2997826473552135,1211745000.0,610694000.0,513285000.0,415093000.0,601051000.0,341936000.0,667941000.0,938459970.0,836604970.0,7.78936493156975,1.2365542179704307,0.0,0.0,0.019887883351931042,7.78936493156975,0.019022620166564596,1.8543341500523622,20.19583304639752,1.5367106439558929,0.0,1.0363723035889758,0.0,0.4176538793227948,0.2845844184315322,0.009587000565300456,-55.76113903743315,0.2997826473552135,0.15384615384615377,-0.5979614495290896,0.17547745651797417,2.1661584821515936,0.005287604609094945,0.14520899053627762,-0.15575557667579806,-0.3545385066160715,0.07710272535134371,0.5485076598103608,Apparel Retail,Consumer Cyclical,EXPR
2017Q2,2017,Q2,2016-09-01,2016-07-30,10144000.0,504767000.0,17887000.0,0.13,150919000.0,0.29898745361721346,1142546000.0,596304000.0,449788000.0,351619000.0,546242000.0,256602000.0,656324000.0,1178818080.0,1059254080.0,7.567501713241453,1.2791913975069606,0.0,0.0,0.017748713002254096,7.567501713241453,0.017011457243285306,2.335370735408614,29.05210173501577,1.9768743459711826,0.0,1.3789760017458945,0.0,0.4417914027093876,0.3841970997016657,0.008878417149068833,39.71625214783869,0.29898745361721346,-0.1875,-0.09638158015144259,0.2721882005746492,2.670406348462073,-0.10032310370317381,-0.21254463592609843,-0.43788693001477014,-0.35285715062617945,0.12001118068838955,0.5379038761138062,Apparel Retail,Consumer Cyclical,EXPR
2017Q1,2017,Q1,2016-06-08,2016-04-30,12882000.0,502909000.0,31821000.0,0.16,167748000.0,0.33355537482924347,1127700000.0,593571000.0,459459000.0,343052000.0,534129000.0,281348000.0,646180000.0,1437365340.0,1326332340.0,7.507569912601343,1.339327565500274,0.0,0.0,0.03323371572209507,7.507569912601343,0.02170254274551823,2.8581022411609256,27.89484047508151,2.4215558711594736,0.0,1.191268464677197,0.0,0.44595991841801896,0.3718707367979199,0.011423250864591646,-42.390153945971456,0.33355537482924347,-0.7611940298507462,-0.5881969109766558,0.20436381906083162,2.970615668540295,-0.3561872011176186,-0.7704398032646661,-0.6574408991086423,-0.5725617656046686,0.06440941308173677,0.5673348635151293,Apparel Retail,Consumer Cyclical,EXPR
2016Q4,2016,Q4,2016-03-30,2016-01-30,56116000.0,765553000.0,92892000.0,0.67,260554000.0,0.3403474351220621,1178644000.0,617953000.0,513419000.0,307403000.0,560691000.0,255350000.0,633298000.0,1400234560.0,1213331560.0,7.484805174355931,1.6701821387559652,0.0,0.0,0.09246484812969168,7.484805174355931,0.0908094952205103,1.829049797989166,6.2381253118540165,2.2659240427670064,0.0,1.9776737810847855,0.0,0.6495201265182702,0.6799966168189641,0.047610644096096874,9.748221665274297,0.3403474351220621,1.1612903225806452,0.2453239977696036,0.32337888959157957,4.1005840334765224,0.36352170977921283,1.1331204622343862,1.085913816720185,-0.0970754491055771,0.08088054710459824,0.7129697833573756,Apparel Retail,Consumer Cyclical,EXPR
2016Q3,2016,Q3,2015-12-09,2015-10-31,26307000.0,546616000.0,44533000.0,0.31,191089000.0,0.34958544938311353,1196945000.0,606123000.0,541135000.0,339101000.0,590822000.0,364662000.0,577182000.0,1625832000.0,1534617000.0,7.195192307692308,1.5957929938277977,0.0,0.0,0.04468339436900875,7.195192307692308,0.043402081755683254,2.9743585990896717,15.450564488539172,2.6823466524121344,0.0,0.974949405202626,0.0,0.4566759542000677,0.34510367117761376,0.021978453479483184,-38.74811125145976,0.34958544938311353,0.24,0.04890969665122744,0.2721911129079419,3.875196837385917,0.07844122128788307,0.25104622408217614,0.24168409312700403,0.5411765701485596,0.19076702393779119,1.041084922599794,Apparel Retail,Consumer Cyclical,EXPR
2016Q2,2016,Q2,2015-09-03,2015-08-01,21028000.0,535582000.0,35865000.0,0.25,177190000.0,0.33083636119212373,1147276000.0,597731000.0,507218000.0,311825000.0,549545000.0,272011000.0,550875000.0,1612250080.0,1456605080.0,7.058953434817011,1.6266110799326545,0.0,0.0,0.03687622694324783,7.058953434817011,0.03517970458283074,3.0102768203561734,19.16789613848202,2.6972836945047187,0.0,1.3175643632058998,0.0,0.4668292546867537,0.5699286458750902,0.018328632343045614,53.16746075715605,0.33083636119212373,0.6666666666666667,-0.00894079796583906,0.37058199688155263,5.034472877324413,0.064562255172911,0.609860664523044,0.05646871686108165,0.37493255476226756,0.21861632241806117,1.0808905479916273,Apparel Retail,Consumer Cyclical,EXPR
2016Q1,2016,Q1,2015-06-09,2015-05-02,13062000.0,502378000.0,33948000.0,0.15,166444000.0,0.3313122788020176,1082748000.0,571067000.0,456513000.0,277515000.0,511681000.0,265908000.0,529847000.0,1410198100.0,1282500100.0,6.762751204954822,1.6450029728122804,0.0,0.0,0.03532076433371949,6.762751204954822,0.02287297287358576,2.807045889748357,26.990470448629612,2.4694091936672926,0.0,1.263346721422447,0.0,0.463984232711582,0.5258058122984344,0.012063748905562513,-79.31372890888639,0.3313122788020176,-0.6938775510204082,-0.6129477872066575,0.06678698717112087,7.3228705788347614,-0.2763241419490604,-0.6874371859296482,-0.556084420848916,-0.6733516829780086,0.06577417492767992,0.8400299919011945,Apparel Retail,Consumer Cyclical,EXPR
2015Q4,2015,Q4,2015-03-27,2015-01-31,41790000.0,725801000.0,76474000.0,0.49,229998000.0,0.3168885135181682,1278150000.0,556339000.0,654236000.0,287459000.0,721811000.0,241063000.0,516785000.0,1101453720.0,954821720.0,6.60664537044734,2.275928045390821,0.1561060908344091,0.3586428418644028,0.060861698520359594,6.60664537044734,0.07511607131622985,1.5175698573024838,6.589218234027279,1.9798247471415809,0.0,2.0567362058880874,0.0,0.5678527559363142,1.2851606663906854,0.03269569299378007,8.469723943835259,0.3168885135181682,1.8823529411764701,-0.19325744254536928,0.1785558974345323,4.528383591058767,0.45976719684179795,1.8652725402811108,1.50537282138645,-0.27140367045406966,0.135304029189948,1.0836005068765617,Apparel Retail,Consumer Cyclical,EXPR
2015Q3,2015,Q3,2014-12-10,2014-11-01,14585000.0,497608000.0,30524000.0,0.17,157558000.0,0.31663076156331893,1278070000.0,511779000.0,640049000.0,332893000.0,766291000.0,350269000.0,474995000.0,1260309330.0,1241930330.0,6.078929551366568,1.9226868693544172,0.15604387866079322,0.389689690276467,0.02573642959374501,6.078929551366568,0.02849862929115888,2.5327352655102007,21.602833904696606,2.4626046203537073,0.0,0.9708252799990864,0.0,0.38934330670464057,0.7157915606516208,0.011411738011220043,-36.108911268372346,0.31663076156331893,1.125,-0.5449490820686534,0.03735194196019158,2.553471639778321,0.15830178276052195,1.123926023008592,1.089539978094195,-0.5299474709022922,0.0763168852561109,1.470914449450826,Apparel Retail,Consumer Cyclical,EXPR
2015Q2,2015,Q2,2014-09-10,2014-08-02,6867000.0,481420000.0,14608000.0,0.08,136025000.0,0.28254954094138174,1198922000.0,493903000.0,567183000.0,277331000.0,705019000.0,239898000.0,460410000.0,1348435440.0,1294453440.0,5.867782635555767,2.045148216391244,0.16627019939579055,0.40361164034233443,0.016738023938667256,5.867782635555767,0.013903539763880762,2.8009543434007727,49.09114023591087,2.7301624812969347,0.0,1.43975773036874,0.0,0.40154405374161123,0.9860275266739023,0.005727645334725695,390.51127715030407,0.28254954094138174,0.3333333333333334,1.8982698108474327,0.13811856521028454,0.0,-0.009812699729932374,0.35097383434979346,-0.025548662530851845,-0.4273484636356632,0.13587903933120823,1.8460048577530102,Apparel Retail,Consumer Cyclical,EXPR
2015Q1,2015,Q1,2014-06-11,2014-05-03,5083000.0,460652000.0,14991000.0,0.06,137373000.0,0.2982142702083134,1172144000.0,483095000.0,554258000.0,264710000.0,689049000.0,235033000.0,453543000.0,1221432700.0,1170481700.0,5.750788643533123,2.0938309848513468,0.1699936185315115,0.41245924714600646,0.012246021831488341,5.750788643533123,0.010521740030428798,2.651530222380452,60.07439996065315,2.528348875479978,0.0,1.3754621691422055,0.0,0.3929994949426009,1.022001435533225,0.004336497904694304,-21.01425744959053,0.2982142702083134,-0.8947368421052633,-0.41105729431520194,0.08341594933892496,0.0,-0.4004268542846917,-0.893940658515211,-0.8245024584406462,-0.8470693381255401,0.038267850951595635,2.0414863611392273,Apparel Retail,Consumer Cyclical,EXPR
2014Q4,2014,Q4,2014-04-01,2014-02-01,47926000.0,721451000.0,85420000.0,0.57,229118000.0,0.31757943366909186,1182670000.0,474569000.0,583461000.0,299207000.0,708101000.0,212510000.0,448460000.0,1452056840.0,1339342840.0,5.6606152414804916,1.950024564933307,0.1684070788977483,0.41968607304733346,0.07619946794605,5.6606152414804916,0.10098847585914798,2.012689482723012,7.5744733547552485,3.05973807812984,0.0,2.3167521528398662,0.0,0.610018855640204,1.1004689061419017,0.040523561094810895,11.100163896830615,0.31757943366909186,1.4782608695652173,2.557442895001166,0.25944616565885287,3.3118475484363548,0.3863673494085257,1.487465614781751,1.325619384699156,0.047384275225877216,0.22816013060707244,2.8574743160009803,Apparel Retail,Consumer Cyclical,EXPR
2014Q3,2014,Q3,2013-12-05,2013-11-02,19267000.0,502992000.0,36730000.0,0.23,165265000.0,0.3285638737793046,1168726000.0,422183000.0,592938000.0,351118000.0,746543000.0,343020000.0,400534000.0,1931206290.0000002,1948739290.0000002,5.030239845583767,1.688714335351648,0.17034446054935032,0.47156327943095766,0.035932081809143465,5.030239845583767,0.0456366078217266,3.8394373866781186,25.058471609487725,4.574334565816246,0.0,0.9845694128622238,0.0,0.4303763243052692,0.5667211592683941,0.016485472215044417,-60.1116285367448,0.3285638737793046,0.15,-0.39700881812684474,0.051824180325931425,1.9404543154388865,0.08337102663441431,0.139452362647111,0.09920694298967529,-0.2289417604092897,0.1749987509736838,2.408304926091395,Apparel Retail,Consumer Cyclical,EXPR
2014Q2,2014,Q2,2013-09-04,2013-08-03,16909000.0,486158000.0,33415000.0,0.2,152547000.0,0.31378070503827976,1093791000.0,418261000.0,547895000.0,301599000.0,675530000.0,241933000.0,381267000.0,1942272850.0000002,1907025850.0000002,4.920659756944036,1.8166340074071863,0.18193877989487936,0.4757866499625832,0.03261777589343559,4.920659756944036,0.04042691046977844,3.9951473595004097,28.716554054054058,4.643686238975185,0.0,1.3789396237801375,0.0,0.44447065298580807,0.8214881349076091,0.015459077648289299,803.2559346567413,0.31378070503827976,-0.47368421052631576,3.1902883457178564,0.13811049281175214,0.0,-0.10674739572659082,-0.4787125813114653,-0.4306913824240979,-0.20610881055374217,0.23936125474557793,3.206514197325949,Apparel Retail,Consumer Cyclical,EXPR
2014Q1,2014,Q1,2013-06-06,2013-05-04,32437000.0,508524000.0,58694000.0,0.38,170777000.0,0.33582879077487,1036863000.0,407607000.0,516528000.0,275836000.0,629256000.0,226329000.0,364358000.0,1585319850.0,1540028850.0,4.790022915564957,1.8725909598457053,0.1918508038188266,0.4880264568567272,0.058496708996980985,4.790022915564957,0.07957910438240756,3.117492684711046,12.218453078274809,3.8893342116303202,0.0,1.4922833574133232,0.0,0.4904447357076104,0.9244152322394467,0.03128378580391045,-137.94986512356422,0.33582879077487,-0.49333333333333335,2.7101777093900945,0.18068708200388064,0.0,-0.33241469354567593,-0.49272007882019925,-0.4731617119057877,-0.046193742097112696,0.07156411837204797,5.478457664179633,Apparel Retail,Consumer Cyclical,EXPR
2013Q4,2013,Q4,2013-04-02,2013-02-02,63943000.0,728711000.0,111408000.0,0.75,255813000.0,0.3510486324482545,1019199000.0,371162000.0,515862000.0,312776000.0,648037000.0,215082000.0,331921000.0,1571464000.0,1514010000.0,4.369490487850819,1.649301736706141,0.19509732642987287,0.5357310284996848,0.11784852277671114,4.369490487850819,0.17227787327366487,2.156498255138182,6.144003252897112,4.233903255182374,0.0,2.1986870123952724,0.0,0.7149840217661124,0.854672353377497,0.0627384838485909,10.210809476160154,0.3510486324482545,2.75,3.050864548038208,0.2555416247823648,2.3283620320797347,0.6881112328260899,2.67024451842498,2.238416371141213,0.22371816433211572,0.17304250914564043,2.656351773076357,Apparel Retail,Consumer Cyclical,EXPR
2013Q3,2013,Q3,2012-12-05,2012-10-27,17422000.0,468527000.0,34402000.0,0.2,151538000.0,0.32343493544662316,951354000.0,303095000.0,451913000.0,313719000.0,648259000.0,286877000.0,267979000.0,958677000.0,1054999000.0,3.525180274482438,1.4405024878952184,0.2089232819749536,0.6557679935333807,0.04016251469222979,3.525180274482438,0.05748032794998268,2.046151022246317,13.756701297210425,3.1629588082944293,0.0,1.1049648455609895,0.0,0.49248439592412496,0.35654200096264493,0.01831284674264259,-74.55879608026132,0.32343493544662316,0.11111111111111122,-0.46775758512039334,-0.04361819782682687,1.0606634810668705,0.03424082554719119,0.1006380693663529,0.10276958584433901,-0.46775758512039334,-0.04361819782682687,1.0606634810668705,Apparel Retail,Consumer Cyclical,EXPR
2013Q2,2013,Q2,2012-08-30,2012-07-28,15829000.0,454879000.0,31196000.0,0.18,146521000.0,0.32210983580248814,875375000.0,297299000.0,401356000.0,271431000.0,578076000.0,210353000.0,250556000.0,1446060000.0,1514571000.0,3.3922752167959835,1.4786667698236384,0.22697129801513638,0.6683002633712188,0.037995635010549374,3.3922752167959835,0.05324269506456463,3.1789992503500932,22.838776928422515,4.863992142590456,0.0,1.4659073081914686,0.0,0.5196390118520634,0.5249289874774805,0.018082536055976012,-20957.391304347828,0.32210983580248814,-0.6170212765957447,2.98865072755789,0.032819774458068905,0.0,-0.22379971075452806,-0.6237729660352245,-0.5815818769532036,2.98865072755789,0.032819774458068905,0.0,Apparel Retail,Consumer Cyclical,EXPR
2013Q1,2013,Q1,2012-05-31,2012-04-28,42073000.0,495952000.0,74557000.0,0.47,188767000.0,0.3806154627867213,879075000.0,326540000.0,426673000.0,259003000.0,552535000.0,196463000.0,234727000.0,2159846260.0,2178018260.0,3.6753483555815682,1.6473670189148388,0.22593180331598556,0.6082287009248484,0.08535228505007915,3.6753483555815682,0.12884485821032646,4.354950196793238,12.833921160839493,6.614339009003491,0.0,1.563576856710933,0.0,0.5641748428746125,0.7275321135276426,0.047860535221681884,75.77078617786353,0.3806154627867213,-0.3088235294117648,3.6091800569929755,0.10288229745687616,0.0,-0.24597858172856077,-0.30335794946517863,-0.31537529154652805,3.6091800569929755,0.10288229745687616,0.0,Apparel Retail,Consumer Cyclical,EXPR
2012Q4,2012,Q4,2012-03-23,2012-01-28,60394000.0,673153000.0,108902000.0,0.68,250347000.0,0.37190207872504466,862199000.0,281147000.0,412036000.0,291210000.0,581052000.0,208954000.0,192654000.0,1939169160.0,1985346160.0,3.1707831461181035,1.414910202259538,0.23027050599687543,0.7061750614447246,0.135473226122413,3.1707831461181035,0.2148128914767008,2.8807257191158624,8.027159817200385,6.897349642713598,0.0,2.0234405658661716,0.0,0.7807397132216577,0.5542014353902682,0.0700464741898332,15.268447383961261,0.37190207872504466,0.8378378378378379,2.855682019497987,0.11110568861333742,1.4152734202858248,0.42268480632842337,0.8486072849709213,0.7890033348118213,2.855682019497987,0.11110568861333742,1.4152734202858248,Apparel Retail,Consumer Cyclical,EXPR
2012Q3,2012,Q3,2011-12-06,2011-10-29,32670000.0,486784000.0,60873000.0,0.37,175968000.0,0.36149092821456746,930149000.0,218079000.0,488754000.0,308633000.0,712070000.0,278540000.0,132260000.0,2042334720.0,2214258720.0,2.460194262378304,1.58360901135005,0.34070455378654385,1.4531706399974322,0.06796488838592787,2.460194262378304,0.14980809706574222,4.195566657901656,15.628517906336088,9.365114110024349,0.0,1.1158756372513823,0.0,0.5233398089983433,0.49525164191774695,0.035123404959850515,2801.5565432098765,0.36149092821456746,1.6428571428571426,-0.03191475470870795,-0.03620211094862417,0.4381200614080748,0.17443536761172512,1.5887480190174326,0.9173806224014112,-0.03191475470870795,-0.03620211094862417,0.4381200614080748,Apparel Retail,Consumer Cyclical,EXPR
2012Q2,2012,Q2,2011-09-02,2011-07-30,12620000.0,446041000.0,31748000.0,0.14,149832000.0,0.3359153082339964,856733000.0,182637000.0,417331000.0,278709000.0,674096000.0,207430000.0,99590000.0,1987802520.0,2160399520.0,2.0617612860255354,1.4973718107416696,0.3701841764003488,1.7364991759610593,0.037743061751710334,2.0617612860255354,0.06909881349343233,4.45654664033127,39.37802139461173,10.883898224346655,0.0,1.4279949862604253,0.0,0.5206301146331471,0.5499212440215422,0.014730376908558442,-185.72386433710176,0.3359153082339964,-0.641025641025641,2.568615036904273,0.00197162356336368,0.0,-0.15972946599818297,-0.6395624482335133,-0.5426875819252985,2.568615036904273,0.00197162356336368,0.0,Apparel Retail,Consumer Cyclical,EXPR
2012Q1,2012,Q1,2011-06-03,2011-04-30,35013000.0,467377000.0,69423000.0,0.39,178314000.0,0.38152069956373547,832346000.0,167321000.0,402894000.0,255772000.0,665025000.0,172794000.0,86970000.0,1912333730.0,2072782730.0,1.8907823217655633,1.5752076067747838,0.409974938306906,2.0394391618505745,0.08181252712823522,1.8907823217655633,0.20925645914141083,4.0916299475583955,13.65445498814726,11.429131609301882,0.0,1.6728763730222114,0.0,0.5615176861545559,0.7284260982437484,0.04206543913228393,104.25982608221568,0.38152069956373547,-0.28526921526225124,2.8510439859879675,0.043484056976193654,0.0,-0.21370679695561298,-0.27677022225894404,-0.2346203034044805,2.8510439859879675,0.043484056976193654,0.0,Apparel Retail,Consumer Cyclical,EXPR
2011Q4,2011,Q4,2011-03-22,2011-01-29,48412000.0,621498000.0,90704000.0,0.54566,226778000.0,0.3648893479946838,862749000.0,130162000.0,427293000.0,296835000.0,732587000.0,185209000.0,51957000.0,1523866000.0,1702261000.0,1.4674408117249154,1.4394966900803476,0.4244073305213915,2.813086768795808,0.10670645596424307,1.4674408117249154,0.37193650988767846,2.4519242217995876,7.869257622077171,11.707456861449579,0.0,2.1312139258891305,0.0,0.7203694237837425,0.6659255141745414,0.05611365530414988,9.755364642015774,0.3648893479946838,0.8188666666666669,2.486983270457531,0.02547390545589191,0.11779034549902591,0.38007460915392244,0.8406904680430402,0.7371253471224744,2.486983270457531,0.02547390545589191,0.11779034549902591,Apparel Retail,Consumer Cyclical,EXPR
2011Q3,2011,Q3,2010-12-03,2010-10-30,26301000.0,450577000.0,52215000.0,0.3,164323000.0,0.36469460269831794,833210000.0,130379000.0,368052000.0,274922000.0,702831000.0,240333000.0,53059000.0,1208491200.0,1493100200.0,1.475877292279828,1.338750627450695,0.4397318803182871,2.8101841554238027,0.06183419183199918,1.475877292279828,0.20172727203000484,2.682096955681271,11.487122162655412,9.269063269391543,0.0,1.1910723870629503,0.0,0.5407724343202794,0.3233062468627465,0.031565871749018856,-257.0710912571793,0.36469460269831794,0.19999999999999996,-0.2179693427655577,-0.10482953326178565,-0.1372678269103798,0.2638578032103494,0.18933707153839197,9.33960396039604,-0.2179693427655577,-0.10482953326178565,-0.1372678269103798,Apparel Retail,Consumer Cyclical,EXPR
2011Q2,2011,Q2,2010-09-10,2010-07-31,22114000.0,407277000.0,5050000.0,0.25,130017000.0,0.3192348205275525,784192000.0,103237000.0,321616000.0,264794000.0,680955000.0,184255000.0,26758000.0,1548857700.0,1828548700.0,1.1697713418088698,1.2145894544438318,0.4675168836203379,3.5512752210932126,-0.014127357955432705,1.1697713418088698,0.2142061470209324,3.8029589198506177,17.50992244731844,15.002932088301677,0.0,1.5047624216439175,0.0,0.5193587794825757,0.3532897271086203,0.02819972659756794,70.03968978927377,0.3192348205275525,-0.358974358974359,3.7589276400026446,-0.08169592323959733,0.0,-0.17295141406816533,-0.27639802362488136,-0.9015249015249015,3.7589276400026446,-0.08169592323959733,0.0,Apparel Retail,Consumer Cyclical,EXPR
2011Q1,2011,Q1,2010-04-30,2010-04-30,30561000.0,426462000.0,51282000.0,0.39,157206000.0,0.368628388930315,718117000.0,-81790000.0,282189000.0,243794000.0,799907000.0,155575000.0,0.0,1280872500.0,1711974500.0,-1.0695697659212764,1.157489519840521,0.716278823645729,-6.288935077637853,0.11708132228543246,-1.0695697659212764,-0.373652035701186,3.003485656400805,10.477998920192402,-15.660502506418876,0.0,1.7307150891852805,0.0,0.5938614459760735,0.3567602155918521,0.04255713205508294,-150.5845873501058,0.368628388930315,-0.3660051742504946,2.889865136288349,0.10183521616757335,0.0,-0.15366435350930557,-0.3355871035067504,-0.12159778009968997,2.889865136288349,0.10183521616757335,0.0,Apparel Retail,Consumer Cyclical,EXPR
2010Q4,2010,Q4,2010-01-31,2010-01-31,45997000.0,546839000.0,58381000.0,0.6151469762216814,185749000.0,0.33967767478179134,869554000.0,89358000.0,436648000.0,269288000.0,780196000.0,171704000.0,-17544000.0,1252464500.0,1433573500.0,1.1950410570519165,1.621490745967143,0.4778461142148734,4.649980975402315,0.11485392215535925,1.1950410570519165,0.5147496586763356,2.290371571888618,6.807316238015522,14.01625484008147,0.0,2.1029795461957788,0.0,0.6288729624612157,0.8867123674281809,0.05289723237429763,11.44357086078193,0.33967767478179134,0.6625593951937334,2.6759288272537285,0.07032917817855619,-0.0897040988812356,0.2779780661318509,0.6158007517476376,0.41505683883946964,2.6759288272537285,0.07032917817855619,-0.0897040988812356,Apparel Retail,Consumer Cyclical,EXPR
2010Q3,2010,Q3,2009-10-31,2009-10-31,28467000.0,426046000.0,41257000.0,0.37,145346000.0,0.34115095553062347,861537000.0,127916000.0,416111000.0,281468000.0,733621000.0,225697000.0,-40125000.0,1252464500.0,1509740500.0,1.710701580763367,1.4783598846049995,0.48247608634336075,3.249562212702086,0.07502794270862904,1.710701580763367,0.22254448231652021,2.939740075015374,10.999266694769382,9.791304449795177,0.0,1.2437028405339903,0.0,0.4945185174867707,0.5740403882501741,0.0330421096250074,30.637585616438358,0.34115095553062347,5.111111111111111,0.0,0.0,0.0,0.4138853490792712,5.213587921847247,5.594789002557545,0.0,0.0,0.0,Apparel Retail,Consumer Cyclical,EXPR
2010Q2,2010,Q2,2009-07-31,2009-07-31,-6756000.0,373823000.0,6256000.0,-0.09,102799000.0,0.27499378047899675,,,,,,,,1245982250.0,,,0.0,0.0,0.0,0.0,,0.0,3.333080762820907,-46.10650717880403,0.0,0.0,0.0,0.0,0.0,0.0,0.0,68.25803933384464,0.27499378047899675,-1.9,0.0,0.0,0.0,-0.08283965597230648,-1.8890643505724438,-0.7012844387146063,0.0,0.0,0.0,Apparel Retail,Consumer Cyclical,EXPR
2010Q1,2010,Q1,2009-04-30,2009-04-30,7599000.0,374358000.0,20943000.0,0.1,112084000.0,0.2994032450221446,,,,,,,,1238880250.0,,,0.0,0.0,0.0,0.0,,0.0,3.309346267476587,40.758002697723384,0.0,0.0,0.0,0.0,0.0,0.0,0.0,235.21554015568634,0.2994032450221446,1.2724436422572567,0.0,0.0,0.0,0.17174040311114827,1.2799101222926181,2.722569501562757,0.0,0.0,0.0,Apparel Retail,Consumer Cyclical,EXPR
2009Q4,2009,Q4,2009-01-31,2009-01-31,-27148000.0,505366000.0,-12158000.0,-0.3670483890593946,95656000.0,0.18928064016969878,860413000.0,97099000.0,381017000.0,309469000.0,763314000.0,170202000.0,-69435000.0,1238880250.0,1559993250.0,1.3128050511742357,1.231196016402289,0.5778945692359367,5.120835435998311,-0.020578031021163904,1.3128050511742357,-0.27959093296532406,2.451451522263073,-11.408577519522616,12.758939329962203,0.0,2.4071985053054608,0.0,0.5873528177747198,0.5902949891588495,-0.031552289423799965,39.9303890285567,0.18928064016969878,0.0,0.0,0.0,0.0,0.0,0.0,0.0,0.0,0.0,0.0,Apparel Retail,Consumer Cyclical,EXPR
