Quarters,Year,Quarter,FillingDate,Date,NetIncome,Revenue,OperatingIncome,EPSDiluted,GrossProfit,GrossProfitRatio,TotalAssets,CommonStockEquity,CurrentAssets,CurrentLiability,TotalLiability,Inventory,RetainedEarnings,MarketCap,EnterpriseValue,bookValuePerShare,currentRatio,debtToAssets,debtToEquity,roic,shareholdersEquityPerShare,roe,priceToSalesRatio,peRatio,pbRatio,payoutRatio,inventoryTurnover,dividendYield,assetTurnover,quickRatio,returnOnAssets,priceToFreeCashFlowsRatio,grossProfitMargin,epsdilutedGrowth,fiveYNetIncomeGrowthPerShare,fiveYRevenueGrowthPerShare,fiveYShareholdersEquityGrowthPerShare,grossProfitGrowth,netIncomeGrowth,operatingIncomeGrowth,threeYNetIncomeGrowthPerShare,threeYRevenueGrowthPerShare,threeYShareholdersEquityGrowthPerShare,Industry,Sector,Symbol
2023Q1,2023,Q1,2023-05-09,2023-03-31,2311000.0,90865000.0,-4683000.0,0.07,25363000.0,0.2791283773,975396000.0,880378000.0,752111000.0,83360000.0,95018000.0,152770000.0,955043000.0,979132320.0,750197320.0,25.796354899203,9.02244481765835,0.0065696394079942915,0.0072786916529036395,-0.002041538540032961,25.796354899203,0.0026250088030368773,10.775681725636934,105.92084811769797,1.112172634936357,0.0,0.4287621915297506,0.0,0.0931570357065233,6.439059500959693,0.0023692941123400137,-16.78205676676265,0.2791283772629725,10.45945945945946,1.3460441672716665,0.012902484429967763,-0.2542610050256109,-0.1614705590637088,10.170634920634921,-311.2,1.1227084189855663,-0.010009575535968655,-0.10095685502450101,Oil & Gas Equipment & Services,Energy,DRQ
2022Q4,2022,Q4,2023-03-01,2022-12-31,-252000.0,96814000.0,-15000.0,-0.0074,30247000.0,0.312423823,972515000.0,874916000.0,752588000.0,87555000.0,97599000.0,146004000.0,952732000.0,924812460.0,664869460.0,25.704095422762794,8.59560276397693,0.006082168398430872,0.006760649022306141,4.208924378776791e-06,25.704095422762794,-0.0002880276506544628,9.552466172247815,-917.4726785714287,1.057030000594343,0.0,0.45592586504479327,0.0,0.09955013547348884,4.437667751698932,-0.0002591219672704277,-40.63680727656209,0.3124238230008057,-1.0168181818181818,0.9960509858782156,0.004533635953475863,-0.24279960570544895,0.34844634657393786,-1.016568047337278,0.9933804060017652,-1.035894770178113,-0.05919361177827339,-0.15459597533992384,Oil & Gas Equipment & Services,Energy,DRQ
2022Q3,2022,Q3,2022-10-27,2022-09-30,15210000.0,88141000.0,-2266000.0,0.44,22431000.0,0.2544899649,970524000.0,864837000.0,745758000.0,89287000.0,105687000.0,140530000.0,952991000.0,662664960.0,377209960.0,25.475344644750795,8.352369325881707,0.004970510775622241,0.005577929713922971,-0.0026995035277514803,25.475344644750795,0.017587129135316827,7.518237369669053,10.89192899408284,0.7662310470065458,0.0,0.4675869921013307,0.0,0.09081794989098672,6.00048159306506,0.01567194628880893,-71.70922627421275,0.25448996494253523,3.75,1.574640350998,-0.029000213050990202,-0.30011447069772107,-0.07748303516347933,3.7307001795332138,-5.866666666666666,13.161671375260052,-0.14694369168938062,-0.17095177672467723,Oil & Gas Equipment & Services,Energy,DRQ
2022Q2,2022,Q2,2022-07-28,2022-06-30,-5570000.0,93978000.0,-330000.0,-0.16,24315000.0,0.2587307668,973566000.0,868689000.0,747863000.0,84856000.0,104877000.0,139794000.0,948917000.0,889480800.0,573504800.0,25.196919596240864,8.813319034599793,0.004938545512065951,0.005534777118163117,-0.0006164303332988776,25.196919596240864,-0.00641196101251426,9.464776862669986,-39.922836624775584,1.0239346877881497,0.0,0.49832610841667024,0.0,0.09652966516907945,6.329640803243142,-0.0057212351294108465,-83.56640360766629,0.2587307667752027,0.38461538461538464,-405.2057469930773,-0.20031397700673115,-0.31395367498086274,0.2702434437362867,0.3768180801074066,0.9509220701963117,-4.456804547373617,-0.055541852776047985,-0.17397276606011777,Oil & Gas Equipment & Services,Energy,DRQ
2022Q1,2022,Q1,2022-04-28,2022-03-31,-8938000.0,83137000.0,-6724000.0,-0.26,19142000.0,0.2302464607,978110000.0,887775000.0,717376000.0,70321000.0,90335000.0,141289000.0,958344000.0,1288350900.0,955226900.0,25.737084710384416,10.201447647217758,0.004993303411681712,0.005501393934273887,-0.01230422469569619,25.737084710384416,-0.01006786629495086,15.496721074852353,-36.03577142537481,1.4512133141843373,0.0,0.45293688822201306,0.0,0.08499759740724458,7.592767452112455,-0.009138031509748392,-99.14967677389565,0.23024646066131807,0.8555555555555555,-104.44026836612966,-0.24143424663259844,-0.2940154037313155,0.14519892312294347,0.8590843160749196,0.9058012636415853,-0.5242207662077075,-0.0904238853129267,-0.16369851319154222,Oil & Gas Equipment & Services,Energy,DRQ
2021Q4,2021,Q4,2022-02-23,2021-12-31,-63428000.0,77912000.0,-71381000.0,-1.8,16715000.0,0.2145369134,1010426000.0,897108000.0,745549000.0,93663000.0,113318000.0,145724000.0,973087000.0,692086560.0,341851560.0,25.50993829442375,7.959909462648004,0.005162179120489774,0.005814238642393112,-0.06969962560643939,25.50993829442375,-0.07070274704940765,8.882926378478283,-2.727843223812827,0.7714640377747161,0.0,0.41995141500370564,0.0,0.0771080712491563,5.968578841164601,-0.06277352324663063,263.3510502283105,0.214536913440805,-4.806451612903226,-53.35952341587869,-0.21068299124218498,-0.2891549955141063,-0.17100629866587314,-4.692183433545724,-9.291378316032295,0.13586844770822987,-0.18306866036867758,-0.16474280687967396,Oil & Gas Equipment & Services,Energy,DRQ
2021Q3,2021,Q3,2021-10-28,2021-09-30,-11143000.0,82997000.0,-6936000.0,-0.31,20163000.0,0.2429364916804222,1093737000.0,979777000.0,827271000.0,91826000.0,113960000.0,194720000.0,1059563000.0,891044660.0,521167660.0,27.6874841043321,9.009115065449873,0.004841200398267591,0.005404290976416062,-0.01140596368028654,27.6874841043321,-0.01137299610013299,10.73586587467017,-19.991130306021716,0.9094361880305416,0.0,0.32268898931799506,0.0,0.07588387336260911,6.449633001546403,-0.010188006806023752,126.92943874643875,0.2429364916804222,0.425925925925926,-1.61893131347511,-0.29108466424358764,-0.2460560054044245,0.04699345726451345,0.41558714008496356,0.5270049099836334,-0.12844070975280197,-0.06645882924088237,-0.13727047547403476,Oil & Gas Equipment & Services,Energy,DRQ
2021Q2,2021,Q2,2021-07-29,2021-06-30,-19067000.0,80797000.0,-14664000.0,-0.54,19258000.0,0.23835043380323526,1124709000.0,995324000.0,849286000.0,106535000.0,129385000.0,202382000.0,1071838000.0,1197142210.0,832225210.0,28.126826235623252,7.971896559816023,0.004947057416629546,0.005590139492265835,-0.01894993745917507,28.126826235623252,-0.019156576150077764,14.816666584155353,-15.696520296847956,1.2027663454312363,0.0,0.3040734847960787,0.0,0.07183813768717064,5.691068662880744,-0.01695282957636153,145.44310654841453,0.23835043380323526,0.4432989690721649,-1.5600906937536378,-0.39786426030717964,-0.2222575631969945,-0.21241616227711435,0.4450491879620467,0.5356848837945666,-5.662549933693618,-0.09463259035745275,-0.17049429035234823,Oil & Gas Equipment & Services,Energy,DRQ
2021Q1,2021,Q1,2021-04-29,2021-03-31,-34358000.0,81239000.0,-31582000.0,-0.97,24452000.0,0.30098844151208165,1126831000.0,1008266000.0,844721000.0,95307000.0,118565000.0,194911000.0,1090905000.0,1175843550.0,819334550.0,28.49416419386746,8.86315800518325,0.005061983562752534,0.0056572372766710375,-0.03328406447380582,28.49416419386746,-0.034076325096750265,14.47388015608267,-8.555820696780952,1.1662037101320484,0.0,0.2913483589946181,0.0,0.07209510565470777,6.353489250527243,-0.030490818942680846,111.35936641727436,0.30098844151208165,-2.0209285587346724,-2.0023498544378127,-0.47680386848466677,-0.2066614547818593,0.05907830907830908,-2.052958947929625,-1.716030271757826,-3.961935349762546,-0.12657179438033356,-0.17627085487079974,Oil & Gas Equipment & Services,Energy,DRQ
2020Q4,2020,Q4,2021-02-25,2020-12-31,-11254000.0,87234000.0,-11628000.0,-0.32109332648577704,23088000.0,0.26466744617924204,1151172000.0,1041528000.0,863193000.0,85512000.0,109644000.0,212536000.0,1125263000.0,1038151380.0,699151380.0,29.71633998116922,10.094407802413697,0.006041668838366465,0.006677688933950887,-0.01066378879621325,29.71633998116922,-0.010805278398660429,11.900765527202696,-23.061830904567266,0.9967580132267208,0.0,0.301812398840667,0.0,0.0757784240756377,7.045502385630087,-0.00977612381121153,-56.15878935410581,0.26466744617924204,-1.7831544548433589,-1.2520139892723152,-0.5315310823677383,-0.1485034290485853,-0.041355256601893375,-1.78556470752478,-4.526615969581749,0.8287291475278934,-0.1209764532949201,-0.12460547703982455,Oil & Gas Equipment & Services,Energy,DRQ
2020Q3,2020,Q3,2020-10-29,2020-09-30,14326000.0,91295000.0,-2104000.0,0.41,24084000.0,0.26380415137740293,1159539000.0,1037562000.0,863002000.0,100982000.0,121977000.0,219007000.0,1136517000.0,867813240.0,515851240.0,29.603184113669435,8.546097324275614,0.006217125944017407,0.006948018528049408,0.013949632290742399,29.603184113669435,0.013807367656101514,9.50559439180678,15.144025547954769,0.8363965141360228,0.0,0.30688973411808756,0.0,0.0787338761352572,5.922065318571627,0.012354910011651182,72.53537612838515,0.26380415137740293,2.025,-0.6913163189927132,-0.5040487650088387,-0.1372567146045684,0.024458717937811052,2.0130108895488616,0.719653564290473,1.5242403121714942,-0.025848023114127074,-0.18671011241068827,Oil & Gas Equipment & Services,Energy,DRQ
2020Q2,2020,Q2,2020-07-30,2020-06-30,-14142000.0,90446000.0,-7505000.0,-0.4,23509000.0,0.25992304800654537,1147691000.0,1015387000.0,848212000.0,113711000.0,132304000.0,212412000.0,1122191000.0,1043335170.0,702225170.0,28.992005253690433,7.459366288221896,0.004093436299491762,0.004626807315831304,-0.014667746842244872,28.992005253690433,-0.013927694563747615,11.53544844437565,-18.443911221892236,1.0275246482375684,0.0,0.31512814718565807,0.0,0.07880692625454064,5.162807468054981,-0.012322132002429225,-961.5992350230415,0.25992304800654537,0.27272727272727276,-1.3983650662099307,-0.5359185249080295,-0.14758364848878097,-0.04372762772534982,0.28205909229363385,0.8226690610084589,-1011.2332295919825,-0.24238912535117538,-0.21062340246554523,Oil & Gas Equipment & Services,Energy,DRQ
2020Q1,2020,Q1,2020-05-06,2020-03-31,-19698000.0,95998000.0,-42322000.0,-0.55,24584000.0,0.25608866851392736,1136110000.0,1024201000.0,826291000.0,93446000.0,111909000.0,197035000.0,1136335000.0,1088697500.0,750247500.0,28.69312228603446,8.84244376431308,0.0010676783057978541,0.0011843378399357157,-0.019585904755184378,28.69312228603446,-0.019232552985205053,11.34083522573387,-13.817360899583713,1.0629725024677774,0.0,0.3624432207475829,0.0,0.0844970997526648,6.32902424929906,-0.01733810986612212,-42.82164490245437,0.25608866851392736,-3.619047619047619,-1.398713656447827,-0.5386060223744262,-0.12404537850343432,-0.24858636183024116,-3.662251655629139,-7.981524249422633,-221.29649840701214,-0.15355792950147648,-0.21292941369459914,Oil & Gas Equipment & Services,Energy,DRQ
2019Q4,2019,Q4,2020-02-27,2019-12-31,7399000.0,108453000.0,6062000.0,0.21,32717000.0,0.30166984776815764,1206565000.0,1090701000.0,880489000.0,96940000.0,115864000.0,205062000.0,1181023000.0,1682802429.9999998,1288971429.9999998,30.404510355978033,9.082824427480917,0.0010890420325469412,0.0012047298022097716,0.005643550649842428,30.404510355978033,0.006783710659474962,15.516421214719738,56.85911711042032,1.542863195321174,0.0,0.3693322019681852,0.0,0.08988575004247595,6.675324943263875,0.00613228462619088,325.3049352406727,0.30166984776815764,6.25,-0.8646548197929477,-0.5399855537449136,-0.05325919213074266,0.015929698174139858,6.648091603053435,26.306306306306308,4.98763500344255,0.07710068559672736,-0.15276571621065052,Oil & Gas Equipment & Services,Energy,DRQ
2019Q3,2019,Q3,2019-10-24,2019-09-30,-1310000.0,108227000.0,222000.0,-0.04,32204000.0,0.2975597586554187,1205635000.0,1092672000.0,878719000.0,96533000.0,112963000.0,201655000.0,1194824000.0,1784350620.0,1376554620.0,30.72842318400405,9.102783504086686,0.0010741227651818337,0.0011851681016810168,-0.00012585949861441292,30.72842318400405,-0.001198895917530604,16.487111534090385,-340.524927480916,1.6330157814971007,0.0,0.3769953633681287,0.0,0.08976763282419638,6.72019931008049,-0.0010865643416125112,-221.713546222664,0.2975597586554187,-1.7999999999999998,-1.0262194274246799,-0.5010653445067468,-0.025871015421790856,0.07558197788985004,-1.7792980368828077,-0.8952830188679245,-1.0724112138098516,-0.08005512598347339,-0.1632497183322474,Oil & Gas Equipment & Services,Energy,DRQ
2019Q2,2019,Q2,2019-07-25,2019-06-30,1681000.0,103808000.0,2120000.0,0.05,29941000.0,0.28842671085080146,1201901000.0,1097128000.0,868143000.0,87097000.0,104773000.0,194513000.0,1199502000.0,1704116460.0,1285271460.0,30.503739539021883,9.967541936002387,0.0010616515004147596,0.0011630365827870585,0.0006733034970700306,30.503739539021883,0.0015321822066340482,16.416041730887795,253.4379030339084,1.5532521820607987,0.0,0.3797535383239167,0.0,0.08636984244126596,7.366878308093275,0.0013986176898097265,194.95669374213477,0.28842671085080146,1.2941176470588236,-0.9632769353297744,-0.49464065559554726,-0.03108080726432009,0.20047311655506997,1.2778053214344736,1.3783687310369446,-0.9514171224154991,-0.23885127401680115,-0.15653289418640395,Oil & Gas Equipment & Services,Energy,DRQ
2019Q1,2019,Q1,2019-04-25,2019-03-31,-6051000.0,94317000.0,-5603000.0,-0.17,24941000.0,0.26443801223533403,1183729000.0,1095405000.0,843340000.0,70729000.0,88324000.0,194547000.0,1198700000.0,1652278957.56,1241835957.56,30.77488814303532,11.923539142360276,0.000993470633903537,0.0010735755268599285,-0.008282708402877785,30.77488814303532,-0.005523984279786928,17.51835785234899,-68.2647065592464,1.508372663590179,0.0,0.3566027746508556,0.0,0.07967786545738087,8.807759193541546,-0.005111811909651618,-614.4585189884715,0.26443801223533403,0.9186602870813397,-1.1622614841482528,-0.47181533789650076,-0.032344390813678014,-0.12976273551988834,0.9192252242631355,0.9433043935806367,-1.1754929091358717,-0.39614745946492497,-0.1431612163622877,Oil & Gas Equipment & Services,Energy,DRQ
2018Q4,2018,Q4,2019-02-27,2018-12-31,-74912000.0,97335000.0,-98826000.0,-2.09,28660000.0,0.29444701289361486,1192510000.0,1096162000.0,852981000.0,82258000.0,96348000.0,191194000.0,1205946000.0,1077806730.0,659706730.0,30.541417068345826,10.369581074181236,0.0,0.0,-0.06998968763776994,30.541417068345826,-0.06834026357417973,11.073167206040992,-3.5969094737825715,0.9832549659630602,0.0,0.3591901419500612,0.0,0.0816219570485782,7.5404823846920666,-0.06281876042968193,143.36349162011174,0.29444701289361486,-6.464285714285713,-2.803855581471264,-0.5254881710191162,0.00017692949647063412,0.037390958120679045,-6.232284224753814,-6.0168986083499005,-2.6381708843486784,-0.4895489516832179,-0.12486154344131817,Oil & Gas Equipment & Services,Energy,DRQ
2018Q3,2018,Q3,2018-10-25,2018-09-30,-10358000.0,93257000.0,-14084000.0,-0.28,27627000.0,0.2962458582197583,1292759000.0,1191256000.0,897450000.0,68262000.0,101503000.0,242123000.0,1371368000.0,1911257310.0,1487204310.0,32.09289043347073,13.147138964577657,0.0,0.0,-0.009887027596276212,32.09289043347073,-0.008695024411209682,20.4945184811864,-46.12997948445646,1.6044051908238028,0.0,0.2710605766490585,0.0,0.07213796229614336,9.001933725938297,-0.00801232093530194,926.4456180319922,0.2962458582197583,-2.5,-1.28384869938533,-0.5451704351543916,0.0892982503824369,0.08690691635848612,-2.4049967126890204,-2.7577374599786553,-1.2107385532019463,-0.5216422799128618,-0.06469771548584537,Oil & Gas Equipment & Services,Energy,DRQ
2018Q2,2018,Q2,2018-07-26,2018-06-30,-3042000.0,94861000.0,-3748000.0,-0.08,25418000.0,0.2679499478183869,1361691000.0,1275447000.0,976422000.0,80469000.0,86244000.0,264096000.0,1381739000.0,1933411000.0,1439989000.0,33.90793566396385,12.134138612384893,0.0,0.0,-0.005504404616326513,33.90793566396385,-0.0023850461838085,20.38151611304962,-158.8930802103879,1.5158693383574542,0.0,0.26294604992124077,0.0,0.06966411616144925,8.424175769551008,-0.0022339870058625637,635.1547306176084,0.2679499478183869,0.6,-1.0765558806697921,-0.5384444589459566,0.21026907819445081,-0.19110205900136842,0.587972368955709,0.40289947427114864,-1.0797851198334136,-0.546805276690925,-0.003046579460935434,Oil & Gas Equipment & Services,Energy,DRQ
2018Q1,2018,Q1,2018-04-26,2018-03-31,-7383000.0,99173000.0,-6277000.0,-0.2,31423000.0,0.31685035241446763,1397862000.0,1305109000.0,1002131000.0,87238000.0,92753000.0,276005000.0,1393933000.0,1690259200.0,1194668200.0,34.591666887540086,11.487322038561178,0.0,0.0,-0.00792257502056666,34.591666887540086,-0.005656998764087904,17.04354209311002,-57.234836787213865,1.295109603872167,0.0,0.2454665676346443,0.0,0.07094620212867937,7.903734611063986,-0.005281637243161342,2068.8607099143205,0.31685035241446763,0.8947368421052632,-1.1991546955753394,-0.4481941386040115,0.27827115540037023,-0.11772798742138364,0.8967268149391523,-0.22861616754746525,-1.1413851959893244,-0.5490428478791326,0.05602764918192459,Oil & Gas Equipment & Services,Energy,DRQ
2017Q4,2017,Q4,2018-02-27,2017-12-31,-71490000.0,107971000.0,-5109000.0,-1.9,35616000.0,0.329866353002195,1399805000.0,1294461000.0,1008549000.0,99911000.0,105344000.0,291087000.0,1400296000.0,1818929456.1000001,1325749456.1000001,33.946225618001854,10.09447408193292,0.0,0.0,-0.06220412472223071,33.946225618001854,-0.0552276198355918,16.846462995619195,-6.360782823122116,1.4051635824486022,0.0,0.24856829745059036,0.0,0.07713288636631531,6.854190229304081,-0.05107139923060712,72.18260471050439,0.329866353002195,-1.4358974358974357,-3.451583079699315,-0.39195069253083675,0.28838552538594847,-0.04504504504504504,-1.4432672590567328,0.9176565396083488,-2.230227086666434,-0.5691687025489414,0.05702333928164164,Oil & Gas Equipment & Services,Energy,DRQ
2017Q3,2017,Q3,2017-10-27,2017-09-30,-29260000.0,100346000.0,-62045000.0,-0.78,37296000.0,0.37167400793255334,1437464000.0,1365993000.0,992489000.0,69283000.0,71471000.0,297217000.0,1471838000.0,1656861200.0,1183816200.0,36.39930185461522,14.325144696390169,0.0,0.0,-0.021751610939079284,36.39930185461522,-0.02142031474539035,16.51148227134116,-14.156367053998633,1.2129353517917003,0.0,0.2121345683456868,0.0,0.06980766127012572,9.673137710549485,-0.020355292376017766,56.34049238302503,0.37167400793255334,-1960.7989949748744,-2.0627233581946913,-0.43368473590785983,0.4264915545625724,-0.0762143016372328,-1951.6666666666667,-54.69569120287253,-1.5549071857425958,-0.5616689508855105,0.1539028456705783,Oil & Gas Equipment & Services,Energy,DRQ
2017Q2,2017,Q2,2017-07-28,2017-06-30,15000.0,127922000.0,-1114000.0,0.000398,40373000.0,0.31560638514094524,1466913000.0,1378318000.0,1024895000.0,86250000.0,88595000.0,330510000.0,1501097000.0,1831366400.0,1394379400.0,36.727723299936045,11.882840579710145,0.0,0.0,0.0001955398747112481,36.727723299936045,1.0882829651792982e-05,14.31627397945623,30522.773333333334,1.3286965707478244,0.0,0.2648906235817373,0.0,0.08720489899537327,7.635408695652174,1.02255552987805e-05,95.70767703161745,0.31560638514094524,-0.8404170008019246,-0.9994599475803138,-0.22262071489537844,0.49293026794055206,0.09745025551810373,-0.8404255319148937,-0.28045977011494255,-0.9996859409894839,-0.40315231681552355,0.16661748849742977,Oil & Gas Equipment & Services,Energy,DRQ
2017Q1,2017,Q1,2017-04-27,2017-03-31,94000.0,119228000.0,-870000.0,0.002494,36788000.0,0.3085516824906901,1453487000.0,1367996000.0,1007229000.0,83193000.0,85491000.0,346737000.0,1501082000.0,2046988750.0,1632798750.0,36.45558960692871,12.107136417727453,0.0,0.0,-0.0011496322413898196,36.45558960692871,6.871365120950646e-05,17.16869149864126,5444.119015957446,1.4963411808221663,0.0,0.23775945457219738,0.0,0.08202894143532072,7.484836464606397,6.467206105042563e-05,308.7929929099412,0.3085516824906901,-0.9168666666666667,-0.9965042042960236,-0.2791145090692608,0.5187234373865802,0.3000671449270241,-0.9278033794162827,0.8122572291756581,-0.9976090324628795,-0.3666677533744155,0.14627405322747156,Oil & Gas Equipment & Services,Energy,DRQ
2016Q4,2016,Q4,2017-02-28,2016-12-31,1302000.0,106091000.0,-4634000.0,0.03,28297000.0,0.26672385027947704,1461404000.0,1356424000.0,1056711000.0,101480000.0,104980000.0,355413000.0,1500988000.0,2269728885.85,1846231885.85,35.886780006104665,10.41299763500197,0.0,0.0,0.0012431719774321141,35.886780006104665,0.0009598768526655382,21.394169965878348,435.8158382968509,1.6733181408246978,0.0,0.21888338355659473,0.0,0.07259525771107785,6.277197477335435,0.0008909240702776234,116.0749148946507,0.26672385027947704,-0.9411764705882353,-0.9507922607804682,-0.3430317622975577,0.5582556325829051,-0.38494142195752823,-0.9315205385788671,-1.2020668905071294,-0.970229512760343,-0.508887329401003,0.17522803070005452,Oil & Gas Equipment & Services,Energy,DRQ
2016Q3,2016,Q3,2016-10-27,2016-09-30,19013000.0,123640000.0,22933000.0,0.51,46007000.0,0.372104496926561,1462060000.0,1372395000.0,1158052000.0,86784000.0,89665000.0,351133000.0,1499934000.0,2083059540.0,1540429540.0,36.72352893955206,13.344072640117995,0.0,0.0,0.01330615667181981,36.72352893955206,0.013853883175033426,16.847780168230347,27.3899376742229,1.5178279868405233,0.0,0.22109286224877753,0.0,0.08456561290234327,8.806127857669617,0.013004254271370532,38.84855538977993,0.372104496926561,-0.46874999999999994,-0.12387952278286407,-0.14511411536698057,0.6500856250379711,-0.264570478595863,-0.4738633533497523,-0.4928234955879426,-0.48248469446735753,-0.40105383104912096,0.24647157926300514,Oil & Gas Equipment & Services,Energy,DRQ
2016Q2,2016,Q2,2016-07-29,2016-06-30,36137000.0,142439000.0,45217000.0,0.96,62558000.0,0.4391915135601907,1447850000.0,1358491000.0,1140591000.0,86460000.0,89359000.0,339862000.0,1480733000.0,2194864520.0,1703135520.0,36.16470556916197,13.192123525329633,0.0,0.0,0.02629208106619328,36.16470556916197,0.026600838724732075,15.409154234444218,15.184329911171377,1.6156636444407801,0.0,0.23503951603886283,0.0,0.09837966640190628,8.591302336340505,0.024959077252477813,21.352068408661985,0.4391915135601907,-0.008981108702384681,0.7352421056344337,0.10877850957929175,0.6372050224042751,-0.14846525556387397,-0.017188392395768175,-0.08361875037999311,-0.08933073988061302,-0.3060080691715063,0.2908195092182962,Oil & Gas Equipment & Services,Energy,DRQ
2016Q1,2016,Q1,2016-04-26,2016-03-31,36769000.0,166561000.0,49343000.0,0.9687,73465000.0,0.4410696381505875,1470458000.0,1363295000.0,1164616000.0,104899000.0,107163000.0,343073000.0,1462113000.0,2298679069.12,1875313069.12,35.916777730789,11.102260269401997,0.0,0.0,0.026711918863509924,35.916777730789,0.026970684994810368,13.800824137222998,15.629192180369333,1.6861200760803787,0.0,0.27135915679753286,0.0,0.11327151132504294,7.163328535067064,0.02500513445470731,51.32011049362595,0.4410696381505875,-0.23970398137051063,0.790119519797032,0.2765642348118692,0.6754210083994843,-0.21240807049893864,-0.2395872109856475,-0.18181667440472243,-0.01412394118546363,-0.07881046067064092,0.3272381789942368,Oil & Gas Equipment & Services,Energy,DRQ
2015Q4,2015,Q4,2016-02-25,2015-12-31,48354000.0,201630000.0,60308000.0,1.274109,93278000.0,0.4626196498536924,1428250000.0,1324458000.0,1124298000.0,100815000.0,103792000.0,344458000.0,1425344000.0,2247850938.29,1866514938.29,34.89895437625291,11.152090462728761,0.0,0.0,0.036275735418479144,34.89895437625291,0.0365085189564335,11.148395269999504,11.621845857064564,1.6971855191255591,0.0,0.31455794320352554,0.0,0.14117276387187117,6.954480980012895,0.03385541746893051,106.61406461250237,0.4626196498536924,-0.03476590909090919,1.4445145560955417,0.5027029290296503,0.6879765605588223,8.577248847432186e-05,-0.04771845520609725,-0.061427126293673646,0.6661167309747452,0.140928754728344,0.3245451254417098,Oil & Gas Equipment & Services,Energy,DRQ
2015Q3,2015,Q3,2015-10-29,2015-09-30,50777000.0,201402000.0,64255000.0,1.32,93270000.0,0.46310364345934996,1438120000.0,1315795000.0,1133827000.0,118050000.0,122325000.0,365674000.0,1409409000.0,2232562340.0,1835593340.0,34.31285367825384,9.604633629817874,0.0,0.0,0.03838664078552105,34.31285367825384,0.03859035792049673,11.085105113156771,10.991996080902771,1.6967402520909414,0.0,0.29570601136531444,0.0,0.14004533696770785,5.8908174502329524,0.03530790198314466,55.55710688067687,0.46310364345934996,0.306930693069307,0.9069569182086263,0.49290875532059597,0.7138333268603574,-0.044482235790681474,0.29490220080075485,0.22206584377793415,0.8048327764977381,0.11236164996309646,0.34472348344681797,Oil & Gas Equipment & Services,Energy,DRQ
2015Q2,2015,Q2,2015-07-30,2015-06-30,39213000.0,215276000.0,52579000.0,1.01,97612000.0,0.45342722830227244,1446786000.0,1315771000.0,1130971000.0,126717000.0,131015000.0,383773000.0,1371403000.0,2911121500.0,2528448500.0,34.01155456754381,8.925171839611101,0.0,0.0,0.029710757263792607,34.01155456754381,0.029802298424269878,13.522740574889909,18.559670899956647,2.2124834032669822,0.0,0.30659791074411175,0.0,0.14879602097338515,5.38263216458723,0.02710352464013337,139.3281085479085,0.45342722830227244,-0.2681159420289854,0.4415827663216999,0.5604282081882808,0.7957284731338418,-0.03224143401015228,-0.2692866726296959,-0.2666090134322737,0.369545038874232,0.26906810922645324,0.3825218312316764,Oil & Gas Equipment & Services,Energy,DRQ
2015Q1,2015,Q1,2015-04-30,2015-03-31,53664000.0,226002000.0,71693000.0,1.38,100864000.0,0.4462969354253502,1436003000.0,1270064000.0,1123484000.0,161361000.0,165939000.0,386612000.0,1332190000.0,2651685470.0,2277554470.0,32.75640265132953,6.9625498106729635,0.0,0.0,0.04222589564790712,32.75640265132953,0.04225298882575996,11.733017716657375,12.353185888118663,2.0878361011728543,0.0,0.3236785200666301,0.0,0.15738267956264715,4.173499172662539,0.037370395465747636,32.77205727139026,0.4462969354253502,-0.09444141689373298,1.1397740358413349,0.6246662297442553,0.7913087038176235,-0.10201029183953277,-0.0917799177484049,-0.08361986323256855,0.9314902820065516,0.32248758571992797,0.3646169755430601,Oil & Gas Equipment & Services,Energy,DRQ
2014Q4,2014,Q4,2015-02-27,2014-12-31,59087000.0,254819000.0,78235000.0,1.523921285430583,112322000.0,0.44079130677068823,1449251000.0,1245192000.0,1127140000.0,198642000.0,204059000.0,392559000.0,1278528000.0,2975052290.0,2676347290.0,32.114925334640084,5.674228008175512,0.0,0.0,0.047396384327138094,32.114925334640084,0.047452119833728455,11.675158798990656,12.587592406113021,2.389231773092021,0.0,0.36299511665762346,0.0,0.1758280656697839,3.386484227907492,0.04077071535572513,84.17418203938433,0.44079130677068823,0.08851520387898795,1.111034025858161,0.8472985520575431,0.809514815511011,0.05466666666666667,0.06113176373399422,0.07182978956597984,1.1769373784895911,0.538258080817283,0.3944762746663128,Oil & Gas Equipment & Services,Energy,DRQ
2014Q3,2014,Q3,2014-10-31,2014-09-30,55683000.0,241750000.0,72992000.0,1.4,106500000.0,0.4405377456049638,1429030000.0,1250109000.0,1103969000.0,169425000.0,178921000.0,407916000.0,1219440000.0,3542922000.0,3227958000.0,31.544511733535202,6.5159746200383655,0.0,0.0,0.0444189810784028,31.544511733535202,0.04454251589261416,14.655313340227508,15.906659123969614,2.8340904673112504,0.0,0.33156336108414475,0.0,0.1691706962065177,3.8160602036299247,0.03896559204495357,126.68676249731817,0.4405377456049638,0.10236220472440936,1.1909016831379946,0.7269932662137475,0.8455700464215915,0.011184747726021155,0.08493102642038812,0.05856077965020158,1.4196160416242884,0.5762542825567759,0.4173786360789472,Oil & Gas Equipment & Services,Energy,DRQ
2014Q2,2014,Q2,2014-07-30,2014-06-30,51324000.0,230315000.0,68954000.0,1.27,105322000.0,0.45729544319736015,1448560000.0,1269584000.0,1121520000.0,169405000.0,178976000.0,408066000.0,1163758000.0,4405321480.0,4062700480.0,31.482232747290897,6.620347687494466,0.0,0.0,0.04027340013492571,31.482232747290897,0.040425840275239766,19.127375464038384,21.458389252591378,3.4698936659567226,0.0,0.3063058426823112,0.0,0.15899583034185674,3.893285322156961,0.035431048765670735,545.8210234171726,0.45729544319736015,0.22115384615384612,0.8597454928660117,0.6734848027850898,0.9407022699958373,0.12902257573483694,0.2042798817401098,0.17735243396451927,1.2956432300668261,0.6699905904745589,0.42522574867348445,Oil & Gas Equipment & Services,Energy,DRQ
2014Q1,2014,Q1,2014-05-09,2014-03-31,42618000.0,204073000.0,58567000.0,1.04,93286000.0,0.45712073620714155,1460049000.0,1293705000.0,1138404000.0,156688000.0,166344000.0,397356000.0,1112434000.0,4560003800.0,4139065800.0,31.803554747037712,7.265419176963137,0.0,0.0,0.032899902247503006,31.803554747037712,0.032942595104757263,22.344963811969247,26.749283166737058,3.5247632188172724,0.0,0.27881043698849395,0.0,0.1397713364414482,4.384662514040642,0.029189431313606597,128.87555605799395,0.45712073620714155,-0.09565217391304338,0.657171187120156,0.5351877470834322,1.1267588328226417,-0.06916921111975892,-0.09444786775173704,-0.07283751266464032,0.9360927448627273,0.4594451744914732,0.48355022726031177,Oil & Gas Equipment & Services,Energy,DRQ
2013Q4,2013,Q4,2014-02-28,2013-12-31,47063000.0,232462000.0,63168000.0,1.15,100218000.0,0.43111562319863034,1394612000.0,1242018000.0,1078813000.0,142790000.0,152594000.0,368354000.0,1069816000.0,4471278968.820001,4086922968.8200006,30.536014346703244,7.55524196372295,0.0,0.0,0.03783845431745208,30.536014346703244,0.037892365489066986,19.234451088005784,23.751561570766846,3.600011407902301,0.0,0.3590133404279579,0.0,0.16668578787505056,4.647447300231109,0.03374630363140429,509.31529431825953,0.43111562319863034,0.17346938775510198,0.8028669879718477,0.6454321973788566,1.1299613689362777,0.08234963766159428,0.17672209026128266,0.21511974608060017,1.2199851325659155,0.6165166779494249,0.4769518855612564,Oil & Gas Equipment & Services,Energy,DRQ
2013Q3,2013,Q3,2013-11-01,2013-09-30,39995000.0,224724000.0,51985000.0,0.98,92593000.0,0.41202986774888306,1347256000.0,1198602000.0,1035166000.0,138924000.0,148654000.0,369658000.0,1022753000.0,4668374250.0,4287432250.0,29.46198657916083,7.451311508450663,0.0,0.0,0.03324079376723973,29.46198657916083,0.03336804043377201,20.773812543386555,29.180986685835727,3.8948493745213173,0.0,0.3574412024087129,0.0,0.1668012612302339,4.493356079583082,0.029686266010320237,97.63001129305478,0.41202986774888306,-0.06666666666666672,0.4124155054270098,0.6467233893182045,1.0760572967259536,0.042385283919484845,-0.06830200107158664,-0.0752468202437072,0.4157871529162209,0.5701363404898783,0.4715457638219953,Oil & Gas Equipment & Services,Energy,DRQ
2013Q2,2013,Q2,2013-08-02,2013-06-30,42927000.0,222031000.0,56215000.0,1.05,88828000.0,0.4000702604591251,1296479000.0,1138493000.0,987211000.0,148230000.0,157986000.0,376594000.0,982757000.0,3736480200.0,3410939200.0,28.016856974111626,6.659994602981852,0.0,0.0,0.037597427470140686,28.016856974111626,0.03770510666293073,16.82864194639487,21.76066461667482,3.2819527217119475,0.0,0.3537045199870417,0.0,0.17125691970328868,3.8221884908588004,0.03311044760462761,42948.04827586207,0.4000702604591251,0.0714285714285715,0.5418787822728816,0.5499267334986575,0.9446598776898182,0.15620810392179832,0.07743085186486622,0.07739042106675355,0.5023908386197287,0.5321619331848952,0.47922282400289434,Oil & Gas Equipment & Services,Energy,DRQ
2013Q1,2013,Q1,2013-05-03,2013-03-31,39842000.0,193155000.0,52177000.0,0.98,76827000.0,0.3977479226527918,1251940000.0,1097293000.0,942174000.0,144818000.0,154647000.0,368307000.0,939830000.0,3470946121.6,3151972121.6,27.061290354084186,6.5059177726525705,0.0,0.0,0.03623851192007847,27.061290354084186,0.03630935401939136,17.96974513525407,21.77944205612168,3.1631898878421714,0.0,0.31584520522281684,0.0,0.15428455037781363,3.667175351130384,0.0318242088278991,55.17057081366331,0.3977479226527918,0.28947368421052627,0.5787962698958821,0.4677094670111911,0.7853534800246552,0.038104503628035184,0.2872189196174722,0.2546167163604886,0.5190822920660076,0.3277402567977553,0.47986717173411514,Oil & Gas Equipment & Services,Energy,DRQ
2012Q4,2012,Q4,2013-02-28,2012-12-31,30952000.0,188477000.0,41588000.0,0.76,74007000.0,0.39265799009958774,1231447000.0,1066432000.0,924388000.0,155089000.0,165015000.0,362181000.0,899989000.0,2956703206.0499997,2699512206.0499997,26.347878759219164,5.960371141731522,0.0,0.0,0.02893899160812262,26.347878759219164,0.029023885254756045,15.687342254227305,23.881358280967305,2.7725192098980527,0.0,0.31605744089281324,0.0,0.15305327797298626,3.3555184442481414,0.025134658657660458,-351.56994126634953,0.39265799009958774,0.04109589041095894,-0.029792667077667145,0.43110638998796985,0.814261314641682,0.07195932733672272,0.043665913612300634,0.07398703612839914,0.059336418573963205,0.3088971933460764,0.48457069338627096,Oil & Gas Equipment & Services,Energy,DRQ
2012Q3,2012,Q3,2012-11-09,2012-09-30,29657000.0,190860000.0,38723000.0,0.73,69039000.0,0.3617258723671801,1196203000.0,1031460000.0,891908000.0,155221000.0,164743000.0,350053000.0,869037000.0,2884989510.0,2621568510.0,25.51666130668184,5.746052402703243,0.0,0.0,0.028648133063385386,25.51666130668184,0.028752447986349447,15.115736718013203,24.319633728967865,2.7969960153568727,0.0,0.34800730175144906,0.0,0.15955485816370632,3.2486583645254186,0.024792614631463053,297.8514877142267,0.3617258723671801,-0.013513513513513526,0.07399380962768193,0.4639352226298533,0.8657786290939474,0.011634551981830171,-0.004898835687682448,-0.06350818641321435,0.14399206327230818,0.33670204246863955,0.49289949992258547,Oil & Gas Equipment & Services,Energy,DRQ
2012Q2,2012,Q2,2012-08-06,2012-06-30,29803000.0,176570000.0,41349000.0,0.74,68245000.0,0.386503936115988,1149938000.0,990637000.0,852031000.0,149798000.0,159301000.0,340035000.0,839380000.0,2641178120.0,2393035120.0,24.60109764577332,5.687866326653227,0.0,0.0,0.030034563538737697,24.60109764577332,0.03008468288586031,14.95824953276321,22.155304164010335,2.6661412000561255,0.0,0.31857014719073035,0.0,0.15354740864290076,3.125876179922295,0.02591704944092638,-58.86420735920123,0.386503936115988,0.042253521126760604,0.2413347515525856,0.5458161514615836,0.9021258722250073,-0.026100978965094043,0.03493419453415286,0.03289868105515587,0.08150580945535128,0.28484968216292045,0.5165190610456285,Oil & Gas Equipment & Services,Energy,DRQ
2012Q1,2012,Q1,2012-05-07,2012-03-31,28797000.0,177124000.0,40032000.0,0.71,70074000.0,0.39562114676723653,1125702000.0,964654000.0,829287000.0,151500000.0,161048000.0,306845000.0,809577000.0,2612962056.02,2327520056.02,24.004100226214657,5.473841584158416,4.086339013344562e-05,4.768549137825583e-05,0.029777833423151476,24.004100226214657,0.02985215424390507,14.752162643232989,22.684325242386358,2.7087039042185075,0.0,0.3488732096009386,0.0,0.15734537204340046,3.144079207920792,0.025581370558105075,-170.34761431775215,0.39562114676723653,0.0142857142857143,0.20301979577924606,0.5122585075650038,0.9604795402277068,0.024503640457323315,0.02392973972407908,0.08664495114006515,0.13343079727135687,0.34873557185496773,0.6051957897824943,Oil & Gas Equipment & Services,Energy,DRQ
2011Q4,2011,Q4,2012-02-27,2011-12-31,28124000.0,171646000.0,36840000.0,0.7,68398000.0,0.3984829241578598,1085858000.0,925244000.0,799302000.0,151000000.0,160614000.0,277802000.0,780780000.0,2644346539.3199997,2345827539.3199997,23.03009805048489,5.293390728476822,5.249305157764643e-05,6.160537112372521e-05,0.03028509835845372,23.03009805048489,0.03039630627164294,15.40581510387658,23.50613834554117,2.857999121658719,0.0,0.37166039121388617,0.0,0.15807407598415263,3.1700066225165564,0.025900255834556636,66.92853807441153,0.3984829241578598,0.20689655172413793,0.13576597660464673,0.4582419398730935,0.9891235646057172,0.16823802691808432,0.20895843184456003,0.1593655589123867,0.09072738377118464,0.23003298237123,0.6064054271589452,Oil & Gas Equipment & Services,Energy,DRQ
2011Q3,2011,Q3,2011-11-04,2011-09-30,23263000.0,155035000.0,31776000.0,0.58,58548000.0,0.37764375786112814,1032463000.0,891562000.0,749990000.0,131598000.0,140901000.0,269662000.0,752656000.0,2159647915.77,1904145915.77,22.255529278189425,5.699098770498032,6.779903977188528e-05,7.851388910698302e-05,0.026033828986695717,22.255529278189425,0.026092408604224945,13.930066860837876,23.20904350008597,2.4223193852698968,0.0,0.3578071808412012,0.0,0.1501603447290605,3.351768263955379,0.022531558031619534,612.1451008418368,0.37764375786112814,0.05454545454545439,-0.019565864789034486,0.29896473213083996,1.0761252715367609,0.06462523184347384,0.047505403458213254,0.04430130143289076,-0.16570076737409223,0.15371967543637496,0.5682497792991419,Oil & Gas Equipment & Services,Energy,DRQ
2011Q2,2011,Q2,2011-08-05,2011-06-30,22208000.0,136994000.0,30428000.0,0.55,54994000.0,0.4014336394294641,1033139000.0,884853000.0,748550000.0,138975000.0,148286000.0,265471000.0,729393000.0,2717134140.0,2467095140.0,22.089295521493835,5.3862205432631765,7.646599344328305e-05,8.928036634333612e-05,0.025034008867195926,22.089295521493835,0.025097954123453274,19.83396455319211,30.587334969380404,3.0707181192808295,0.0,0.3088849629526389,0.0,0.1325997760223939,3.189631228638244,0.021495655473271265,-149.63016355526184,0.4014336394294641,0.018518518518518535,0.018828351614269757,0.23250360235521994,1.2424249774892102,-0.04447996664002502,0.024732373569582872,-0.005458408236639974,-0.19080939467357574,-0.029890427050604896,0.5332257564356763,Oil & Gas Equipment & Services,Energy,DRQ
2011Q1,2011,Q1,2011-05-09,2011-03-31,21672000.0,137667000.0,30595000.0,0.54,57554000.0,0.4180667843419265,994685000.0,858549000.0,718898000.0,126938000.0,136136000.0,253820000.0,707185000.0,3165072470.0,2896951470.0,21.437464106469573,5.663378972411729,0.0001558282270266466,0.0001805371621188773,0.025165649499122755,21.437464106469573,0.02524258953187296,22.990785518679132,36.51107961886305,3.686536784737971,0.0,0.3156291860373493,0.0,0.13840260987146685,3.3519198348800203,0.021787802168525713,152.4454517869184,0.4180667843419265,0.03604771486059216,0.21066453096083237,0.356359598509423,1.3254844196490054,-0.037123784986532384,0.03822937625754527,0.12988403870300613,-0.13050641198945048,0.059123051480940096,0.41432469200836625,Oil & Gas Equipment & Services,Energy,DRQ
2010Q4,2010,Q4,2011-02-28,2010-12-31,20874000.0,141595000.0,27078000.0,0.521211515893031,59773000.0,0.4221406123097567,948551000.0,828014000.0,688249000.0,111329000.0,120537000.0,243432000.0,685513000.0,3112608280.0,2867084280.0,20.675023096706536,6.182117866863082,0.00034368210038258353,0.0003937131497776608,0.025192354285171067,20.675023096706536,0.025209718676254267,21.982473109926197,37.2785316661876,3.7591251838737025,0.0,0.33611850537316373,0.0,0.1492750521585028,3.6355666537919142,0.022006196820202602,-154.9486399840701,0.4221406123097567,-0.24462099145937524,0.7237487145419956,0.44376993914393525,1.4315319951333654,-0.015304273335310203,-0.24525436598329536,-0.28201728800975767,-0.3387322379138638,0.08656900833160829,0.4236400177207119,Oil & Gas Equipment & Services,Energy,DRQ
2010Q3,2010,Q3,2010-11-04,2010-09-30,27657000.0,140123000.0,37714000.0,0.69,60702000.0,0.433205112651028,911804000.0,797441000.0,674112000.0,106681000.0,114363000.0,250277000.0,664639000.0,2473841300.0,2216366300.0,20.02111473763495,6.318950890974025,0.0005472667371496506,0.0006257516230040843,0.03457798451953363,20.02111473763495,0.03468218965415623,17.65478401119017,22.36180080992154,3.102224866792653,0.0,0.31733239570555827,0.0,0.1536766673539489,3.6474911183809677,0.030332176651999773,80.65208163531445,0.433205112651028,-0.0142857142857143,1.4924008486637197,0.30377710507951355,1.9273364948715956,-0.0280059566700293,-0.01217944138867062,-0.040917529181395115,0.016477724726263767,0.09077356126425758,0.46394418764869216,Oil & Gas Equipment & Services,Energy,DRQ
2010Q2,2010,Q2,2010-08-06,2010-06-30,27998000.0,142000000.0,39323000.0,0.7,62451000.0,0.4397957746478873,847857000.0,754182000.0,635006000.0,86183000.0,93675000.0,239957000.0,636982000.0,1752832380.0000002,1527569380.0000002,18.940254652301665,7.36811204065767,0.0007548442720883357,0.0008486015311953878,0.037037559563776135,18.940254652301665,0.037123665110013235,12.343890000000002,15.651407064790343,2.3241503774950876,0.0,0.3315135628466767,0.0,0.16748107286959948,4.2164115892925516,0.033022078015514406,272.0099906890131,0.4397957746478873,0.0937499999999999,2.6879682658323207,0.5452597559877868,1.9168100713777463,0.028541783326196515,0.08954352648169046,0.13656858777964045,0.17930367252436974,0.2571843871143099,0.46443662471551395,Oil & Gas Equipment & Services,Energy,DRQ
2010Q1,2010,Q1,2010-05-07,2010-03-31,25697000.0,142533000.0,34598000.0,0.64,60718000.0,0.42599257715757055,836022000.0,726478000.0,631265000.0,102107000.0,109544000.0,241319000.0,608984000.0,2417051520.0,2200444520.0,18.28629681836488,6.182387103724524,0.0009712663063890663,0.001117721390048976,0.035297848100512785,18.28629681836488,0.035372027783360266,16.95783797436383,23.51491925127447,3.327081508318215,0.0,0.33903256685134614,0.0,0.17048953257210936,3.4621622415701174,0.030737229403053987,157.81219117262992,0.42599257715757055,-0.11343073328916627,4.190646677158645,0.7886321015654579,1.8570274186233275,0.03384982121573302,-0.10397852086892849,-0.05560256585232701,0.08591888941932067,0.23098705816571422,0.4934911303104793,Oil & Gas Equipment & Services,Energy,DRQ
2009Q4,2009,Q4,2010-02-26,2009-12-31,28679000.0,141339000.0,36635000.0,0.7218838099073701,58730000.0,0.4155257925979383,817246000.0,705085000.0,617356000.0,104625000.0,112161000.0,251357000.0,583287000.0,2243837440.0,2047084440.0,17.74781010873943,5.900654719235364,0.0012713430227862847,0.001473581199429856,0.04057259526678622,17.74781010873943,0.0406745286029344,15.875571781320089,19.55993444680777,3.182364452512817,0.0,0.32865207652860273,0.0,0.17294547786101125,3.1408172043010754,0.035092248845512854,41.84858517661979,0.4155257925979383,0.14584731731328587,5.483203572908749,1.1758083728408641,1.8627731282297972,-0.019483446583301332,0.14331845000797322,0.06391938200615671,0.17122290659540274,0.21428799113061972,0.5328891448943643,Oil & Gas Equipment & Services,Energy,DRQ
2009Q3,2009,Q3,2009-11-06,2009-09-30,25084000.0,138157000.0,34434000.0,0.63,59897000.0,0.43354299818322634,794786000.0,668520000.0,596882000.0,119085000.0,126266000.0,259980000.0,554607000.0,1941569320.0,1803701320.0,17.09201544243602,5.012234958223118,0.001446930368677858,0.0017202177945312032,0.037407283089911966,17.09201544243602,0.0375216897026267,14.053354661725429,19.350674932227715,2.904280081373781,0.0,0.30102315562735593,0.0,0.1738291816916755,2.619868161397321,0.031560696841665556,115.82469247748017,0.43354299818322634,-0.07352941176470594,5.824989815811781,1.0983327105019753,1.8315923434924808,0.07382706753437673,-0.06077058449095743,-0.05169232463991628,0.08278439857452538,0.1855858166722208,0.5944426554848866,Oil & Gas Equipment & Services,Energy,DRQ
2009Q2,2009,Q2,2009-08-07,2009-06-30,26707000.0,133186000.0,36311000.0,0.68,55779000.0,0.41880527983421684,748499000.0,633083000.0,562199000.0,108202000.0,115416000.0,259104000.0,529524000.0,1486890600.0,1372265600.0,16.222082714088042,5.195828173231549,0.0018209777167370964,0.0021529562474430683,0.041975923954893656,16.222082714088042,0.04218562179050772,11.164015737389816,13.918547571797657,2.3486503349481826,0.0,0.298748764974682,0.0,0.17793744547420906,2.5561911979445853,0.03568074239244141,-354.44352800953516,0.41880527983421684,0.07936507936507943,7.447197333423612,1.2304176755371772,1.725766518605093,0.0049364922079091975,0.08252604272222447,0.04763416041546451,0.25762714143163123,0.22993015247807966,0.6468068630604715,Oil & Gas Equipment & Services,Energy,DRQ
2009Q1,2009,Q1,2009-05-08,2009-03-31,24671000.0,127522000.0,34660000.0,0.63,55505000.0,0.4352582299524788,706150000.0,583550000.0,530683000.0,115354000.0,122600000.0,232101000.0,502817000.0,1198006100.0,1077813100.0,14.95400148630295,4.600473325589056,0.0019117751186008638,0.002313426441607403,0.0419812181496838,14.95400148630295,0.04227743980807129,9.394505261837173,12.139821044951562,2.052962214034787,0.0,0.31028302333897745,0.0,0.18058769383275508,2.391204466251712,0.034937336260001416,47.023044314479726,0.4352582299524788,-0.018387302854861294,7.6257693327775495,1.1174436844264524,1.5412490349654715,-0.059540148087903894,-0.014933120383310041,0.03701044191125871,0.41443372481587293,0.2894399884838246,0.6221740265123433,Oil & Gas Equipment & Services,Energy,DRQ
2008Q4,2008,Q4,2009-02-27,2008-12-31,25045000.0,135543000.0,33423000.0,0.6418009891602389,59019000.0,0.43542639605143757,680609000.0,559450000.0,514274000.0,113739000.0,121159000.0,222203000.0,478146000.0,800361730.0000001,705941730.0000001,14.336416984855086,4.5215273564916165,0.00225092527427642,0.0027384037894360534,0.04426088953835292,14.336416984855086,0.04476718205380284,5.904854769335193,7.989236673986824,1.4306224506211458,0.0,0.34438778954379556,0.0,0.1991495851509457,2.3564828247127196,0.03679792656282829,-52.70392005794812,0.43542639605143757,-0.06985363889820446,8.191638838357738,1.3137855043895637,1.483633677467073,0.016850157647180442,-0.08748087152954893,-0.09045636378479877,1.1225617553004934,0.41839827217798625,0.686066150020483,Oil & Gas Equipment & Services,Energy,DRQ
2008Q3,2008,Q3,2008-11-10,2008-09-30,27446000.0,132271000.0,36747000.0,0.69,58041000.0,0.4388036682265954,666159000.0,559592000.0,497717000.0,98760000.0,106567000.0,218786000.0,453101000.0,1710954480.0,1603668480.0,14.191316697098802,5.039661806399352,0.003053325107069033,0.0036347910620595004,0.049514242169311766,14.191316697098802,0.049046448126492156,12.93521996507171,15.584734387524595,3.0575034668115344,0.0,0.33928130684778735,0.0,0.1985577016898368,2.5811057108140947,0.041200374084865626,57.93168822374213,0.4388036682265954,0.014705882352941025,8.910671385464454,1.0485863262781274,1.5332952045226746,-0.013210241762725696,-0.009276973612966104,-0.026827330508474575,1.49835058302391,0.24314005974713354,1.0749473654235353,Oil & Gas Equipment & Services,Energy,DRQ
2008Q2,2008,Q2,2008-08-07,2008-06-30,27703000.0,142544000.0,37760000.0,0.68,58818000.0,0.4126304860253676,674755000.0,582550000.0,503913000.0,83872000.0,92205000.0,212805000.0,425655000.0,2547405000.0,2440430000.0,14.407073080252257,6.008119515452117,0.0036739260916925404,0.00425542871856493,0.046268783517862795,14.407073080252257,0.047554716333361946,17.871008250084184,22.988530123091362,4.372852115698223,0.0,0.39344000375931015,0.0,0.2112529733014205,3.172155188859214,0.041056383428059076,-125.52503202917119,0.4126304860253676,0.09677419354838718,10.644082616289863,1.1880112352568233,1.6115736514722618,0.07737113968567974,0.09105588594383837,0.08780825074902052,2.593518374731848,0.5275484471854344,1.2186975112527485,Oil & Gas Equipment & Services,Energy,DRQ
2008Q1,2008,Q1,2008-05-09,2008-03-31,25391000.0,132413000.0,34712000.0,0.62,54594000.0,0.4123009070106409,717952000.0,618391000.0,561016000.0,90847000.0,99561000.0,187987000.0,397952000.0,1895883060.0,1700321060.0,15.157385165939507,6.175393793961276,0.0037370186307719737,0.004338678926439745,0.0390315778992888,15.157385165939507,0.04105978256475272,14.317952617945368,18.666880587609782,3.065832232357845,0.0,0.4139594759212073,0.0,0.1844315497414869,3.8336764009818705,0.03536587404171867,-539.9837823981771,0.4123009070106409,-0.21339801598407812,9.388468276986096,1.0327680295001411,1.8115507776548145,-0.018217130936752566,-0.21040519949000216,-0.03756896886350403,3.9943235881618593,0.618057864466389,1.3681702995344853,Oil & Gas Equipment & Services,Energy,DRQ
2007Q4,2007,Q4,2008-02-29,2007-12-31,32157000.0,132751000.0,36067000.0,0.7882004019804892,55607000.0,0.41888196699083247,699822000.0,592495000.0,552598000.0,98406000.0,107327000.0,183031000.0,372561000.0,2270816680.0,2071995680.0,14.522648169027894,5.61549092535008,0.0041596291628442665,0.004913121629718394,0.050984805556726465,14.522648169027894,0.054273875728909106,17.105834833635903,17.654139689647664,3.8326343344669573,0.0,0.4214805142298299,0.0,0.1896925218126895,3.493648761254395,0.04595025592222022,119.76249564896366,0.41888196699083247,0.1764185104186406,19.80969397167725,0.9377047879986594,1.710486803593971,0.01978799882629108,0.16409643788010425,-0.018504911965602635,6.078789678000574,0.9900054198585757,1.3425451745483923,Oil & Gas Equipment & Services,Energy,DRQ
2007Q3,2007,Q3,2007-11-09,2007-09-30,27624000.0,130423000.0,36747000.0,0.67,54528000.0,0.4180857670809596,670878000.0,553036000.0,532018000.0,108714000.0,117842000.0,175940000.0,340404000.0,2034435780.0,1863818780.0,13.67614619911964,4.893739536766194,0.004772849907136618,0.005789858164748769,0.04688702220298335,13.67614619911964,0.04994973202467832,15.598750067089394,18.411850021720245,3.678667898653976,0.0,0.4313686484028646,0.0,0.19440643455292914,3.0735231892856487,0.04117589189092503,295.48813071895427,0.4180857670809596,0.1355932203389832,9.486632360999915,1.119853057228438,1.5908045814906715,0.08602043458344122,0.14579617570202,0.11818762742293765,6.269813020532858,0.9159629309745315,1.2656936507185657,Oil & Gas Equipment & Services,Energy,DRQ
2007Q2,2007,Q2,2007-08-09,2007-06-30,24109000.0,114701000.0,32863000.0,0.59,50209000.0,0.4377381191096852,632495000.0,522978000.0,499545000.0,100184000.0,109517000.0,170517000.0,312780000.0,1817598200.0,1652105200.0,12.933475121179148,4.986275253533498,0.0053344295211819855,0.0064515142128349565,0.04327186700812387,12.933475121179148,0.04609945351429697,15.846402385332299,18.847714546434943,3.4754773623364654,0.0,0.3782144888779418,0.0,0.18134688811769262,3.0834764034177113,0.038117297369939684,88.01075924849893,0.4377381191096852,0.0,7.68621613711305,0.8163563388674833,1.4840189836687545,0.005547544660738604,0.002411542139619974,0.004738901797725327,6.359572410493642,0.8538759857017325,1.1731878745696511,Oil & Gas Equipment & Services,Energy,DRQ
2007Q1,2007,Q1,2007-05-08,2007-03-31,24051000.0,117682000.0,32708000.0,0.59,49932000.0,0.42429598409272445,596283000.0,494388000.0,465274000.0,92449000.0,101895000.0,158368000.0,288671000.0,1747559840.0,1604341840.0,12.243994254296894,5.032764010427371,0.005938455397856387,0.007162390672912773,0.04595834340065081,12.243994254296894,0.04864802543751062,14.849848235074184,18.165147395118705,3.5347942102154586,0.0,0.42780107092341885,0.0,0.19735930757710685,3.0639055046566215,0.040334874547823765,159.49254723008121,0.42429598409272445,-0.04275244103347142,6.394478655527946,0.972741457252294,1.4210643428893113,-0.006605124940315136,-0.033591835094627716,-0.03236494881959647,7.1268094226131105,0.8884811057760525,1.0807165634799782,Oil & Gas Equipment & Services,Energy,DRQ
