Quarters,Year,Quarter,FillingDate,Date,NetIncome,Revenue,OperatingIncome,EPSDiluted,GrossProfit,GrossProfitRatio,TotalAssets,CommonStockEquity,CurrentAssets,CurrentLiability,TotalLiability,Inventory,RetainedEarnings,MarketCap,EnterpriseValue,bookValuePerShare,currentRatio,debtToAssets,debtToEquity,roic,shareholdersEquityPerShare,roe,priceToSalesRatio,peRatio,pbRatio,payoutRatio,inventoryTurnover,dividendYield,assetTurnover,quickRatio,returnOnAssets,priceToFreeCashFlowsRatio,grossProfitMargin,epsdilutedGrowth,fiveYNetIncomeGrowthPerShare,fiveYRevenueGrowthPerShare,fiveYShareholdersEquityGrowthPerShare,grossProfitGrowth,netIncomeGrowth,operatingIncomeGrowth,threeYNetIncomeGrowthPerShare,threeYRevenueGrowthPerShare,threeYShareholdersEquityGrowthPerShare,Industry,Sector,Symbol
2023Q3,2023,Q3,2023-05-09,2023-03-31,1075000.0,12068000.0,1196000.0,0.12,9056000.0,0.7504143189,42841000.0,36394000.0,35169000.0,6417000.0,6447000.0,3451000.0,17760000.0,87999922.4,81223922.4,4.301112883708634,5.480598410472183,0.0,0.0,0.028909371313251303,4.301112883708634,0.02953783590701764,7.292005502154459,20.46509823255814,2.4179788536571962,0.0,0.8727904955085483,0.0,0.28169277094372214,4.661056568489949,0.025092784948997457,999.9991181818183,0.7504143188597945,0.09090909090909087,2.3350568079027476,0.6515053224536815,0.7212448251933614,0.04307763188205482,0.10030706243602866,-0.061224489795918366,0.6342047302662602,0.3706407552354764,0.23241756359601587,Medical Devices,Healthcare,ELMD
2023Q2,2023,Q2,2023-02-14,2022-12-31,977000.0,11729000.0,1274000.0,0.11,8682000.0,0.7402165573,41394000.0,35350000.0,34164000.0,6011000.0,6044000.0,3473000.0,16685000.0,88566430.11,81657430.11,4.1869306410954765,5.6835801031442355,0.0,0.0,0.027486879835524534,4.1869306410954765,0.027637906647807638,7.551064038707477,22.662853149948823,2.5054152789250352,0.0,0.8773394759573856,0.0,0.2833502439967145,4.819663949426052,0.023602454461999323,98.08021053156146,0.7402165572512576,10.0,1.7167124558487337,0.6309733906272679,0.7232072206050085,0.04213179690313288,11.061728395061728,27.954545454545453,-0.1807235526058729,0.3637193698861901,0.23459418907158158,Medical Devices,Healthcare,ELMD
2023Q1,2023,Q1,2022-11-08,2022-09-30,81000.0,10658000.0,44000.0,0.01,8331000.0,0.7816663539,40134000.0,34144000.0,33220000.0,5953000.0,5990000.0,3673000.0,15716000.0,86570403.25,80572403.25,4.042674942720681,5.580379640517386,0.0,0.0,0.0021746134020618558,4.042674942720681,0.0023723055295220242,8.122574896791143,267.19260262345676,2.53544995460403,0.0,0.6335420637081405,0.0,0.2655603727512832,4.6248950109188645,0.0020182388996860517,-44.39507858974359,0.7816663539125539,-0.75,-0.3506986905846543,0.6214783164675646,0.7106411874585742,0.026490882207984227,-0.7874015748031497,-0.8694362017804155,-0.9207896769291113,0.27361957565437334,0.2559770406708446,Medical Devices,Healthcare,ELMD
2022Q4,2022,Q4,2022-08-23,2022-06-30,381000.0,11268000.0,337000.0,0.04,8116000.0,0.7202697906,41364000.0,34173000.0,34539000.0,7150000.0,7191000.0,3178000.0,15780000.0,81240174.56,73087174.56,4.054985378652786,4.830629370629371,0.0,0.0,0.00755988834419916,4.054985378652786,0.011149152839961374,7.209813148739794,53.30720115485564,2.377320532584204,0.0,0.9918187539332913,0.0,0.2724107919930374,4.124615384615384,0.00921090803597331,-67.81316741235392,0.7202697905573305,-0.4579945799457995,-0.6096942019434897,0.5020272220218747,0.7377470660524139,0.04817254294201214,-0.40930232558139534,-0.6095017381228274,-0.653041344676492,0.2963626108707208,0.31442547040096636,Medical Devices,Healthcare,ELMD
2022Q3,2022,Q3,2022-05-10,2022-03-31,645000.0,10141000.0,863000.0,0.0738,7743000.0,0.7635341682,39019000.0,34010000.0,32988000.0,4966000.0,5009000.0,2089000.0,15883000.0,105174029.75999999,95330029.75999999,4.022707896288179,6.6427708417237215,0.0,0.0,0.018834066606687468,4.022707896288179,0.018965010291090857,10.371169486243959,40.76512781395349,3.092444274037048,0.0,1.147917663954045,0.0,0.2598990235526282,6.022553362867499,0.016530408262641277,-321.6331185321101,0.7635341682279854,-0.22884012539184942,-0.038383405832238184,0.46878726121989217,0.8236480510306491,-0.017385786802030456,-0.23031026252983294,-0.2024029574861368,0.813952637341472,0.34805286326308943,0.3696152091127101,Medical Devices,Healthcare,ELMD
2022Q2,2022,Q2,2022-02-08,2021-12-31,838000.0,10248000.0,1082000.0,0.0957,7880000.0,0.768930523,38204000.0,33487000.0,32450000.0,4670000.0,4717000.0,1790000.0,15537000.0,110219122.0,99749122.0,3.9496866977401615,6.9486081370449675,0.0,0.0,0.025024636426075792,3.9496866977401615,0.025024636426075792,10.755183645589383,32.88159964200477,3.2914003045958133,0.0,1.3229050279329608,0.0,0.268244162914878,6.334903640256959,0.02193487592922207,-390.8479503546099,0.7689305230288837,0.9139999999999998,0.8186618129919041,0.5491793678216969,0.8723614503514078,0.023243734579924687,0.908883826879271,1.0111524163568772,1.1715296840442044,0.2519353650456142,0.3766294984017957,Medical Devices,Healthcare,ELMD
2022Q1,2022,Q1,2021-11-09,2021-09-30,439000.0,10001000.0,538000.0,0.05,7701000.0,0.77002299770023,37900000.0,33041000.0,32426000.0,4809000.0,4859000.0,2023000.0,15361000.0,92610749.58,81630749.58,3.8602821121880395,6.742773965481389,0.0,0.0,0.013067914568720144,3.8602821121880395,0.013286522804999848,9.260148943105689,52.739606822323466,2.8029039550861055,0.0,1.1369253583786456,0.0,0.2638786279683377,6.211686421293408,0.01158311345646438,-109.46897113475177,0.77002299770023,0.25000000000000006,1.1911626142055052,0.720869033540715,0.8925146636765837,0.11114590005054335,0.09876357811483205,-0.17397118725520452,1.744053178501513,0.32650996528097403,0.38431786933573814,Medical Devices,Healthcare,ELMD
2021Q4,2021,Q4,2021-08-24,2021-06-30,399540.0,9468783.0,651309.0,0.04,6930683.0,0.7319507691748771,37109000.0,32416000.0,31704000.0,4639000.0,4693000.0,2114000.0,14922000.0,96959569.97,85070569.97,3.774528291670805,6.834231515412805,0.0,0.0,0.012358962658584018,3.774528291670805,0.012325394866732477,10.239918896652295,60.66950115758121,2.9911022325394865,0.0,1.2006149479659414,0.0,0.25516136247271554,6.3190342746281525,0.010766660378883828,189.2636330931741,0.7319507691748771,0.3333333333333334,0.12305602150334882,0.5765618671440055,0.8783293289942523,0.03429877275307677,0.785486054940095,1.6804273479651175,-0.6582578764637572,0.09998869442598447,0.41730994294455237,Medical Devices,Healthcare,ELMD
2021Q3,2021,Q3,2021-05-11,2021-03-31,223771.0,8786972.0,242987.0,0.03,6700852.0,0.7625894335386525,37170563.0,32872611.0,32288182.0,4238250.0,4297952.0,2256012.0,15645963.0,90396552.41999999,77895864.41999999,3.832859889724542,7.618281602076329,0.0,0.0,0.006543730346998384,3.832859889724542,0.00680721710849193,10.287565775787153,100.99225594469345,2.749904849967652,0.0,0.92469366297697,0.0,0.23639598894426217,6.971927328496431,0.006020113281577145,117.44540324026555,0.7625894335386525,-0.7692307692307693,-0.5451993507434194,0.38069220646129937,0.9543497785745862,-0.10955008363185083,-0.8140551940416826,-0.8464751526011217,-0.3150856466099212,0.18637397706339748,0.5338565690447662,Medical Devices,Healthcare,ELMD
2021Q2,2021,Q2,2021-02-09,2020-12-31,1203427.0,9496073.0,1582721.0,0.13,7525243.0,0.7924584193908366,35823624.0,32333734.0,30895761.0,3485961.0,3489890.0,2603495.0,15422192.0,84074770.53,72332655.53,3.772759991379545,8.86291068660837,0.0,0.0,0.036992077483485604,3.772759991379545,0.037218930544798814,8.853635658655952,17.465698071008877,2.600218413685224,0.0,0.7569939638831648,0.0,0.26507851355295603,8.006544823651211,0.033593111629353856,138.6075578295555,0.7924584193908366,1.1666666666666667,0.06972761009254713,0.43920771833314215,0.9873579527794499,0.2239708039122211,1.2482952273839727,1.387272373499773,2.2965967759521773,0.3008490439012185,0.5527477801862805,Medical Devices,Healthcare,ELMD
2021Q1,2021,Q1,2020-11-10,2020-09-30,535262.0,8004171.0,662983.0,0.06,6148221.0,0.768127142710969,34390792.0,30856016.0,29337436.0,3528775.0,3534776.0,3065043.0,14218765.0,89014077.84,77870896.84,3.608542989541125,8.31377347663141,0.0,0.0,0.01710765134559664,3.608542989541125,0.017347087193628628,11.120961538677772,41.57500338152157,2.884820834938639,0.0,0.6055216843613613,0.0,0.23274168853104632,7.307077385211582,0.015564107974018162,120.21716407993043,0.768127142710969,-0.6,0.49330664620640813,0.5224104038582724,1.0520496154198413,0.10012829597182857,-0.5909512262781866,-0.4860616819314654,3.2380422295745817,0.20278885503206012,0.5269400464014617,Medical Devices,Healthcare,ELMD
2020Q4,2020,Q4,2020-08-25,2020-06-30,1308553.0,6877351.0,1290005.0,0.15,5588640.0,0.8126152060582629,33244563.0,30249315.0,28022539.0,2986380.0,2995248.0,3084620.0,13683503.0,129952452.06,119473302.06,3.5823637836018527,9.383447183546634,0.0,0.0,0.04294110073565441,3.5823637836018527,0.04325892999560486,18.895713198293937,24.82751024605041,4.296046110796229,0.0,0.4177859833626184,0.0,0.20687145143102045,8.232241375846343,0.03936141377463737,112.28992119547841,0.8126152060582629,1.1428571428571426,3.934157335024254,0.2719791292803917,1.0891191272517604,-0.152408035125236,1.0030691562805194,0.4127705198646812,0.33788658743926786,-0.08504420814616255,0.5352070533370942,Medical Devices,Healthcare,ELMD
2020Q3,2020,Q3,2020-05-12,2020-03-31,653274.0,8743897.0,913103.0,0.07,6593550.0,0.7540745276391064,32973217.0,29326841.0,27787544.0,3622052.0,3646376.0,2646971.0,12374950.0,94451450.96000001,84518141.96000001,3.489980190771227,7.671768378808476,0.0,0.0,0.021472086180162237,3.489980190771227,0.022275634801579892,10.801985769045542,36.14541944115333,3.22064865288423,0.0,0.8123802640829839,0.0,0.26518179891273574,6.841320058353663,0.019812261569746137,127.79251922608579,0.7540745276391064,-0.5,15.944164983673986,0.8528248424735738,1.076665870492691,-0.012277417688661297,-0.44873997515729214,-0.41728409716026643,-0.020096250227854245,0.27417464551908394,0.5821421135022378,Medical Devices,Healthcare,ELMD
2020Q2,2020,Q2,2020-02-11,2019-12-31,1185056.0,8546942.0,1566978.0,0.14,6675508.0,0.7810405171814667,31487181.0,28453780.0,26287097.0,2993773.0,3033401.0,2651420.0,11721676.0,72574581.25,63367859.25,3.391341606948645,8.780591247232172,0.0,0.0,0.04068574541391061,3.391341606948645,0.04164845584663971,8.491292119450442,15.310369562704212,2.5506130029120913,0.0,0.705823294687375,0.0,0.27144195601378224,7.790250296198142,0.03763614151422447,65.42399977102595,0.7810405171814667,0.16666666666666682,1.7112863281079427,0.693236742578415,1.0294786610454782,0.05252944177771387,0.1680538087596939,0.16192510038150534,1.598914345580033,0.30562515257864775,0.6076761970655867,Medical Devices,Healthcare,ELMD
2020Q1,2020,Q1,2019-11-12,2019-09-30,1014556.0,8302498.0,1348605.0,0.12,6342348.0,0.7639084044344244,30303306.0,26971524.0,25033269.0,3276513.0,3331782.0,2745557.0,10536620.0,55388528.050000004,47436694.050000004,3.218749078853703,7.640216596119106,0.0027289431720750206,0.0030660484739386622,0.036421881110483445,3.218749078853703,0.03761582029995784,6.671308809710042,13.64846495659185,2.0535928207097234,0.0,0.7139352779782026,0.0,0.27397994133049375,6.656947492654538,0.03348004339856516,259.3557283130894,0.7639084044344244,-0.07692307692307698,1.6022908379522838,0.6852776288935477,0.9917269950001053,-0.048882535790166985,-0.06659772720581741,-0.09220610062702572,4.172516525144787,0.4592474604765369,0.5780012064904242,Medical Devices,Healthcare,ELMD
2019Q4,2019,Q4,2019-08-27,2019-06-30,1086944.0,8603601.0,1485585.0,0.13,6668312.0,0.7750605821911081,29354188.0,25733986.0,24539031.0,3620202.0,3620202.0,2622000.0,9522076.0,44096644.1292,36288716.1292,3.0849869163109034,6.778359605347989,0.0,0.0,0.04131006251079822,3.0849869163109034,0.042237685215185866,5.125370659239079,10.14234498953028,1.7135567000463898,0.0,0.7380964912280702,0.0,0.29309620146876486,5.956523144288633,0.037028583451192726,163.1474844487526,0.7750605821911081,2.25,2.640169233580789,0.8145071976303834,0.9678763488095061,0.1962597642287347,2.104268231732568,2.217146594307568,2.145511880998425,0.4748237422204726,0.535190878621101,Medical Devices,Healthcare,ELMD
2019Q3,2019,Q3,2019-05-07,2019-03-31,350145.0,7407779.0,461771.0,0.04,5574301.0,0.752492886194364,27693517.0,24452441.0,24002905.0,3241076.0,3241076.0,2706756.0,8435132.0,44458180.1746,36922289.1746,2.9371080793518973,7.405844540516791,0.0,0.0,0.01351807170711492,2.9371080793518973,0.0143194292954229,6.00155325565193,31.742692437847175,1.818148960040431,0.0,0.6773709931741169,0.0,0.2674914493525687,6.447053077434778,0.012643572862197316,169.85562129968173,0.752492886194364,0.0,1.3397776241272843,0.8249087718963384,0.9186235035056014,-0.08051963175925497,-0.07304307770506385,-0.3130605535431372,-0.2668815196628828,0.1990978191280283,0.4976118850364598,Medical Devices,Healthcare,ELMD
2019Q2,2019,Q2,2019-02-12,2018-12-31,377736.0,8012487.0,672215.0,0.04,6062447.0,0.756624878143328,26881613.0,23810543.0,23020515.0,3071070.0,3071070.0,2735934.0,8084987.0,42241711.49,35030589.49,2.8690992764033956,7.495926501186883,0.0,0.0,0.01548369089083604,2.8690992764033956,0.01586423291564581,5.271985026621572,27.957165513745046,1.7740759414852487,0.0,0.7127511116861737,0.0,0.29806570758979384,6.4978180243367945,0.01405183535675482,105.91168739767174,0.756624878143328,1.0,2.543616513383282,1.2376424435816182,0.7350778575253356,0.09374539946366767,1.4466034509560082,2.3789836131496935,-0.6532513404458823,0.2540640909068723,0.5113411076512955,Medical Devices,Healthcare,ELMD
2019Q1,2019,Q1,2018-11-13,2018-09-30,154392.0,7275883.0,198940.0,0.02,5542832.0,0.7618088416210101,27514230.0,23034042.0,23384758.0,4480188.0,4480188.0,2840000.0,7707250.0,54103858.05,47445849.05,2.7885807137925536,5.219593017078748,0.039583880777328675,0.04728306043724328,0.005994797518411935,2.7885807137925536,0.006702774962379594,7.436053885143562,87.6079363729986,2.3488651297067182,0.0,0.6102292253521127,0.0,0.26444072757987414,4.492863915532116,0.005611350926411534,199.9263098673781,0.7618088416210101,-0.8461538461538461,1.4521856925398136,1.0909930453516814,0.6599945765972481,-0.17681576807213706,-0.862053067646641,-0.8749526216641095,-0.5541093032342457,0.4325906891127611,0.585766332253912,Medical Devices,Healthcare,ELMD
2018Q4,2018,Q4,2018-09-25,2018-06-30,1119213.0,8240564.0,1590917.0,0.13,6733404.0,0.8171047515679752,26638204.0,21895032.0,22211947.0,4743172.0,4743172.0,2360693.0,6859042.0,44560188.54,38205387.54,2.663163629423907,4.682930958438783,0.04133322952253087,0.05028734372253943,0.04781922906714881,2.663163629423907,0.051117212342964374,5.407419751851936,9.95346474263612,2.0351734831901593,0.0,0.6384396446297761,0.0,0.30935133614863825,4.009774893257086,0.04201533256521348,109.80960470188148,0.8171047515679752,2.25,3.655270006615652,1.0240567583841098,0.5516476258634446,0.20250136708683528,2.578298345791584,2.2795041939028136,3.3344355307968487,0.5653586505881629,0.553071215910063,Medical Devices,Healthcare,ELMD
2018Q3,2018,Q3,2018-05-08,2018-03-31,312778.0,7090654.0,485109.0,0.04,5599498.0,0.7897012038663852,24263779.0,20517201.0,19920246.0,3746578.0,3746578.0,2207293.0,5739829.0,44009325.2,38059341.2,2.498838527067441,5.316917464416862,0.04586416650102196,0.05423926977173933,0.01444043863286255,2.498838527067441,0.015244672019346109,6.206666578287419,35.17616744144409,2.144996542169665,0.0,0.6755587047120614,0.0,0.29223205503149363,4.5986326722678665,0.012890737259023007,254.30243558555176,0.7897012038663852,0.0,1.7172354730704296,1.1908058584548076,0.41799093896008355,0.0023042534625109076,-0.10451923214566901,-0.37013473491227367,7.3027774822657285,0.5377227108381037,0.48690032647046155,Medical Devices,Healthcare,ELMD
2018Q2,2018,Q2,2018-02-13,2017-12-31,349285.0,6984626.0,770179.0,0.04,5586625.0,0.7998459760050144,23703608.0,19924203.0,19293958.0,3779405.0,3779405.0,2393639.0,5427051.0,49775013.690000005,44059521.690000005,2.4297313701050234,5.10502526191292,0.047450371268373995,0.05645119154828929,0.01670005924675182,2.4297313701050234,0.017530688680495777,7.126367781181126,35.62636077272142,2.4982185581024248,0.0,0.5840483882490217,0.0,0.29466509908533756,4.371218750041343,0.014735520432163744,46.69812118335024,0.7998459760050144,3.0,1.8405472450515123,0.792215606215138,0.34261042074241055,0.1316989345069598,1.8837929326287979,3.7448481077384654,-0.1823599048996209,0.4157801451126727,0.45402278484640124,Medical Devices,Healthcare,ELMD
2018Q1,2018,Q1,2017-11-07,2017-09-30,121120.0,6381778.0,162319.0,0.01,4936494.0,0.7735295712260752,23205853.0,19379055.0,18677737.0,2741595.0,3826798.0,2454153.0,5077766.0,59943220.769999996,55292638.769999996,2.3632512606145704,6.812726533277162,0.04897083507337567,0.05864114633040672,0.006060619933521489,2.3632512606145704,0.006250046764406211,9.39287151166963,123.72692530135402,3.0931962765986265,0.0,0.5889135681434695,0.0,0.27500725786722857,5.711166674873568,0.0052193728883829435,265.61157732187166,0.7735295712260752,-0.9090909090909092,2.685478405097403,0.5664764722390229,0.2741078507158478,-0.17749788771737016,-0.8720331327687944,-0.8928040511759465,-0.6825382992308773,0.323731903641614,0.46235423029941847,Medical Devices,Healthcare,ELMD
2017Q4,2017,Q4,2017-09-05,2017-06-30,946495.0,7273901.0,1514227.0,0.11,6001801.0,0.8251144743377729,23060649.0,19067550.0,18476272.0,2895974.0,3993099.0,2559485.0,4956646.0,45187394.07,40761513.07,2.333472723314314,6.3799854556705275,0.04977431467778726,0.060197980338323485,0.04709210740959028,2.333472723314314,0.04963904644277844,6.212264102852101,11.935455039382143,2.3698584280623365,0.0,0.49701404774788677,0.0,0.31542481740214684,5.360361660705517,0.04104372778060149,245.53028727450555,0.8251144743377729,0.375,6.26295518508466,0.5767944442655836,0.2555679772431196,0.12974120689801216,0.4607644167329017,0.46051509680008024,2.235894082850222,0.5660563628117665,0.48849441095638335,Medical Devices,Healthcare,ELMD
2017Q3,2017,Q3,2017-05-15,2017-03-31,647945.0,6669638.0,1036776.0,0.08,5312545.0,0.7965267380328588,21897746.0,18015486.0,17414972.0,2773339.0,3882260.0,2587635.0,4010151.0,40263862.16,36021043.16,2.20585759078607,6.279424188676537,0.05293348456959908,0.06434042356670255,0.03408212463816501,2.20585759078607,0.0359660016943201,6.036888682714114,15.535216013704865,2.2349584218821517,0.0,0.5244530237069757,0.0,0.3045810285679631,5.168992683548604,0.029589575109693938,67.91507914232123,0.7965267380328588,0.6,5.7694498465860224,0.38790965631608965,0.17596393058462442,0.07837031765424929,0.4597925927261012,0.4212944113377174,1.640942056463494,0.6749011651323747,0.4409446655440322,Medical Devices,Healthcare,ELMD
2017Q2,2017,Q2,2017-02-07,2016-12-31,443861.0,6372243.0,729459.0,0.05,4926457.0,0.7731119167928782,20705952.0,17228262.0,16106000.0,2356834.0,3477690.0,2570850.0,3362206.0,31688394.56,28037466.56,2.109468071455369,6.833743912384156,0.05653330984250326,0.06794510090454858,0.02465152680438058,2.109468071455369,0.02576353900352804,4.972879182416615,17.84815210167147,1.8393262512492554,0.0,0.5623766458564288,0.0,0.30774933700223006,5.562247913938784,0.021436396645756736,31.2539028032295,0.7731119167928782,1.5,16.932250383928736,0.3195798815059345,0.13434247572471567,0.13837375540914224,1.3217887556755172,1.5251368219912143,2.8431184157752685,0.80830171614404,0.275693515397295,Medical Devices,Healthcare,ELMD
2017Q1,2017,Q1,2016-11-08,2016-09-30,191172.0,5545363.0,288879.0,0.02,4327627.0,0.7804046371716333,19704519.0,16658976.0,15105519.0,1909354.0,3045543.0,2606134.0,2918346.0,37487044.08,34844182.08,2.039763382698805,7.911324458429395,0.05994310239189295,0.07090171688824091,0.01137362470421569,2.039763382698805,0.01147561530792769,6.760070365096027,49.02266555771765,2.250261005238257,0.0,0.4672576314187989,0.0,0.2814259510724418,6.285881507567481,0.009701936900870303,-29.131423526897596,0.7804046371716333,-0.5,-0.2277296434321934,0.02258783207928529,0.10106703897795091,-0.03643193479234744,-0.4330991658338844,-0.4639260390551497,1.5662845736972806,0.6118153432543546,0.21423638056243197,Medical Devices,Healthcare,ELMD
2016Q4,2016,Q4,2016-09-06,2016-06-30,337223.0,5693004.0,538879.0,0.04,4491252.0,0.7889072271862096,20587261.0,16358596.0,15820776.0,3072526.0,4228665.0,2480443.0,2727174.0,31422619.5,27501712.5,2.0095135785862794,5.14911053641206,0.05840738114701125,0.07350557468379315,0.01977749528136102,2.0095135785862794,0.020614421922272547,5.51951474125084,23.295133709741034,1.9208628601134228,0.0,0.4844908752186605,0.0,0.2765304233525771,4.20744267094892,0.016380178013966986,155.87158036241337,0.7889072271862096,-0.3333333333333333,1.0433596143051276,0.14347869234052743,0.10677302730134337,-0.02933487559066554,-0.2773147602464506,-0.2675179321697076,1.8079896222881526,0.41221197689647093,0.17080938583869515,Medical Devices,Healthcare,ELMD
2016Q3,2016,Q3,2016-05-10,2016-03-31,466625.0,6035700.0,735689.0,0.06,4626984.0,0.7666027138525772,20007484.0,15952075.0,15193949.0,2888243.0,4055409.0,2325718.0,2389951.0,33755506.550000004,30036192.550000004,1.961194424736014,5.260620037856926,0.060717179631381936,0.07615297696381192,0.027673117609701328,1.961194424736014,0.02925168042402007,5.592641541163411,18.084921805518352,2.1160574125936593,0.0,0.605712300459471,0.0,0.3016721142948309,4.302140782475712,0.023322522712001168,80.77741030384104,0.7666027138525772,-0.5384615384615385,-0.046695095227240115,0.1561052807697695,0.09700211312104473,-0.05544710046570477,-0.5629595773316862,-0.4112476822082423,2.080132297676909,0.8824724635263402,0.11289941054268308,Medical Devices,Healthcare,ELMD
2016Q2,2016,Q2,2016-02-09,2015-12-31,1067693.0,6262106.0,1249573.0,0.13,4898597.0,0.7822603130640076,19049953.0,15441149.0,14167087.0,2430429.0,3608804.0,2393622.0,1923326.0,15454328.299999999,12152897.299999999,1.8983796985858001,5.829047875909973,0.0644174292713478,0.07947264805229197,0.06498517586387619,1.8983796985858001,0.06914595539489969,2.4679122806289127,3.618626398224958,1.0008535180898779,0.0,0.5696425751434437,0.0,0.3287202860815457,4.703679062420667,0.05604701491914442,20.036442239252388,0.7822603130640076,2.25,2.637411168736902,0.3289194061567095,0.10467650780824309,0.26925400901169344,2.1314134712959216,1.1354089765674131,3.5903279600613205,0.6199204104533167,0.0489984190050451,Medical Devices,Healthcare,ELMD
2016Q1,2016,Q1,2015-11-10,2015-09-30,340962.0,5001188.0,585168.0,0.04,3859430.0,0.7717026434519159,17625364.0,14303442.0,12896620.0,2131994.0,3321922.0,2155305.0,855634.0,14640942.6,12097302.6,1.7585066961467357,6.049088318259807,0.07031554071734349,0.08664606742908455,0.022721585814416384,1.7585066961467357,0.023837758771629934,2.927492947675632,10.735025164094534,1.02359576107625,0.0,0.529743122203122,0.0,0.28374948738647326,4.803146256509165,0.01934496218063922,74.47260917113863,0.7717026434519159,0.3333333333333334,1.6133541195540122,0.031323938679825955,-0.09417869062106361,0.030465430655320615,0.33701674790308095,0.43690130953754885,5.783430567315287,0.237603498835809,-0.051930184302836975,Medical Devices,Healthcare,ELMD
2015Q4,2015,Q4,2015-09-15,2015-06-30,255017.0,5199146.0,407243.0,0.03,3745327.0,0.7203734998016982,17405054.0,13923331.0,12586997.0,2279277.0,3481723.0,2072108.0,514672.0,15021330.3,12674285.3,1.7147723827096726,5.522363889952823,0.0718868783745227,0.08986319437496673,0.017683881021171098,1.7147723827096726,0.01831580388342416,2.8891918595861705,14.725812690918646,1.078860389083618,0.0,0.7016135259359069,0.0,0.298714729641172,4.4387128023491655,0.014651893639629042,21.303013925151074,0.7203734998016982,5.580885062719923,1.7027260505333084,0.07412904142956979,0.3969631051098012,0.18645970111428775,5.849955679712052,6.0721554598499585,2.42703944652063,0.13421452925877708,-0.077335136391418,Medical Devices,Healthcare,ELMD
2015Q3,2015,Q3,2015-05-12,2015-03-31,37229.0,4556977.0,57584.0,0.00455865734078036,3156725.0,0.6927234875225396,16987574.0,13636560.0,12176606.0,2136219.0,3351014.0,2401864.0,259655.0,20366772.52,18724854.52,1.6805689544766418,5.700073822019184,0.07434216327769934,0.09261081973752912,0.0038648398702959097,1.6805689544766418,0.0027300873534087775,4.469360393962927,136.76685191651669,1.493541811131253,0.0,0.5829855478911379,0.0,0.26825354815231417,4.350333463001687,0.002191543065537198,43.86223851314245,0.6927234875225396,-0.9088268531843927,-0.9412346253787003,-0.1925725006636132,0.45772789607624687,-0.07248798492580874,-0.9119280075512585,-0.8712884565522544,-0.608513650867096,-0.04554426634945673,-0.10407250151602811,Medical Devices,Healthcare,ELMD
2015Q2,2015,Q2,2015-02-10,2014-12-31,422711.0,4881723.0,447388.0,0.05,3403433.0,0.6971786395909805,16681241.0,13559246.0,11687890.0,1894342.0,3121995.0,2234492.0,222426.0,21622858.7296,20445275.7296,1.6710407810849355,6.169894348538965,0.07641985389456336,0.09401540469138181,0.030159584479572097,1.6710407810849355,0.031175111064435292,4.4293497868682845,12.78820442903071,1.5946947735589427,0.0,0.6615776650800271,0.0,0.29264747149207904,4.793865627220428,0.0253405007457179,108.88191112140592,0.6971786395909805,0.0,7.968681384834308,0.1342259092481291,0.0,0.03298922950567905,0.11967822339475907,0.12414129282228845,16.18903027252311,0.017504901002413722,-0.10141681578281565,Medical Devices,Healthcare,ELMD
2015Q1,2015,Q1,2014-11-12,2014-09-30,377529.0,4770539.0,397982.0,0.05,3294742.0,0.6906435520179166,16515123.0,13113113.0,11370687.0,2162677.0,3402010.0,2243198.0,-200286.0,14419025.804,13425235.804,1.6160593730635924,5.257690815595671,0.07788836934487257,0.09809539504463967,0.027638696452898997,1.6160593730635924,0.02879018887429705,3.022515024822143,9.548290200223029,1.0995883131640822,0.0,0.6578986785829873,0.0,0.28885882351587694,3.9958879666265466,0.022859593597940507,18.283058883795828,0.6906435520179166,0.3968125981215744,-0.16049458402655406,0.10329124047071862,0.0,0.018472425211376625,0.29978034538794174,0.09798436267125744,0.5350248799898678,-0.11456209262351674,-0.12764895977425178,Medical Devices,Healthcare,ELMD
2014Q4,2014,Q4,2014-09-23,2014-06-30,290456.0,4612287.0,362466.0,0.03579578253177249,3234984.0,0.7013839338271881,15792166.0,12720495.0,10623318.0,1820479.0,3071671.0,2235496.0,-577814.0,11522237.84,11317102.84,1.5676731508954862,5.835452098046723,0.08216523306555922,0.10200601470304418,0.021995047410105825,1.5676731508954862,0.022833702619277002,2.4981615064283726,9.917369446663177,0.9058010588424428,0.0,0.6161062243010053,0.0,0.29206170958435973,4.388937746604053,0.018392410515441642,15.542153734922858,0.7013839338271881,1.2982981877647708,0.11787578407638646,-0.012915191692824558,0.569159970338804,0.28365249549628196,1.2891884868620835,2.6698731238079443,0.765690420284821,-0.07058537635486625,-0.1365779373054695,Medical Devices,Healthcare,ELMD
2014Q3,2014,Q3,2014-05-14,2014-03-31,-1004383.0,3956335.0,-217062.0,-0.12,2520140.0,0.6369885259969138,16096596.0,12421632.0,10771031.0,2412075.0,3674964.0,2550815.0,-868270.0,11359952.799999999,11896171.799999999,1.5308412901152195,4.465462724003192,0.08129961142094888,0.10535225967087095,-0.066054139677135,1.5308412901152195,-0.08085757169428301,2.8713323821162766,-2.827594851764715,0.9145298137958039,0.0,0.5630337754796017,0.0,0.24578705957458336,3.2221029611434138,-0.06239722982424359,-25.08468944318824,0.6369885259969138,-3.0,-2.585402327708639,-0.2989971914304101,0.32785390752457977,-0.001151782409040501,-3.1978375170315387,0.2970630810931595,-3.0568907233959473,-0.2403547277528383,-0.14371767075801847,Medical Devices,Healthcare,ELMD
2014Q2,2014,Q2,2014-02-11,2013-12-31,-239262.0,3501075.0,-308793.0,-0.03,2523046.0,0.7206489435387702,17397783.0,13417608.0,12268501.0,2602400.0,3980175.0,2266734.0,136113.0,27588456.8,27671811.8,1.6535853212347855,4.714302566861359,0.07586777004863206,0.09837304831084646,-0.01527198880111535,1.6535853212347855,-0.017831941430991278,7.879995944102883,-28.82661768270766,2.0561382326864814,0.0,0.4314705651390944,0.0,0.2012368472465716,3.514508146326468,-0.013752441905960087,112.4663959821283,0.7206489435387702,0.25000000000000006,-6.07643436177016,-0.18655565356311818,0.0,0.0709787455132624,0.2866474858752851,0.46501837308537897,-1.8170860029491813,-0.25522055065111343,-0.03777054749089475,Medical Devices,Healthcare,ELMD
2014Q1,2014,Q1,2013-11-13,2013-09-30,-335405.0,3418178.0,-577203.0,-0.04,2355832.0,0.689206940071582,17411535.0,13630916.0,12296517.0,2359536.0,3780619.0,1432222.0,375375.0,8683061.065200001,8976424.065200001,1.6798733882063313,5.211413176149887,0.07872625819607519,0.10056147363830868,-0.02178412144537222,1.6798733882063313,-0.024606196678198296,2.5402600640458166,-6.4720718722141894,0.6370122936125496,0.0,0.7417467403796338,0.0,0.19631686695055892,4.173015796326057,-0.0192633791334308,14.640919869559648,0.689206940071582,0.2198040917187286,-1.7458349267064877,-0.20947175030542248,0.0,-0.11832898703896096,0.1937592996339039,-0.3064773506624023,-3.57697293056435,-0.2934146408108565,-0.13468335637835044,Medical Devices,Healthcare,ELMD
2013Q4,2013,Q4,2013-09-25,2013-06-30,-416011.0,4018232.0,-441801.0,-0.051269174287414294,2672008.0,0.6649710618998604,17555827.0,13926861.0,12421329.0,2193511.0,3628966.0,1379594.0,710780.0,10629670.120000001,11516101.120000001,1.71634563481637,5.662761207944706,0.07917570616297369,0.09980676909175729,-0.0256941804173818,1.71634563481637,-0.02987112458435537,2.6453599792147395,-6.3878539990529095,0.7632495305295286,0.0,0.9758117243188938,0.0,0.2288830939151998,4.584381842625818,-0.023696462718617584,18.458133847329307,0.6649710618998604,-0.025383485748285833,-2.6010983515899193,-0.14005009587353115,0.7179734588687504,0.09425961805047912,0.03470111331288315,0.3632229665844153,-5.411902290258317,-0.16929345983752012,0.3982447767592009,Medical Devices,Healthcare,ELMD
2013Q3,2013,Q3,2013-05-15,2013-03-31,-430966.0,3198534.0,-693808.0,-0.05,2441841.0,0.7634250566040567,18844734.0,14299249.0,13807382.0,4247159.0,4545485.0,2141445.0,1126791.0,11359952.799999999,12822263.799999999,1.762238712822821,3.25096894182676,0.10439314240254068,0.13757792454694648,-0.025425532307072004,1.762238712822821,-0.030139065345319883,3.55161233239978,-6.5898196145403585,0.7944440159060101,0.0,0.3533562617765107,0.0,0.1697309179317681,2.482829580903376,-0.022869306619026832,-25.54089775729301,0.7634250566040567,0.0,-1.6802728636021131,-0.4332680833889636,0.5285683603665718,-0.028845021890192685,-0.0480920059047985,-0.1652530844084956,-1.6802728636021131,-0.4332680833889636,0.5285683603665718,Medical Devices,Healthcare,ELMD
2013Q2,2013,Q2,2013-02-14,2012-12-31,-411191.0,3856370.0,-595414.0,-0.05,2514368.0,0.652003827433571,19144311.0,14684418.0,14250465.0,2822932.0,4459893.0,1899028.0,1557757.0,10954240.200000001,11971776.200000001,1.8097069206132617,5.048107782971747,0.10567901869124462,0.13777542971059528,-0.023589796702736775,1.8097069206132617,-0.028001858841119887,2.8405573635309893,-6.66006807055602,0.7459771439358374,0.0,0.7066783638787844,0.0,0.2014368655001478,4.015860814217275,-0.021478495622015335,13.654244078283947,0.652003827433571,-4.0,-9.724260942609499,-0.1040059483819119,0.0,-0.1086437557119632,-4.782626427406199,-5.178416519663796,-9.724260942609499,-0.1040059483819119,0.0,Medical Devices,Healthcare,ELMD
2013Q1,2013,Q1,2012-11-13,2012-09-30,-71108.0,4031286.0,-96370.0,-0.01,2820834.0,0.6997355186409498,20440936.0,15050544.0,15728239.0,3736039.0,5390392.0,2305276.0,1968948.0,11359952.799999999,13179747.799999999,1.854828270061122,4.209870132512,0.16155571349570294,0.2194173180716923,-0.002805121057809119,1.854828270061122,-0.004724613276437051,2.817947622669292,-39.93908139731113,0.7547868568737449,0.0,0.5250789927106342,0.0,0.19721631142526938,3.2932035773716497,-0.0034787056717950687,-103.1981831230298,0.6997355186409498,0.5,-1.1581217631467777,-0.06767714683136612,0.0,-0.12560585038517763,0.6018254612649439,0.439865618897052,-1.1581217631467777,-0.06767714683136612,0.0,Medical Devices,Healthcare,ELMD
2012Q4,2012,Q4,2012-09-26,2012-06-30,-178585.0,4580877.0,-172048.0,-0.02,3226044.0,0.7042415677172733,20921024.0,15080335.0,16302037.0,4170686.0,5840689.0,2392416.0,2040056.0,17039929.2,18749645.2,1.8584997113720403,3.9087183739077935,0.16309674899278354,0.22626493376970738,-0.007889906832555109,1.8584997113720403,-0.011842243557586752,3.7197962748181186,-23.854087969314335,1.129943678306881,0.0,0.5663032683279162,0.0,0.21896045814965845,3.0915868516594154,-0.008536150046957548,41.04286202893245,0.7042415677172733,-3.0,-1.6873187226267714,-0.01963730890472577,0.8602623578169897,-0.04230285912930309,-2.877964141122036,-1.7620194969416996,-1.6873187226267714,-0.01963730890472577,0.8602623578169897,Medical Devices,Healthcare,ELMD
2012Q3,2012,Q3,2012-05-15,2012-03-31,95095.0,4774347.0,225779.0,0.01,3368543.0,0.7055505182174652,20821098.0,15220359.0,16133455.0,4030519.0,5600739.0,2411937.0,2218641.0,23530136.588,25660026.588,1.8757867766313538,4.002823209616429,0.16919496752764912,0.2314547902582324,0.0062563548708516,1.8757867766313538,0.006247881538142431,4.928451280981462,61.859552521163046,1.5459646246189067,0.0,0.5828527030349466,0.0,0.22930332492551544,3.097491166770334,0.004567242323147415,-88.38871496401364,0.7055505182174652,2.3090668431502315,-0.8498916379805883,-0.1540440579175023,0.6270601120547319,-0.03200784613934541,2.8728924004235563,1.25458848435222,-0.8498916379805883,-0.1540440579175023,0.6270601120547319,Medical Devices,Healthcare,ELMD
2012Q2,2012,Q2,2012-02-14,2011-12-31,24554.0,4790344.0,100142.0,0.003022,3479928.0,0.726446367943513,20729705.0,15066325.0,16036783.0,4069446.0,5663380.0,2397634.0,2123543.0,27951020.25,29837911.25,1.8596394974169146,3.940777933900585,0.17522482833209638,0.2410912415602345,0.002325220495979733,1.8596394974169146,0.0016297272227965346,5.834867026251142,284.58723884092205,1.8551982815982,0.0,0.5465454694085919,0.0,0.2310859705914773,3.0594270080005974,0.0011844838119982894,-25.077310886295816,0.726446367943513,-0.8992666666666667,-0.47823226542506797,0.11471296907830669,0.0,-0.1423679022082019,-0.8999995927327227,-0.7786731261409798,-0.47823226542506797,0.11471296907830669,0.0,Medical Devices,Healthcare,ELMD
2012Q1,2012,Q1,2011-11-10,2011-09-30,245539.0,5378918.0,452462.0,0.03,4057600.0,0.754352455270744,21167785.0,15007215.0,16651644.0,4486916.0,6160570.0,2163802.0,2098989.0,28353202.5,29085556.5,1.8525333249392197,3.7111557247784446,0.1737794955872804,0.2451172319447679,0.014553207581743957,1.8525333249392197,0.016361396834789134,5.271172101898561,28.86832896199789,1.8893047444179352,0.0,0.6106464454695947,0.0,0.2541086844939138,2.9745685009480898,0.011599654852881395,-26.7509288647188,0.754352455270744,0.47980317406184914,-0.45309979863063377,0.2460402149934217,0.0,0.12702721019657426,0.49531076818143066,0.11003927783733922,-0.45309979863063377,0.2460402149934217,0.0,Medical Devices,Healthcare,ELMD
2011Q4,2011,Q4,2011-06-30,2011-06-30,164206.0,4953704.0,407609.0,0.02027296638218059,3600268.0,0.7267830294260618,20868932.0,14706323.0,16634058.0,4413507.0,6162609.0,1855957.0,1853450.0,26729181.599999998,26425939.599999998,1.8156510224016735,3.7688980667754692,0.18153765607171465,0.2576100769716536,0.009855369439010426,1.8156510224016735,0.011165673431761291,5.395797084363538,40.69458728670085,1.8175298883344257,0.0,0.729238877840381,0.0,0.23737218560106477,3.1006734553723376,0.007868442908338578,-88.7862242610056,0.7267830294260618,-0.6621172269636568,-0.3668902706647389,0.0620500078165987,0.8173730301051574,-0.027826660355211096,-0.6631181156640249,-0.3929927655151257,-0.3668902706647389,0.0620500078165987,0.8173730301051574,Medical Devices,Healthcare,ELMD
2011Q3,2011,Q3,2011-03-31,2011-03-31,487429.0,5198828.0,671506.0,0.06,3703319.0,0.7123372806332504,19905885.0,14480545.0,15688060.0,3586909.0,5425340.0,1664965.0,1689244.0,26729181.599999998,26174501.599999998,1.7877763417941686,4.373698914580771,0.17067073380560574,0.23461492644095924,0.02890326391161946,1.7877763417941686,0.033660956821721835,5.14138602007991,13.709269247418598,1.8458684807788657,0.0,0.8982224851573456,0.0,0.26117040262213914,3.6757486738581884,0.024486678185873172,-23.308130714394714,0.7123372806332504,0.4999999999999999,-0.22922384272747168,-0.07719716796775061,0.5507197359777983,0.04608950738032657,0.6700094561999781,0.23657504000648205,-0.22922384272747168,-0.07719716796775061,0.5507197359777983,Medical Devices,Healthcare,ELMD
2011Q2,2011,Q2,2010-12-31,2010-12-31,291872.0,4685546.0,543037.0,0.04,3540155.0,0.7555480193770374,19471841.0,13898980.0,15277447.0,3595438.0,5572861.0,1535204.0,1201816.0,28711991.75,27059478.75,1.7184937718575375,4.249119856885309,0.1801964693528465,0.252447086045163,0.01858647029467074,1.7184937718575375,0.020999526583965155,6.127779291890422,24.592965195359607,2.0657625055939355,0.0,0.7460839080669409,0.0,0.24063189505296392,3.61848709392291,0.014989440392410763,-38.9147347313294,0.7555480193770374,1.0,5.212851943916959,0.09219494059352018,0.0,0.1786836078924395,1.6043722673329168,1.1918040991612784,5.212851943916959,0.09219494059352018,0.0,Medical Devices,Healthcare,ELMD
2011Q1,2011,Q1,2010-09-30,2010-09-30,112070.0,4165429.0,247758.0,0.02,3003482.0,0.7210498606506076,19537194.0,13563747.0,15351330.0,3902774.0,5973447.0,1435045.0,909943.0,25921020.58,23499159.58,1.9413395091714403,3.933440675785992,0.1839523116779206,0.26496454114043855,0.008604774663029618,1.9413395091714403,0.008262466116479466,6.222893387451808,57.823281386633354,1.9110516128028634,0.0,0.8096937726691498,0.0,0.21320507950118117,3.3472322507016803,0.00573623827454444,-73.02004473428454,0.7210498606506076,0.7210740572981543,-0.7105771202093489,0.11880077815617977,0.0,0.08784328298473967,0.5863152530857207,-0.1176238046904215,-0.7105771202093489,0.11880077815617977,0.0,Medical Devices,Healthcare,ELMD
2010Q4,2010,Q4,2010-06-30,2010-06-30,70648.0,3624168.0,280785.0,0.011620650439294404,2760951.0,0.7618165051951235,14143237.0,7462614.0,9441697.0,4502298.0,6680623.0,1470775.0,797873.0,24196497.56,27785109.56,1.2275001225425288,2.0970839780041213,0.29691498487934553,0.5627168978591148,0.009312956346931793,1.2275001225425288,0.009466924056369523,6.676428234011227,85.62343435058318,3.24236220177005,0.0,0.5869130220462001,0.0,0.25624742058695615,1.5964578533006921,0.004995178967869944,-42.40833139371845,0.7618165051951235,-0.8547418695088199,-0.63709569109787,0.0352030019629666,0.2286643135907896,-0.07434288409836345,-0.8511602037677655,-0.6326082803631197,-0.63709569109787,0.0352030019629666,0.2286643135907896,Medical Devices,Healthcare,ELMD
2010Q3,2010,Q3,2010-03-31,2010-03-31,474658.0,4228577.0,764266.0,0.08,2982693.0,0.7053656584709229,13381198.0,7008891.0,9332656.0,4217815.0,6372307.0,1253301.0,727225.0,24196497.56,27438977.56,1.1528687617217275,2.2126755203819988,0.2822866831504922,0.5389346189004794,0.048077644605502505,1.1528687617217275,0.06772226875835279,5.722137153940912,12.744174521444915,3.452257648178578,0.0,0.9940820281799823,0.0,0.3160088506275746,1.7632077272236928,0.03547201080202236,31.504092296915665,0.7053656584709229,12.917141723805747,0.0,0.0,0.0,0.33215646655911846,12.448688162293875,3.4791358979768856,0.0,0.0,0.0,Medical Devices,Healthcare,ELMD
2010Q2,2010,Q2,2009-12-31,2009-12-31,35294.0,3222994.0,170628.0,0.005748306770718392,2238996.0,0.6946944362912248,,,,,,,,24183407.34,,,0.0,0.0,0.0,0.0,,0.0,7.503398188144315,171.2997063240211,0.0,0.0,0.0,0.0,0.0,0.0,0.0,-59.83785024829951,0.6946944362912248,-0.8850338645856322,0.0,0.0,0.0,-0.10476685512310976,-0.8948760488120165,-0.7251021434003119,0.0,0.0,0.0,Medical Devices,Healthcare,ELMD
2010Q1,2010,Q1,2009-09-30,2009-09-30,335737.0,3228120.0,620696.0,0.05,2501020.0,0.7747605417394644,,,,,,,,24110374.34,,,0.0,0.0,0.0,0.0,,0.0,7.468859379453056,17.953319369029924,0.0,0.0,0.0,0.0,0.0,0.0,0.0,790.9708792074011,0.7747605417394644,0.5614629783329295,0.0,0.0,0.0,-0.03242454441913439,0.7307726014403473,0.37573530389605786,0.0,0.0,0.0,Medical Devices,Healthcare,ELMD
2009Q4,2009,Q4,2009-06-30,2009-06-30,193981.0,3488464.0,451174.0,0.032021252308768594,2584832.0,0.7409656513583055,11461098.0,6052143.0,8413023.0,2097860.0,5402356.0,1178689.0,-118465.0,24110374.34,27308205.34,0.9990524742719528,4.010288103114602,0.3105938889973718,0.5881795919230594,0.02506804362204728,0.9990524742719528,0.03205162204528214,6.91145855023873,31.073113268825296,3.98377472905052,0.0,0.7666415823003354,0.0,0.30437432783490725,3.1985270704432134,0.016925167204747748,-193.29432504369296,0.7409656513583055,0.0,0.0,0.0,0.0,0.0,0.0,0.0,0.0,0.0,0.0,Medical Devices,Healthcare,ELMD
