Quarters,Year,Quarter,FillingDate,Date,NetIncome,Revenue,OperatingIncome,EPSDiluted,GrossProfit,GrossProfitRatio,TotalAssets,CommonStockEquity,CurrentAssets,CurrentLiability,TotalLiability,Inventory,RetainedEarnings,MarketCap,EnterpriseValue,bookValuePerShare,currentRatio,debtToAssets,debtToEquity,roic,shareholdersEquityPerShare,roe,priceToSalesRatio,peRatio,pbRatio,payoutRatio,inventoryTurnover,dividendYield,assetTurnover,quickRatio,returnOnAssets,priceToFreeCashFlowsRatio,grossProfitMargin,epsdilutedGrowth,fiveYNetIncomeGrowthPerShare,fiveYRevenueGrowthPerShare,fiveYShareholdersEquityGrowthPerShare,grossProfitGrowth,netIncomeGrowth,operatingIncomeGrowth,threeYNetIncomeGrowthPerShare,threeYRevenueGrowthPerShare,threeYShareholdersEquityGrowthPerShare,Industry,Sector,Symbol
2023Q1,2023,Q1,2023-06-16,2023-03-31,-3260437.0,620229.0,-3155088.0,-0.0646,585082.0,0.9433322208,77745122.0,56400127.0,20333860.0,19012459.0,19012459.0,19403955.0,-211447647.0,14124458.040000001,18860236.04,1.11806311543264,1.0695018461315289,0.06144040779818958,0.08469292985811894,-0.05231870169998737,1.11806311543264,-0.057809036493836265,22.77297262785197,-1.083018782451555,0.2504330892730082,0.0,0.0018113317620041894,0.0,0.007977722383662861,0.009876208017069229,-0.0419375121695738,-14.579724517792592,0.943332220841012,0.17391304347826086,0.8070465554156572,-0.9727754414184331,-0.6290269868978424,0.23379578375118354,0.17329119881051028,0.08398744386494839,0.8070465554156572,-0.9727754414184331,-0.6290269868978424,Gambling,Consumer Cyclical,LTRY
2022Q4,2022,Q4,2023-06-15,2022-12-31,-3943876.0,551717.0,-3444372.0,-0.0782,474213.0,0.8595221826,79380253.0,59416309.0,20439286.0,17563768.0,17563768.0,19409323.0,-208187210.0,8903453.0145,12556363.0145,1.1778552120644765,1.1637187419009407,0.04731247203255953,0.06320951373805465,-0.055001574155834246,1.1778552120644765,-0.06637699423570724,16.13771737049973,-0.5643846950626744,0.14984863860358608,0.0,0.003993132578606683,0.0,0.006950305386403845,0.017730420943843028,-0.04968333875176739,-0.29214721194735,0.859522182568237,0.3483333333333333,0.7981654918598581,-0.983103656933668,-0.7089388659744205,0.07723778543065614,0.3527191083523853,0.43209550449253964,0.7981654918598581,-0.983103656933668,-0.7089388659744205,Gambling,Consumer Cyclical,LTRY
2022Q3,2022,Q3,2023-05-24,2022-09-30,-6092990.0,711477.0,-6065055.0,-0.12,440212.0,0.6187297692,110679263.0,63310352.0,50289677.0,14910672.0,44910672.0,49659511.0,-204297282.0,11371703.85,14544585.85,1.2526556607433985,3.372730417515723,0.029745807035234776,0.052001669490006945,-0.09141387528960039,1.2526556607433985,-0.09624002722335204,15.983234665351093,-0.4665896321018088,0.17961839558244758,0.0,0.005462498412439059,0.0,0.00642827735490071,0.023539918254522667,-0.055050872537884536,-42.20856089259401,0.6187297691984421,0.6129032258064516,-1.0637860636459884,-0.9974240423718891,-0.7675286405494509,0.42957536079394154,0.605604707429156,0.6112738284098123,-1.0637860636459884,-0.9974240423718891,-0.7675286405494509,Gambling,Consumer Cyclical,LTRY
2022Q2,2022,Q2,2023-05-22,2022-06-30,-15448942.0,1885171.0,-15602384.0,-0.31,307932.0,0.1633443332,113633386.0,68934303.0,51457944.0,12167546.0,42169068.0,50627111.0,-198295525.0,56462539.84,59385461.84,1.367391895206675,4.229114399896249,0.028972506372378977,0.04775915410358178,-0.2163472634954646,1.367391895206675,-0.22411109313747613,29.950885007248683,-0.9136958996933253,0.8190775475020036,0.0,0.03115403918663263,0.0,0.016589939509502955,0.04695983890260205,-0.13595425203645697,17.27460268518346,0.16334433321963895,0.060606060606060656,0.22346135241349527,-0.795019126592405,0.0,-0.9828788013492927,0.01522276644717698,0.013712111155360857,0.22346135241349527,-0.795019126592405,0.0,Gambling,Consumer Cyclical,LTRY
2022Q1,2022,Q1,2022-05-16,2022-03-31,-15687753.0,21150892.0,-15819300.0,-0.33,17985423.0,0.8503387469,154644335.0,141148163.0,99682065.0,10843781.0,10845303.0,12843029.0,-121919207.0,147055365.66,99736815.66,3.013866442960773,9.19255608352843,0.02248604192322984,0.024636091083948434,-0.1084947974014602,3.013866442960773,-0.11114386943881091,6.952679142799273,-2.343474008992875,1.0418510771550034,0.0,0.24647370958984832,0.0,0.1367712047130598,7.985446865811842,-0.10144408458285911,-29.13131924700714,0.8503387469426822,0.15384615384615383,0.0,0.0,0.0,32.14531541141674,-0.21977119444133864,-1.8255808906546476,0.0,0.0,0.0,Gambling,Consumer Cyclical,LTRY
2021Q4,2021,Q4,2022-04-01,2021-12-31,-12861226.0,21492067.0,-5598601.0,-0.39,-577468.0,-0.0268688907,147151478.0,134361855.0,98458461.0,10145285.0,10146454.0,0.0,-104439095.0,211498714.70000002,152631084.70000002,4.046762258409129,9.704849198420744,0.025628964460689956,0.028068531801678384,-0.03616695990532984,4.046762258409129,-0.09572081302390474,9.840780540094167,-4.111169392015971,1.5740979067310434,0.0,0.0,0.0,0.14605403419733234,8.312789931480486,-0.08740126959513107,26.195945680014447,-0.026868890740011187,-2.625,0.0,0.0,0.0,-1.0284084740163666,-2.153178632040892,-1.370250515901075,0.0,0.0,0.0,Gambling,Consumer Cyclical,LTRY
2021Q3,2021,Q3,2021-11-15,2021-09-30,11152848.0,32248036.0,15121116.0,0.24,20327315.0,0.6303427284687972,92612159.0,31797018.0,45305830.0,25002754.0,58171972.0,0.0,-91577868.0,68451368.0,111831264.0,5.388430057380299,1.8120335863801245,0.4811394473591745,1.401369241606241,0.19803342958331144,5.388430057380299,0.3507513817805179,2.122652306639697,1.5343921122210218,2.1527606142186038,0.0,0.0,0.0,0.34820520705062064,1.3699188897351067,0.12042531046058434,-6.523699760653146,0.6303427284687972,1.6486486486486487,0.0,0.0,0.0,1.4584380796929413,6.2259875648571565,9.209864756284478,0.0,0.0,0.0,Gambling,Consumer Cyclical,LTRY
2021Q2,2021,Q2,2021-08-16,2021-06-30,-2134113.0,9325756.0,1481030.0,-0.37,8268386.0,0.8866183074058553,75052790.0,19708780.0,27088279.0,21629622.0,52700841.0,0.0,-102730717.0,72747271.77000001,108285193.77000001,3.421735074643061,1.2523695051166406,0.5170157565095181,1.968842059224366,0.025311449712543125,3.421735074643061,-0.1082823492879823,7.800683587475376,-8.521956401793158,3.6911098388636945,,0.0,,0.12425595370938242,0.15097596250179499,-0.028434825674035567,0.0,0.8866183074058553,0.0,0.061118523389833514,7.875149237814123,0.0,0.0,0.0,0.0,0.061118523389833514,7.875149237814123,0.0,Gambling,Consumer Cyclical,LTRY
2020Q2,2020,Q2,2020-06-30,2020-06-30,-2035756.0,941082.0,-1709641.0,-0.39,177748.0,0.1888762084494231,,,,,,,,55712955.6,,,0.0,0.0,0.0,0.0,,0.0,59.20095762112122,-6.841801718870042,0.0,,0.0,,0.0,0.0,0.0,0.0,0.1888762084494231,0.0,0.0,0.0,0.0,0.0,0.0,0.0,0.0,0.0,0.0,Gambling,Consumer Cyclical,LTRY
