Quarters,Year,Quarter,FillingDate,Date,NetIncome,Revenue,OperatingIncome,EPSDiluted,GrossProfit,GrossProfitRatio,TotalAssets,CommonStockEquity,CurrentAssets,CurrentLiability,TotalLiability,Inventory,RetainedEarnings,MarketCap,EnterpriseValue,bookValuePerShare,currentRatio,debtToAssets,debtToEquity,roic,shareholdersEquityPerShare,roe,priceToSalesRatio,peRatio,pbRatio,payoutRatio,inventoryTurnover,dividendYield,assetTurnover,quickRatio,returnOnAssets,priceToFreeCashFlowsRatio,grossProfitMargin,epsdilutedGrowth,fiveYNetIncomeGrowthPerShare,fiveYRevenueGrowthPerShare,fiveYShareholdersEquityGrowthPerShare,grossProfitGrowth,netIncomeGrowth,operatingIncomeGrowth,threeYNetIncomeGrowthPerShare,threeYRevenueGrowthPerShare,threeYShareholdersEquityGrowthPerShare,Industry,Sector,Symbol
2023Q1,2023,Q1,2023-05-10,2023-03-31,-800000.0,1006000000.0,-54990000.0,-0.007,734300000.0,0.7299204771,34015000000.0,2031800000.0,4614600000.0,988100000.0,31983200000.0,0.0,1674000000.0,2541753550.0,6160953550.0,17.738006896852767,4.670175083493573,0.11889460532118183,1.9904518161236342,-0.007240289664252798,17.738006896852767,-0.0003937395412934344,2.526593986083499,-794.297984375,1.2509860960724482,-21.375,0.0,0.006727638877498567,0.02957518741731589,27.031474547110616,-2.35190357195355e-05,31.03484188034188,0.7299204771371769,-1.018918918918919,-1.0138407222303605,0.45586118441592727,-0.35820163038460034,-0.24578882497945767,-1.0184331797235022,-1.4875,0.9519579105847006,0.7857697458483924,-0.31310324293346903,Insurance—Life,Financial Services,CNO
2022Q4,2022,Q4,2023-02-24,2022-12-31,43400000.0,973600000.0,112800000.0,0.37,973600000.0,1.0,33339200000.0,1400800000.0,25829800000.0,154900000.0,31938400000.0,0.0,1459000000.0,2614542700.0,5921742700.0,12.242400936882767,166.75145255003227,0.11646650189566636,2.7719160479725873,0.016724414142288566,12.242400936882767,0.03098229583095374,2.685438270336894,15.060729838709678,1.866463949171902,0.3709677419354839,0.0,0.0061578646238977085,0.0292028602965878,170.02130406714008,0.0013017708883236551,16.249488502175264,1.0,-0.5934065934065934,1.895698917123136,0.30687117908930567,-0.5771592152531392,0.4434395848776872,-0.5866666666666667,0.2920962199312715,-0.7951542805887432,0.1950465418912175,-0.6070016539273069,Insurance—Life,Financial Services,CNO
2022Q3,2022,Q3,2022-11-04,2022-09-30,105000000.0,905300000.0,87300000.0,0.91,674500000.0,0.7450568872,33037300000.0,1297900000.0,5869100000.0,2318600000.0,31739400000.0,0.0,1431900000.0,2054941379.9999998,5893041380.0,11.349843468527554,2.5313119986198567,0.15231268899092842,3.877032128823484,0.010554862555458367,11.349843468527554,0.08089991524770783,2.269901005191649,4.892717571428571,1.5832817474381693,0.15333333333333332,0.0,0.007834773369544974,0.02740236036237828,11.131156732510998,0.0031782258235388485,12.268306746268655,0.7450568872197062,-0.21551724137931028,0.5365662766497018,0.23660645637645708,-0.6078134675123211,0.06809184481393507,-0.22850844966936076,-0.24152910512597742,2.3723568917571747,0.293641819537191,-0.6154892486933313,Insurance—Life,Financial Services,CNO
2022Q2,2022,Q2,2022-08-05,2022-06-30,136100000.0,855000000.0,115100000.0,1.16,631500000.0,0.7385964912,33835500000.0,2212000000.0,5952800000.0,1138000000.0,31623500000.0,0.0,1343200000.0,2089991970.0,5941891970.0,19.146044852985728,5.230931458699473,0.14901804317950082,2.2794303797468354,0.012311765121873357,19.146044852985728,0.06152802893309223,2.444435052631579,3.839074155033064,0.9448426627486437,0.12123438648052902,0.0,0.007894767174631777,0.025269317728421333,23.39420035149385,0.004022402506243443,18.896853254972875,0.7385964912280701,0.24731182795698908,1.40909000617532,0.18985367170759576,-0.31674663110793766,-0.2508008067386404,0.21193232413178986,-0.3350664355863663,3.9757492148784612,0.19954593261406303,-0.2849117493599122,Insurance—Life,Financial Services,CNO
2022Q1,2022,Q1,2022-05-06,2022-03-31,112300000.0,842900000.0,173100000.0,0.93,842900000.0,1.0,35468100000.0,3690900000.0,6025000000.0,1137600000.0,31777200000.0,0.0,1223500000.0,2976225980.0,6839425980.0,31.114801638819106,5.2962376933895925,0.14234763068785755,1.3679048470562736,0.014897743451077701,31.114801638819106,0.030426183315722454,3.530936030371337,6.625614381121995,0.8063686309572191,0.1433659839715049,0.0,0.005409535468136731,0.023765017015289797,24.92950070323488,0.0031662254251003013,52.76996418439716,1.0,0.0,1.6354403792528938,0.15098519481543607,0.17137083507468007,-0.2157610718273167,-0.030224525043177894,0.008153756552125802,1.9415100651633503,0.11794583525813289,0.30484512211486936,Insurance—Life,Financial Services,CNO
2021Q4,2021,Q4,2022-02-24,2021-12-31,115800000.0,1074800000.0,171700000.0,0.93,1074800000.0,1.0,36204400000.0,5259700000.0,29377600000.0,0.0,30944700000.0,0.0,1127200000.0,2908885280.0,6810285280.0,43.10628846800036,0.0,0.11051142954999944,0.7606897731809799,0.014497061475330319,43.10628846800036,0.02201646481738502,2.706443319687384,6.279976856649395,0.5530515580736545,0.13644214162348878,0.0,0.005431633935044698,0.02968699937024229,0.0,0.003198506258907757,24.382944509639565,1.0,0.20779220779220783,-0.29638336923932573,0.5220160732314623,0.6681266112132596,0.10998657440875761,0.16032064128256512,0.0,4.503744461721447,0.8576871152225805,1.098704251511504,Insurance—Life,Financial Services,CNO
2021Q3,2021,Q3,2021-11-04,2021-09-30,99800000.0,968300000.0,0.0,0.77,968300000.0,1.0,35713700000.0,5232900000.0,0.0,0.0,30480800000.0,0.0,1027400000.0,2976138660.0,6935138660.0,41.39002918634174,0.0,0.11282785037674618,0.7700319134705421,0.0,41.39002918634174,0.019071642874887728,3.073570856139626,7.455257164328657,0.5687360087140974,0.16332665330661322,0.0,0.00547689535406257,0.027112844650652272,0.0,0.0027944458289115943,12.364514582467802,1.0,0.3275862068965518,6.394966378766543,0.3136436725090044,0.6048975067053473,-0.09766098220109962,0.2794871794871795,0.0,1.2451728696731117,-0.14915578276841004,0.8814803427281748,Insurance—Life,Financial Services,CNO
2021Q2,2021,Q2,2021-08-06,2021-06-30,78000000.0,1073100000.0,0.0,0.58,1073100000.0,1.0,35519700000.0,5324000000.0,0.0,0.0,30195700000.0,0.0,944200000.0,3094597920.0,6962297920.0,40.636258166941445,0.0,0.11064282637522277,0.7381667918858001,0.0,40.636258166941445,0.014650638617580767,2.883792675426335,9.918583076923078,0.5812543050338091,0.22179487179487178,0.0,0.005590387005753561,0.0302114038125322,0.0,0.0021959644929433527,20.783061920752182,1.0,-0.462962962962963,0.7723553727727809,0.44439560989096505,0.6261342545450157,0.06669980119284294,-0.4708276797829037,0.0,-0.03242692635978065,0.30024153973639983,0.5150960086674538,Insurance—Life,Financial Services,CNO
2021Q1,2021,Q1,2021-05-07,2021-03-31,147400000.0,1006000000.0,0.0,1.08,1006000000.0,1.0,34659500000.0,4860700000.0,5171000000.0,1136000000.0,29798800000.0,0.0,883500000.0,3258260600.0,7112560600.0,36.23602206649769,4.55193661971831,0.11339748121005785,0.8085872405209126,0.0,36.23602206649769,0.030324850330199354,3.238827634194831,5.526222184531886,0.670327442549427,0.11058344640434192,0.0,0.00500266921559313,0.029025231177599215,24.25519366197183,0.004252802262006088,36.445868008948544,1.0,0.35000000000000003,3.3555593057605875,0.4083275462916246,0.5461994462908386,-0.06522951124326333,0.3184257602862254,0.0,1.177629965045991,0.24319084068079927,0.3110954358548697,Insurance—Life,Financial Services,CNO
2020Q4,2020,Q4,2021-02-24,2020-12-31,111800000.0,1076200000.0,0.0,0.8,1076200000.0,1.0,35339900000.0,5484200000.0,5521000000.0,1136000000.0,29855700000.0,0.0,752300000.0,3072897360.0,7147497360.0,39.67388159036981,4.860035211267606,0.11121989592500262,0.7166952335801028,0.0,39.67388159036981,0.02038583567338901,2.855321836089946,6.871416279069767,0.5603182524342658,0.148479427549195,0.0,0.005402067838673271,0.03045283093613734,25.66830985915493,0.0031635629981975047,15.864209395973154,1.0,-0.12087912087912087,0.09335039392697733,0.4903507152179423,0.7793378794793667,0.06186482486433152,-0.1346749226006192,0.0,2.9099195147162096,0.19576584909981634,0.37029781266888834,Insurance—Life,Financial Services,CNO
2020Q3,2020,Q3,2020-11-06,2020-09-30,129200000.0,1013500000.0,0.0,0.91,1013500000.0,1.0,34569200000.0,5083900000.0,735000000.0,990000000.0,29485300000.0,0.0,657500000.0,2260036000.0,28012336000.0,36.081618168914126,0.7424242424242424,0.10949052914154797,0.7445071696925588,0.0,36.081618168914126,0.025413560455555775,2.2299319190922544,4.373134674922601,0.444547689765731,0.13003095975232198,0.0,0.00743350990869172,0.029318005623503004,28.66020202020202,0.0037374310079492726,10.424520295202951,1.0,0.5964912280701756,4.161575837494383,0.5130444300852021,0.64586158542738,-0.0006901991717609938,0.5756097560975609,0.0,0.534492885869749,0.12357769635505628,0.2467770815914765,Insurance—Life,Financial Services,CNO
2020Q2,2020,Q2,2020-08-07,2020-06-30,82000000.0,1014200000.0,0.0,0.57,1014200000.0,1.0,6856200000.0,4731200000.0,521000000.0,25463000000.0,29248300000.0,0.0,545300000.0,2233064970.0,27665164970.0,32.988195591998384,0.02046106114754742,0.5520988302558268,0.8000718633750423,0.0,32.988195591998384,0.017331755157253975,2.201799418260698,6.808124908536586,0.4719870159790328,0.2121951219512195,0.0,0.007791981081499836,0.14792450628628104,1.092974119310372,0.011959977830284997,11.204540742599097,1.0,4.8,1.3927336154625043,0.44346074880383557,0.48044751021081245,0.41411042944785276,4.867924528301887,0.0,0.16923567427564828,0.1369578143844526,0.17722986365971502,Insurance—Life,Financial Services,CNO
2020Q1,2020,Q1,2020-05-11,2020-03-31,-21200000.0,717200000.0,0.0,-0.15,717200000.0,1.0,32735000000.0,3765800000.0,482000000.0,25183600000.0,28969200000.0,0.0,480700000.0,1806821310.0,25489521310.0,25.823395895192313,0.019139439952985275,0.11564380632350695,1.0052578469382336,0.0,25.823395895192313,-0.0056296138934622125,2.519271207473508,-21.306855070754718,0.47979746932922623,-0.7641509433962265,0.0,0.008966022212788713,0.021909271422025357,1.044004828539208,-0.0006476248663510005,14.374075656324582,1.0,-1.0815217391304348,-1.5520175976138095,0.019682089581440403,0.08914474638652849,-0.3290926099158092,-1.0762589928057553,0.0,-1.4046976148442378,-0.20337247368060615,-0.02783333908589525,Insurance—Life,Financial Services,CNO
2019Q4,2019,Q4,2020-02-25,2019-12-31,278000000.0,1069000000.0,0.0,1.84,1069000000.0,1.0,8242200000.0,4677000000.0,580000000.0,25168000000.0,28953900000.0,0.0,535700000.0,2722007379.0,27223107379.0,31.15127852120345,0.02304513668150032,0.45933124651185364,0.8094718836861236,0.0,31.15127852120345,0.05943981184519991,2.5463118606173993,2.4478483624100718,0.5819985843489416,0.05935251798561151,0.0,0.006061702891511523,0.12969838150008492,1.0765058804831533,0.033728858799835,14.65020117868676,1.0,5.814814814814815,3.5087427405440326,0.45462258464362526,0.3574813146463083,0.13241525423728814,5.619047619047619,0.0,0.3727807521669972,0.23026348788912387,0.2054917860328156,Insurance—Life,Financial Services,CNO
2019Q3,2019,Q3,2019-11-06,2019-09-30,42000000.0,944000000.0,0.0,0.27,944000000.0,1.0,7669700000.0,4553300000.0,760000000.0,24940000000.0,28726500000.0,0.0,274300000.0,2441888310.0,26557288310.0,29.517623187278375,0.030473135525260625,0.49369597246306895,0.831594667603716,0.0,29.517623187278375,0.009224079239233084,2.586746091101695,14.535049464285715,0.5362897920189752,0.4,0.0,0.00687992154727175,0.12308173722570635,1.0783239775461106,0.005476094240974223,12.63917344720497,1.0,0.1250000000000001,-0.5117525445571877,0.3323070172335387,0.316009661478564,-0.03653806899367218,0.11702127659574468,0.0,1.5506846868663042,0.049642634630173425,0.14454521507714962,Insurance—Life,Financial Services,CNO
2019Q2,2019,Q2,2019-08-06,2019-06-30,37600000.0,979800000.0,0.0,0.24,979800000.0,1.0,7777500000.0,4252200000.0,557000000.0,24676700000.0,28463800000.0,0.0,249200000.0,2671285120.0,26338185120.0,26.77438041507153,0.02257189980832121,0.4869302475088396,0.8906213254315413,0.0,26.77438041507153,0.008842481538968064,2.726357542355583,17.76120425531915,0.6282124829500023,0.4627659574468085,0.0,0.006513718760204826,0.12597878495660558,1.0606077798084832,0.00483445837351334,15.229675712656784,1.0,-0.25000000000000006,-0.3435877477972077,0.22224182417409416,0.19680258991366317,-0.04222873900293255,-0.27413127413127414,0.0,-0.2951866348541814,0.08796138821463967,0.07142584236721874,Insurance—Life,Financial Services,CNO
2019Q1,2019,Q1,2019-05-03,2019-03-31,51800000.0,1023000000.0,0.0,0.32,1023000000.0,1.0,12775700000.0,3837900000.0,621000000.0,24496900000.0,28476500000.0,0.0,229200000.0,2655642000.0,6113642000.0,23.84558987996123,0.02535014634504774,0.319324968494877,1.0629771489616717,0.0,23.84558987996123,0.013496964485786498,2.5959354838709676,12.81680501930502,0.6919518486672398,0.3166023166023166,0.0,0.006175531189821519,0.08007389027607098,1.0388906351415894,0.00405457235219988,18.662276879831342,1.0,0.8823529411764705,1.310983698995731,0.29094787143893447,0.11531365328109622,0.3145720894371627,0.8303886925795053,0.0,0.2757010864474143,0.19358690274492638,0.017496837848627295,Insurance—Life,Financial Services,CNO
2018Q4,2018,Q4,2019-02-26,2018-12-31,28300000.0,778200000.0,0.0,0.17,778200000.0,1.0,8176600000.0,3370900000.0,594000000.0,24089100000.0,28068900000.0,0.0,196600000.0,2442077328.0,5927677328.0,20.539477364166416,0.02465845548401559,0.49896044810801554,1.2102999199026967,0.0,20.539477364166416,0.008395384022071257,3.138110161912105,21.57312127208481,0.7244585505354653,0.5795053003533569,0.0,0.006715594060828199,0.09517403321674045,1.021096678580769,0.0034610962991952644,12.041801420118343,1.0,1.0527950310559007,-0.6403944407589688,-0.09498976121271195,-0.08371514606611813,-0.4746151768836079,1.053416383540959,0.0,-0.7668925739975039,-0.09230732606761247,-0.07882292748382265,Insurance—Life,Financial Services,CNO
2018Q3,2018,Q3,2018-11-05,2018-09-30,-529800000.0,1481200000.0,0.0,-3.22,1481200000.0,1.0,8010500000.0,3619900000.0,539000000.0,24047000000.0,28027300000.0,0.0,184800000.0,3470380590.0,7011080590.0,21.998650874197057,0.022414438391483344,0.5093190187878409,1.1270753335727506,0.0,21.998650874197057,-0.14635763418878975,2.3429520591412367,-1.6375899348810872,0.9586951545622807,-0.03114382785956965,0.0,0.004754521751171966,0.1849073091567318,1.0219861105335384,-0.0661381936208726,-26.96488414918415,1.0,-6.278688524590164,-3.5356441051399035,0.8341656813866198,0.024311894087148123,0.41565516582242185,-6.183953033268102,0.0,-19.12350617795551,0.8934424026351702,0.003467589384975422,Insurance—Life,Financial Services,CNO
2018Q2,2018,Q2,2018-08-03,2018-06-30,102200000.0,1046300000.0,0.0,0.61,1046300000.0,1.0,5157100000.0,4454900000.0,639000000.0,24037000000.0,28017300000.0,0.0,731200000.0,3162505920.0,6603305920.0,26.82091295500247,0.026584016308191537,0.7911616994047042,0.9158679207165143,0.0,26.82091295500247,0.022941031224045432,3.0225613304023704,7.7360712328767125,0.7098938068194571,0.16144814090019569,0.0,0.005217381537739541,0.20288534253747262,1.053891916628531,0.01981733920226484,18.44026775510204,1.0,0.21999999999999997,0.7596924441603309,0.28431026301129186,0.2908625452377297,0.038202024211153006,0.21233689205219455,0.0,1.5750148480976063,0.28583706721455554,0.20367158898032145,Insurance—Life,Financial Services,CNO
2018Q1,2018,Q1,2018-05-02,2018-03-31,84300000.0,1007800000.0,0.0,0.5,1007800000.0,1.0,32809100000.0,4617200000.0,610000000.0,24220000000.0,28191900000.0,0.0,645700000.0,3620190200.0000005,7081490200.0,27.637974380462108,0.02518579686209744,0.12411495591162208,0.8819414363683618,0.0,27.637974380462108,0.01825781859135407,3.5921712641397106,10.73603262158956,0.7840661439833666,0.1826809015421115,0.0,0.004253920139334115,0.030717087637271368,1.0565730800990916,0.002569409096866418,50.14113850415513,1.0,2.1904761904761902,8.41715113676262,0.17251676626043685,0.22059201137243087,-0.07549766076506742,2.1889985895627646,0.0,0.9160906737372528,0.25074934715601693,0.1656776172823183,Insurance—Life,Financial Services,CNO
2017Q4,2017,Q4,2018-02-23,2017-12-31,-70900000.0,1090100000.0,0.0,-0.42,1090100000.0,1.0,5009900000.0,4847500000.0,578000000.0,24291000000.0,28262800000.0,0.0,560400000.0,4133797320.0,7627397320.0,28.952743866020022,0.02379482112716644,0.8127906744645602,0.8400206291903043,0.0,28.952743866020022,-0.014626095925734914,3.7921267039721127,-14.576154160789846,0.8527689159360495,-0.21297602256699577,0.0,0.0036528157602076145,0.21758917343659553,1.0716479354493433,-0.01415197908141879,23.042348494983276,1.0,-1.7118644067796611,-1.9418092737355994,0.38143377004071655,0.2905768864794309,0.009445319011019538,-1.7033730158730158,0.0,-2.03114632905161,0.3301553491650142,0.2616756252591951,Insurance—Life,Financial Services,CNO
2017Q3,2017,Q3,2017-11-01,2017-09-30,100800000.0,1079900000.0,0.0,0.59,1079900000.0,1.0,32704600000.0,4881700000.0,765000000.0,24063000000.0,27822900000.0,0.0,851900000.0,3937084560.0,7030684560.0,28.939911313461856,0.031791547188629844,0.11801092201097094,0.79060573160989,0.0,28.939911313461856,0.02064854456439355,3.6457862394666174,9.764594642857142,0.806498670545097,0.15079365079365079,0.0,0.003860724799875774,0.03301981984185711,1.0663134272534596,0.0030821352347987743,25.36781288659794,1.0,0.22916666666666666,28.665083588247843,0.35582874819145166,0.27530309176863527,0.018005279034690798,0.20863309352517986,0.0,0.0715741301023248,0.39375632810983263,0.2902530345757215,Insurance—Life,Financial Services,CNO
2017Q2,2017,Q2,2017-08-04,2017-06-30,83400000.0,1060800000.0,0.0,0.48,1060800000.0,1.0,5719100000.0,4779300000.0,548000000.0,23969000000.0,28062500000.0,0.0,766400000.0,3561209280.0,7205909280.0,28.021881376204885,0.022862864533355585,0.7332447413054501,0.8774297491264411,0.0,28.021881376204885,0.017450254221329484,3.357097737556561,10.675087769784172,0.745131981670956,0.18345323741007194,0.0,0.004296293420868543,0.1854837299575108,1.06104968918186,0.014582714063401584,25.899703854545454,1.0,0.3333333333333333,0.7660837116019475,0.3857806960433302,0.35891034515507153,-0.009246287475483329,0.33868378812199035,0.0,0.3557578754477448,0.23219791115552177,0.25256531375857255,Insurance—Life,Financial Services,CNO
2017Q1,2017,Q1,2017-05-03,2017-03-31,62300000.0,1070700000.0,0.0,0.36,1070700000.0,1.0,5781100000.0,4606800000.0,530000000.0,23626000000.0,27820600000.0,0.0,698400000.0,3555335500.0,7319935500.0,26.562725233666416,0.022432912892575974,0.7429035996609642,0.9322740296952331,0.0,26.562725233666416,0.013523487019189024,3.3205711216960867,14.266996388443017,0.7717581618477034,0.2247191011235955,0.0,0.003937743709419265,0.18520696753213056,1.0517015152797766,0.010776495822594316,25.215145390070923,1.0,-0.7313432835820896,0.46420472412259794,0.32324837524427563,0.3663955480325849,0.06547915215444323,-0.7339880444064901,0.0,1.347100123341433,0.2538908431762507,0.2424003881052498,Insurance—Life,Financial Services,CNO
2016Q4,2016,Q4,2017-02-21,2016-12-31,234200000.0,1004900000.0,0.0,1.34,1004900000.0,1.0,5497100000.0,4486900000.0,478000000.0,23265000000.0,27488300000.0,0.0,650700000.0,3325091099.9999995,7169291100.0,25.841137104484144,0.02054588437567161,0.7864328464099253,0.9634937261806592,0.0,25.841137104484144,0.052196393946822975,3.30887759976117,3.5494140691716476,0.7410664601395173,0.059350982066609735,0.0,0.004180336592883124,0.18280547925269688,1.0584655061250805,0.04260428225791781,18.680287078651684,1.0,11.181818181818182,3.44490731774481,0.3263923430680633,0.23693583970480833,-0.010827837385569446,11.591397849462366,0.0,1.8128628837800442,0.10460453690884348,0.15279673954004827,Insurance—Life,Financial Services,CNO
2016Q3,2016,Q3,2016-11-07,2016-09-30,18600000.0,1015900000.0,0.0,0.11,1015900000.0,1.0,5442800000.0,4493800000.0,706000000.0,23677000000.0,27926900000.0,0.0,430300000.0,2660751690.0,6305051690.0,25.78982708454091,0.02981796680322676,0.7992761078856471,0.9680671146913525,0.0,25.78982708454091,0.0041390360051626685,2.619107874790826,35.76279153225806,0.5920939271885709,0.7473118279569892,0.0,0.005224087633671671,0.18665025354596898,1.0738353676563754,0.003417358712427427,10.860210979591837,1.0,-0.6666666666666667,-0.8654985480966908,0.4510356030553584,0.28701597274766527,0.004647943037974683,-0.6894824707846411,0.0,-0.915933202412943,0.18798521708081176,0.20083848687881578,Insurance—Life,Financial Services,CNO
2016Q2,2016,Q2,2016-08-02,2016-06-30,59900000.0,1011200000.0,0.0,0.33,1011200000.0,1.0,5796600000.0,4456200000.0,437000000.0,23390000000.0,27566300000.0,0.0,425600000.0,3113519580.0,6951919580.0,24.989485372049597,0.018683197947840957,0.7376048028154435,0.9594721960414703,0.0,24.989485372049597,0.013441946052690633,3.079034394778481,12.994656010016694,0.6986938602396661,0.2387312186978297,0.0,0.004592872995518467,0.17444708967325673,1.0656306113723815,0.010333643860193907,15.87720336562978,1.0,0.32000000000000006,0.4166425224890515,0.3788206549851378,0.3741862142497637,0.052894627238650564,0.31648351648351647,0.0,-0.03933993542503747,0.15613308600620968,0.2027178472882071,Insurance—Life,Financial Services,CNO
2016Q1,2016,Q1,2016-05-04,2016-03-31,45500000.0,960400000.0,0.0,0.25,960400000.0,1.0,6273300000.0,4226600000.0,635000000.0,23115000000.0,27231400000.0,0.0,380000000.0,3231872000.0000005,6812272000.0,23.435542001663432,0.027471338957386977,0.6720705210973491,0.9975157336866513,0.0,23.435542001663432,0.010765154024511428,3.3651311953352776,17.757538461538463,0.764650546538589,0.27912087912087913,0.0,0.003929611073705889,0.15309326829579328,1.05598096474151,0.007252960961535396,23.019031339031343,1.0,-0.6575342465753424,0.1754103672872734,0.27456137994058016,0.33741404031445377,-0.009488448844884489,-0.6686088856518573,0.0,3.708251928439799,0.03503059937862233,0.03499753475548205,Insurance—Life,Financial Services,CNO
2015Q4,2015,Q4,2016-02-19,2015-12-31,137300000.0,969600000.0,0.0,0.73,969600000.0,1.0,6400700000.0,4138500000.0,432000000.0,22851000000.0,26986600000.0,0.0,347100000.0,3543256720.0,7346556720.0,22.296991508986682,0.018905080740448995,0.6617401221741372,1.0234626072248398,0.0,22.296991508986682,0.033176271595988883,3.654348927392739,6.451669191551348,0.8561693173855262,0.09468317552804079,0.0,0.003668941041336683,0.15148343149967972,1.0534900004376175,0.021450778821066444,16.985890316395015,1.0,3.055555555555556,0.10441141511028997,0.2194034177373694,0.2945328196259784,0.07197346600331675,3.062130177514793,0.0,0.6451998563677829,0.10837758397447775,-0.006105189453257166,Insurance—Life,Financial Services,CNO
2015Q3,2015,Q3,2015-11-03,2015-09-30,33800000.0,904500000.0,0.0,0.18,904500000.0,1.0,6204600000.0,4171000000.0,613000000.0,22929000000.0,26840200000.0,0.0,222900000.0,3578790599.9999995,6975990600.0,21.922632187532848,0.026734702778141217,0.64645585533314,0.9616398945097099,0.0,21.922632187532848,0.008103572284823782,3.956650746268656,26.47034467455621,0.8580174058978662,0.3905325443786982,0.0,0.003688396856748199,0.14577893820713664,1.0695582014043352,0.0054475711568836025,17.466035139092238,1.0,-0.25,-0.09719525082020718,0.1339412400533036,0.19531029635757535,-0.0573215216258468,-0.2777777777777778,0.0,9.224595606012825,0.006830276265665859,-0.033929292123914115,Insurance—Life,Financial Services,CNO
2015Q2,2015,Q2,2015-08-03,2015-06-30,46800000.0,959500000.0,0.0,0.24,959500000.0,1.0,6117500000.0,4364200000.0,453000000.0,22779000000.0,26684800000.0,0.0,202400000.0,3593975950.0000005,7145675950.0,22.282583721797025,0.01988673778480179,0.6547772782999591,0.9178314467714587,0.0,22.282583721797025,0.010723614866413088,3.745675820739969,19.19858947649573,0.8235131180972458,0.29273504273504275,0.0,0.003811934245135947,0.1568451164691459,1.0725448878352868,0.00765018389865141,17.28704160654161,1.0,-0.07692307692307698,0.8119328598874322,0.2899865649793209,0.33709353033105144,-0.0077559462254395035,-0.11363636363636363,0.0,-0.13698371351589267,0.0915254832493603,0.0805853158041924,Insurance—Life,Financial Services,CNO
2015Q1,2015,Q1,2015-05-05,2015-03-31,52800000.0,967000000.0,0.0,0.26,967000000.0,1.0,5838200000.0,4753600000.0,426000000.0,23086000000.0,26841200000.0,0.0,169300000.0,3452455020.0,27838955020.0,23.7097924595119,0.018452741921510873,0.6431776917543078,0.7899276337933355,0.0,23.7097924595119,0.01110737125546954,3.570274064115822,16.34685142045454,0.7262821903399528,0.22916666666666666,0.0,0.0035047523950073075,0.16563324312288033,1.0877934679026249,0.0090438833887157,28.183306285714284,1.0,-0.3658536585365853,0.9482563227630154,0.20669436899530566,0.5983794605887126,-0.033,-0.3706793802145411,0.0,0.07344432869083067,0.0337889530939066,0.2196397235774856,Insurance—Life,Financial Services,CNO
2014Q4,2014,Q4,2015-02-20,2014-12-31,83900000.0,1000000000.0,0.0,0.41,1000000000.0,1.0,6032400000.0,4688200000.0,611000000.0,22897000000.0,26496000000.0,0.0,128500000.0,3518011560.0,27141011560.0,22.94785068869984,0.026684718522077128,0.5967276705788741,0.7678213386800904,0.0,22.94785068869984,0.017895994198199736,3.51801156,10.482751966626935,0.75039707350369,0.1430274135876043,0.0,0.0034110177852855043,0.1657715005636231,1.0916845001528586,0.013908228897287978,14.318321367521367,1.0,-0.24074074074074084,4.658915510083902,0.16059349641904086,0.6292168436523767,0.03412616339193381,-0.28534923339011925,0.0,0.3533447264791263,0.12181131210205165,0.09844310822227421,Insurance—Life,Financial Services,CNO
2014Q3,2014,Q3,2014-11-06,2014-09-30,117400000.0,967000000.0,0.0,0.54,967000000.0,1.0,6035600000.0,4722000000.0,452000000.0,22625000000.0,26253000000.0,0.0,56900000.0,3570504000.0,27357304000.0,22.42964018525116,0.01997790055248619,0.6011664126184638,0.7684032189750106,0.0,22.42964018525116,0.02486234646336298,3.6923516028955534,7.603287904599659,0.7561423125794154,0.10817717206132879,0.0,0.003556920815660758,0.16021605142819273,1.0968707182320443,0.019451255881768176,18.693738219895288,1.0,0.542857142857143,5.694955992825606,-0.24080732415001335,0.2439411030657666,-0.11527904849039342,0.5032010243277849,0.0,-0.2973423826245853,0.14318157424088063,0.11932914814713717,Insurance—Life,Financial Services,CNO
2014Q2,2014,Q2,2014-08-05,2014-06-30,78100000.0,1093000000.0,0.0,0.35,1093000000.0,1.0,10264000000.0,4844300000.0,378000000.0,26624000000.0,30070000000.0,0.0,-47800000.0,3854376400.0,27454876400.0,22.37159297675235,0.014197716346153846,0.335707326578332,0.7112895567987119,0.0,22.37159297675235,0.016122040336065065,3.526419396157365,12.337952624839948,0.795651879528518,0.16645326504481434,0.0,0.0033727894348875736,0.10648869836321122,0.9215670072115385,0.007609119251753702,23.303363966142683,1.0,1.3398058252427183,1.415220557063921,-0.14850327277173084,0.7120984736908361,0.00765188531391168,1.3425438596491228,0.0,0.521099857800494,0.22733783464685042,0.23022680146287647,Insurance—Life,Financial Services,CNO
2014Q1,2014,Q1,2014-05-06,2014-03-31,-228000000.0,1084700000.0,0.0,-1.03,1084700000.0,1.0,10394200000.0,4710200000.0,285000000.0,26386000000.0,29748500000.0,0.0,-112900000.0,3987556700.0000005,27208856700.0,21.38016495163567,0.01080118244523611,0.3235362028823767,0.7139611906076175,0.0,21.38016495163567,-0.048405587873126404,3.6761839218217025,-4.372320942982457,0.8465790624601929,-0.058333333333333334,0.0,0.0033353757703307387,0.10435627561524696,0.9236981732737057,-0.021935310076773584,-8.302220903601917,1.0,-3.191489361702128,-8.804306476593005,-0.14946066262546584,1.4824478352655206,-0.06346054222068727,-3.150943396226415,0.0,-5.821707013622321,0.1784362509896576,0.22011826261696685,Insurance—Life,Financial Services,CNO
2013Q4,2013,Q4,2014-02-24,2013-12-31,106000000.0,1158200000.0,0.0,0.47,1158200000.0,1.0,7342000000.0,4955200000.0,699000000.0,26056000000.0,29825400000.0,0.0,128400000.0,3910480640.0000005,30158480640.0,22.4160393746381,0.02682683451028554,0.513307000817216,0.7605545689376816,0.0,22.4160393746381,0.021391669357442685,3.3763431531687105,9.222831698113207,0.7891670649015177,0.06132075471698113,0.0,0.0016621997647839012,0.1577499318986652,1.0905971753147068,0.014437482974666304,15.749015867901734,1.0,-0.6178861788617886,1.196088074197452,-0.11509330503000449,1.5577155006311063,0.058877308465898705,-0.6254416961130742,0.0,-0.28408642300333176,0.2230177089835947,0.30144457582098205,Insurance—Life,Financial Services,CNO
2013Q3,2013,Q3,2013-11-01,2013-09-30,283000000.0,1093800000.0,0.0,1.23,1093800000.0,1.0,6290000000.0,4786600000.0,376000000.0,28262000000.0,29130500000.0,0.0,29100000.0,3209414400.0,30084314400.0,21.47651608966421,0.013304083221286534,0.5968044515103339,0.7842518698032006,0.0,21.47651608966421,0.059123386119583836,2.934187602852441,2.835171731448763,0.6704998119750971,0.02402826855123675,0.0,0.002118766588696056,0.17389507154213035,0.9848029155756847,0.04499205087440382,17.61478814489572,1.0,2.617647058823529,2.288782911662899,-0.05199967824535777,0.4671859878621711,0.011373092926490984,2.670557717250324,0.0,5.452793361687003,0.17058804872549507,0.17098624801375922,Insurance—Life,Financial Services,CNO
2013Q2,2013,Q2,2013-08-02,2013-06-30,77100000.0,1081500000.0,0.0,0.34,1081500000.0,1.0,6013700000.0,4581400000.0,280000000.0,28288000000.0,29194200000.0,0.0,-247100000.0,2908368620.0,30178768620.0,20.77751272120382,0.009898190045248868,0.6530754776593445,0.8572488758894661,0.0,20.77751272120382,0.016828916924957436,2.6891989089227923,9.43050784695201,0.6348209324660584,0.08690012970168612,0.0,0.0023036969777235463,0.17983936677918752,0.9782310520361991,0.012820726008946239,16.590807872219052,1.0,5.800000000000001,1.1325747650315658,-0.09434186777824606,0.13458329422631102,-0.05347453176964817,5.4789915966386555,0.0,1.651459937473589,0.29152011724179844,0.2467799148765973,Insurance—Life,Financial Services,CNO
2013Q1,2013,Q1,2013-04-29,2013-03-31,11900000.0,1142600000.0,0.0,0.05,1142600000.0,1.0,6010700000.0,5028600000.0,251000000.0,28937000000.0,29870600000.0,0.0,-317500000.0,2493969630.0,31094669630.0,22.64308968349386,0.00867401596571863,0.6584590813050061,0.787058028079386,0.0,22.64308968349386,0.0023664638269100743,2.18271453702083,52.3943199579832,0.49595705166447923,0.3697478991596639,0.0,0.0017642556457273298,0.19009433177500124,0.9929882157791063,0.001979802685211373,21.76238769633508,1.0,-0.8780487804878049,2.7059407029029017,-0.1661247461109643,0.0612773661258957,0.07711161387631976,-0.8824110671936759,0.0,-0.6035918171130498,0.28720734548753063,0.5264684216940559,Insurance—Life,Financial Services,CNO
2012Q4,2012,Q4,2013-02-19,2012-12-31,101200000.0,1060800000.0,0.0,0.41,1060800000.0,1.0,5885400000.0,5049300000.0,582000000.0,25660000000.0,29082100000.0,0.0,-325000000.0,2099940420.0,29553540420.0,22.433955054781983,0.022681215900233826,0.5814388146939885,0.6777177034440417,0.0,22.433955054781983,0.020042382112372012,1.9795818438914028,5.187599851778656,0.41588743390172894,0.044466403162055336,0.0,0.002142917940500426,0.18024263431542462,1.123975058456742,0.01719509294185612,9.985451355206848,1.0,21.5,2.082470793120232,-0.21834819927950122,-0.022050307436281013,-0.029460201280878315,21.24,0.0,5.19570237558988,0.11751260244811644,0.5927320576035171,Insurance—Life,Financial Services,CNO
2012Q3,2012,Q3,2012-11-01,2012-09-30,-5000000.0,1093000000.0,0.0,-0.02,1093000000.0,1.0,5750500000.0,5252900000.0,415000000.0,28055000000.0,28755400000.0,0.0,-421700000.0,2268513800.0,5257913800.0,22.692575200556416,0.014792372126180717,0.6004521345969915,0.6573321403415257,0.0,22.692575200556416,-0.0009518551657179843,2.075492955169259,-113.42569,0.43185931580650694,-0.94,0.0,0.0020718410441232494,0.19007042865837753,0.016521119230083765,-0.0008694896095991653,12.222595905172414,1.0,-1.0833333333333335,0.924487127849427,-0.2457181638371436,-0.010120310401269197,0.02629107981220657,-1.0761035007610351,0.0,-1.259321162764642,-0.2195698773668862,0.25852339998502377,Insurance—Life,Financial Services,CNO
2012Q2,2012,Q2,2012-07-27,2012-06-30,65700000.0,1065000000.0,0.0,0.24,1065000000.0,1.0,5633000000.0,4893100000.0,190000000.0,27709000000.0,28487200000.0,0.0,-412000000.0,1850854200.0,4804854200.0,20.62084630977416,0.006856977877224006,0.5739037812888337,0.6606854550285095,0.0,20.62084630977416,0.01342707077312951,1.7378912676056337,7.042824200913242,0.37825799595348547,0.0,0.0,0.0,0.18906444168293982,0.010061712800895016,0.01166341203621516,11.510287313432835,1.0,0.14285714285714285,1.7818162620194384,-0.3507275823881314,-0.20284567367063028,-0.052406797757807634,0.1116751269035533,0.0,0.8540764912058255,-0.2428726337131558,0.5781137950196522,Insurance—Life,Financial Services,CNO
2012Q1,2012,Q1,2012-05-04,2012-03-31,59100000.0,1123900000.0,0.0,0.21,1123900000.0,1.0,5995500000.0,4683000000.0,173000000.0,27564000000.0,28363200000.0,0.0,-473000000.0,1874163878.0,4638963878.0,19.439996911518747,0.006276302423450878,0.5010591276790927,0.6414904975443092,0.0,19.439996911518747,0.01262011531069827,1.6675539443010945,7.927935186125212,0.4002058248985693,0.0,0.0,0.0,0.1874572596113752,0.008681613699027717,0.009857393044783587,23.96629,1.0,-0.3079620930232559,2.5605657655711807,-0.36815221313838464,-0.3788748150218049,0.06926077442679097,-0.19151846785225718,0.0,0.8500662482447794,-0.19404134035059883,1.2571752070077518,Insurance—Life,Financial Services,CNO
2011Q4,2011,Q4,2012-02-27,2011-12-31,73100000.0,1051100000.0,0.0,0.3034515853581082,1051100000.0,1.0,6679700000.0,5032600000.0,436000000.0,27450000000.0,28300100000.0,0.0,42800000.0,1520048081.0,4063948081.0,20.89125100510554,0.015883424408014574,0.4572510741500367,0.606902992488972,0.0,20.89125100510554,0.014525295076103803,1.4461498249452953,5.198522848837208,0.3020403133569129,0.0,0.0,0.0,0.1573573663487881,0.018593806921675775,0.010943605251732862,7.149802826904986,1.0,-0.5402248706695331,6.896856635795071,-0.4239652244172304,-0.3309622410501347,0.05925627330444422,-0.6270408163265306,0.0,1.1240900712732447,-0.2630597159933179,1.3837340589162974,Insurance—Life,Financial Services,CNO
2011Q3,2011,Q3,2011-10-31,2011-09-30,196000000.0,992300000.0,0.0,0.66,992300000.0,1.0,6788400000.0,4948800000.0,461000000.0,27114000000.0,27976700000.0,0.0,-30300000.0,1336080650.0,3640380650.0,20.03846698924949,0.017002286641587372,0.4103912556714395,0.5629445522146783,0.0,20.03846698924949,0.039605560944067246,1.3464483019248212,1.7041845025510203,0.2699807327028775,0.0,0.0,0.0,0.14617582935596016,0.017762041749649626,0.028872782982735254,6.633965491559087,1.0,2.1428571428571432,1.4868806484272792,-0.4550848285397459,-0.35512678104047674,-0.038468992248062016,2.2941176470588234,0.0,1.8055218039304854,-0.2238575224060839,0.3689444722840611,Insurance—Life,Financial Services,CNO
2011Q2,2011,Q2,2011-08-01,2011-06-30,59500000.0,1032000000.0,0.0,0.21,1032000000.0,1.0,7547600000.0,4563200000.0,580000000.0,26907000000.0,27833400000.0,0.0,-226300000.0,1984880030.0,3936480030.0,18.184933826957792,0.021555728992455496,0.33879643860299963,0.5603742987377279,0.0,18.184933826957792,0.013039095371669003,1.9233333624031008,8.339832058823529,0.4349754623948107,0.0,0.0,0.0,0.13673220626424293,0.022503437767123796,0.007883300651862844,9.658783600973235,1.0,0.1052631578947368,2.611042834777382,-0.42521511655592004,-0.358732005805129,-0.01639344262295082,0.1038961038961039,0.0,1.0899022020830373,-0.24061093262093433,-0.0069878717666913975,Insurance—Life,Financial Services,CNO
2011Q1,2011,Q1,2011-05-05,2011-03-31,53900000.0,1049200000.0,0.0,0.19,1049200000.0,1.0,7663200000.0,4400400000.0,424000000.0,26726000000.0,27667400000.0,0.0,-285800000.0,1885918710.0,2384018710.0,17.523026748061692,0.015864701040185586,0.12394300031318509,0.21584401418052904,0.0,17.523026748061692,0.01224888646486683,1.797482567670606,8.747303849721707,0.4285789269157349,0.0,0.0,0.0,0.13691408288965445,0.01690114495248073,0.0070336151999164835,12.143713522215068,1.0,-0.7163318073721759,-0.4965619425653266,-0.4356203344779702,-0.38012594590781507,-0.02472578546198178,-0.6795481569560048,0.0,7.8333569515671035,-0.32283653229787457,-0.1786990232480048,Insurance—Life,Financial Services,CNO
2010Q4,2010,Q4,2011-02-24,2010-12-31,168200000.0,1075800000.0,0.0,0.669796631902549,1075800000.0,1.0,7788900000.0,4325300000.0,571000000.0,26575000000.0,27574300000.0,0.0,-339700000.0,1702600380.0,3693400380.0,17.22396772870449,0.021486359360301036,0.3324602960623451,0.5986867962915867,0.0,17.22396772870449,0.038887476013224516,1.582636530953709,2.530618876337693,0.3936375234087809,0.0,0.0,0.0,0.1381196317836922,0.022528692380056444,0.021594833673561093,8.130851862464183,1.0,2.9399801876620524,0.31631978550591594,-0.3980204603418883,-0.42258665998030154,0.02213776722090261,2.4048582995951415,0.0,2.61251574277316,-0.289517052527664,-0.2491661009446705,Insurance—Life,Financial Services,CNO
2010Q3,2010,Q3,2010-11-08,2010-09-30,49400000.0,1052500000.0,0.0,0.17,1052500000.0,1.0,7428400000.0,4604300000.0,548000000.0,26339000000.0,27369300000.0,0.0,-507900000.0,1390789300.0,2932389300.0,18.34053655719094,0.020805649417214016,0.28387001238490117,0.4579849271333319,0.0,18.34053655719094,0.010729101057706926,1.3214150118764845,7.038407388663968,0.3020631366331473,0.0,0.0,0.0,0.1416859619837381,0.0215308098257337,0.006650153465079963,7.7871741321388575,1.0,0.4166666666666668,-0.6182820201800378,-0.4310357112299774,-0.2990966968531304,0.1041754091481326,0.49244712990936557,0.0,1.687925974083823,-0.3302705972221952,-0.19996190499079233,Insurance—Life,Financial Services,CNO
2010Q2,2010,Q2,2010-08-06,2010-06-30,33100000.0,953200000.0,0.0,0.12,953200000.0,1.0,7605400000.0,4182800000.0,323000000.0,26009000000.0,27038000000.0,0.0,-557300000.0,1242420300.0,2838520300.0,16.664940197773653,0.012418778115267792,0.2542009624740316,0.46220235249115427,0.0,16.664940197773653,0.007913359472123935,1.3034203734788081,9.383839123867071,0.2970307688629626,0.0,0.0,0.0,0.12533200094669578,0.012964742973586066,0.004352170825992058,7.534386294724075,1.0,-0.07692307692307698,-0.7738833847247635,-0.472096237711853,-0.3998396623208267,-0.04908220271348763,-0.02359882005899705,0.0,1.3723759208179596,-0.4506164570747788,-0.35577187390322085,Insurance—Life,Financial Services,CNO
2010Q1,2010,Q1,2010-05-10,2010-03-31,33900000.0,1002400000.0,0.0,0.13,1002400000.0,1.0,30784900000.0,3720100000.0,321000000.0,26028000000.0,27064800000.0,0.0,-590400000.0,1559901360.0,3201601360.0,14.833644352999347,0.012332872291378515,0.064547878992623,0.5341523077336631,0.0,14.833644352999347,0.00911265826187468,1.5561665602553871,11.503697345132744,0.4193170506169189,0.0,0.0,0.0,0.03256141809783368,0.01327032426617489,0.0011011892193900257,8.613480728879072,1.0,0.7913428571428572,-0.7503777043414415,-0.4238749568231165,-0.4095389473568802,-0.05228325612177366,0.8626373626373627,0.0,0.9617896697302408,-0.45868872941022876,-0.5260518746688592,Insurance—Life,Financial Services,CNO
2009Q4,2009,Q4,2010-03-04,2009-12-31,18200000.0,1057700000.0,0.0,0.07257125540296984,1057700000.0,1.0,30343800000.0,3532400000.0,523000000.0,25774000000.0,26811400000.0,0.0,-614600000.0,1253940000.0,2451840000.0,14.085203438761026,0.02029176689687282,0.05672658005918837,0.487289095232703,0.0,14.085203438761026,0.005152304382289662,1.185534650657086,17.224450549450548,0.35498244819386254,0.0,0.0,0.0,0.0348572031189238,0.020307286412663925,0.0005997930384460746,7.0052513966480445,1.0,-0.09285930746287703,-0.8731195752469697,-0.42656338005684385,-0.4547479214155186,-0.05444305381727159,0.18181818181818182,0.0,0.8885543112935612,-0.4432138992621052,-0.5489244305801204,Insurance—Life,Financial Services,CNO
2009Q3,2009,Q3,2009-11-09,2009-09-30,15400000.0,1118600000.0,0.0,0.08,1118600000.0,1.0,30269000000.0,3333700000.0,532000000.0,25673000000.0,26935300000.0,0.0,-632800000.0,972500360.0,2417000360.0,18.031111063033435,0.02072215946714447,0.06530774059268558,0.5929747727749948,0.0,18.031111063033435,0.0046194918558958515,0.8693906311460754,15.787343506493507,0.29171801901790806,0.0,0.0,0.0,0.036955300802801544,0.020733844895415417,0.0005087713502263041,6.575391210277214,1.0,-0.4666666666666666,-0.8132555527289383,-0.145956919197083,-0.2703754042196417,0.020993063161737862,-0.4420289855072464,0.0,-0.7389937091455865,-0.17947445575625853,-0.4197270360615274,Insurance—Life,Financial Services,CNO
2009Q2,2009,Q2,2009-08-10,2009-06-30,27600000.0,1095600000.0,0.0,0.15,1095600000.0,1.0,29433500000.0,2415000000.0,0.0,25760000000.0,27018500000.0,0.0,-648200000.0,438023400.0,1563623400.0,13.06676766583703,0.0,0.06818421186742997,0.8310144927536232,0.0,13.06676766583703,0.011428571428571429,0.39980230010952905,3.9676032608695655,0.181376149068323,0.0,0.0,0.0,0.03722289228260316,0.03421195652173913,0.0009377070345015034,2.6889097605893184,1.0,0.15384615384615377,-0.7222159885531458,-0.2754866425161847,-0.477082338989743,0.024403927068723703,0.12653061224489795,0.0,2.014630742406986,-0.17151151416594812,-0.5392174658749634,Insurance—Life,Financial Services,CNO
2009Q1,2009,Q1,2009-05-13,2009-03-31,24500000.0,1069500000.0,0.0,0.13,1069500000.0,1.0,28507300000.0,1591200000.0,0.0,25605000000.0,26916100000.0,0.0,-675800000.0,169973680.0,1469173680.0,8.612533422821699,0.0,0.07257088535217296,1.3001508295625943,0.0,8.612533422821699,0.015397184514831574,0.15892817204301074,1.7344253061224488,0.10682106586224233,0.0,0.0,0.0,0.03751670624717178,0.030056629564538175,0.0008594289883643839,1.10229364461738,1.0,1.053160734838424,-0.8176338016206165,-0.478165534374159,-0.7259994292290136,-0.02230551238687266,1.0542275343072156,0.0,-0.6889626490531078,-0.21804268427421605,-0.6953331130765142,Insurance—Life,Financial Services,CNO
2008Q4,2008,Q4,2009-03-31,2008-12-31,-451800000.0,1093900000.0,0.0,-2.4454139017287853,1093900000.0,1.0,28769700000.0,1619200000.0,0.0,25821000000.0,27150500000.0,0.0,-688000000.0,957025720.0,2158725720.0,8.764086298537515,0.0,0.07286137846414804,1.2945899209486167,0.0,8.764086298537515,-0.2790266798418972,0.8748749611481854,-0.529562704736609,0.5910484930830039,0.0,0.0,0.0,0.03802264187669666,0.03464234537779327,-0.01570402193974911,4.550764241559676,1.0,-1.4953203078865156,-4.39563187497197,-0.47965991226049387,-0.6885912606954918,0.14388790128620726,-1.4824175824175825,0.0,-5.805856806794386,-0.16801212869948273,-0.7061942740739185,Insurance—Life,Financial Services,CNO
2008Q3,2008,Q3,2008-11-10,2008-09-30,-182000000.0,956300000.0,0.0,-0.98,956300000.0,1.0,32061700000.0,2704000000.0,0.0,28170000000.0,29357700000.0,0.0,-236200000.0,650235520.0,2309435520.0,14.637896127237097,0.0,0.06273840750802359,0.7438979289940828,0.0,14.637896127237097,-0.0673076923076923,0.6799493046115236,-0.8931806593406594,0.24047171597633138,0.0,0.0,0.0,0.02982686507577577,0.01250621228257011,-0.00567655489259771,9.719514499252616,1.0,0.6287878787878788,-1.0435316583161158,-0.5294282588701023,-0.723406601643482,-0.04389122175564887,0.6263600903305276,0.0,-2.9112196661892895,-0.29744454584882796,-0.44059707769680173,Insurance—Life,Financial Services,CNO
2008Q2,2008,Q2,2008-08-13,2008-06-30,-487100000.0,1000200000.0,0.0,-2.64,1000200000.0,1.0,32681000000.0,3382100000.0,0.0,28109000000.0,29298900000.0,0.0,-54200000.0,1832065280.0,3550665280.0,18.312902038075848,0.0,0.061622961353691746,0.5954584429792141,0.0,18.312902038075848,-0.14402294432453208,1.8316989402119577,-0.9402921781974953,0.5416945921173236,0.0,0.0,0.0,0.030604938649368134,0.010505532036002704,-0.014904684679171384,7.301974013551216,1.0,-87.00000000000001,-11.815854066789077,-0.5592999741353751,0.0,-0.12209251294654612,-82.98275862068965,0.0,-5.522271990877518,-0.24717914552349743,-0.34049103443374384,Insurance—Life,Financial Services,CNO
2008Q1,2008,Q1,2008-05-09,2008-03-31,-5800000.0,1139300000.0,0.0,-0.03,1139300000.0,1.0,33265600000.0,3939700000.0,0.0,28134000000.0,29325900000.0,0.0,432900000.0,1883460599.9999998,3337160600.0,21.33569451890844,0.0,0.06132461161079313,0.5178059243089576,0.0,21.33569451890844,-0.001472193314211742,1.6531735276046693,-81.18364655172412,0.4780720867071096,0.0,0.0,0.0,0.034248593141263044,0.14568493637591526,-0.0001743542879130393,4.106083714846304,1.0,0.9277758800521513,0.8345205986078582,-0.5008078645167514,0.0,0.023262080114963175,0.924380704041721,0.0,-1.0580045487288607,-0.11066747209734397,-0.15072140434865974,Insurance—Life,Financial Services,CNO
2007Q4,2007,Q4,2007-12-31,2007-12-31,-76700000.0,1113400000.0,0.0,-0.41537370094176645,1113400000.0,1.0,33514800000.0,4235900000.0,0.0,28541000000.0,29278900000.0,0.0,438700000.0,2319241680.0,3997341680.0,22.93978435227156,0.0,0.06285879671070692,0.49734412993696736,0.0,22.93978435227156,-0.018107131896409265,2.0830264774564395,-7.559457887874837,0.5475204041644043,0.0,0.0,0.0,0.03322114409156552,0.1408990574962335,-0.002288541181806247,15.06979649122807,1.0,-0.4323231066957465,-1.57677605330771,-0.4700945790090213,-0.1848951411797205,-0.052586793737236216,-0.42830540037243947,0.0,-1.726221302278488,-0.18016865194829668,-0.1119783853504594,Insurance—Life,Financial Services,CNO
2007Q3,2007,Q3,2007-11-08,2007-09-30,-53700000.0,1175200000.0,0.0,-0.29,1175200000.0,1.0,36161600000.0,4303700000.0,0.0,30662000000.0,31857900000.0,0.0,523200000.0,3028133290.0,4719433290.0,22.92457905642588,0.0,0.05833259590283616,0.49013639426539957,0.0,22.92457905642588,-0.012477635522922137,2.576696128318584,-14.097454795158287,0.7036116109394241,0.0,0.0,0.0,0.03249856201053051,0.13320396582088578,-0.0014850006636874474,13.62183216374269,1.0,0.23684210526315796,-1.0126384994935618,-0.4309756173855501,-0.5668238678568683,0.005131713992473486,0.10350584307178631,0.0,-1.641305062660163,-0.11635026281996429,-0.07236239247778932,Insurance—Life,Financial Services,CNO
2007Q2,2007,Q2,2007-08-09,2007-06-30,-59900000.0,1169200000.0,0.0,-0.38,1169200000.0,1.0,33437900000.0,4375300000.0,0.0,27865000000.0,29062600000.0,0.0,576900000.0,3533313710.0,5047713710.0,25.86807300504319,0.0,0.061807111092502816,0.4723561812904258,0.0,25.86807300504319,-0.013690489794985487,3.0219925675675676,-14.746718322203675,0.8075591867986195,-0.15859766277128548,0.0,0.0026886941776817206,0.034966310683386216,0.05052933787905975,-0.001791380439561097,14.921088302364865,1.0,-39.0,-0.7208450222506139,-0.4374896132700694,0.0,0.04908030506953791,-6.759615384615385,0.0,-1.6587645080778035,-0.15513292215767688,0.03521181187032694,Insurance—Life,Financial Services,CNO
2007Q1,2007,Q1,2007-05-09,2007-03-31,10400000.0,1114500000.0,0.0,0.01,1114500000.0,1.0,33154200000.0,4724000000.0,0.0,27431000000.0,28430200000.0,0.0,641400000.0,2611192800.0,3964892800.0,31.29803360364658,0.0,0.04967696400456051,0.34864521591871295,0.0,31.29803360364658,0.002201524132091448,2.3429275908479137,62.76905769230769,0.5527503810330229,0.9134615384615384,0.0,0.0036381840513653374,0.033615650505818266,0.04206190076920273,0.00031368574720548224,28.916863787375416,1.0,-0.7397655172413793,1.3630051766799731,-0.4025889633860912,0.0,-0.025190238782471792,0.7931034482758621,0.0,-0.905242714035845,-0.33436974027610655,-0.004279153369131218,Insurance—Life,Financial Services,CNO
