Quarters,Year,Quarter,FillingDate,Date,NetIncome,Revenue,OperatingIncome,EPSDiluted,GrossProfit,GrossProfitRatio,TotalAssets,CommonStockEquity,CurrentAssets,CurrentLiability,TotalLiability,Inventory,RetainedEarnings,MarketCap,EnterpriseValue,bookValuePerShare,currentRatio,debtToAssets,debtToEquity,roic,shareholdersEquityPerShare,roe,priceToSalesRatio,peRatio,pbRatio,payoutRatio,inventoryTurnover,dividendYield,assetTurnover,quickRatio,returnOnAssets,priceToFreeCashFlowsRatio,grossProfitMargin,epsdilutedGrowth,fiveYNetIncomeGrowthPerShare,fiveYRevenueGrowthPerShare,fiveYShareholdersEquityGrowthPerShare,grossProfitGrowth,netIncomeGrowth,operatingIncomeGrowth,threeYNetIncomeGrowthPerShare,threeYRevenueGrowthPerShare,threeYShareholdersEquityGrowthPerShare,Industry,Sector,Symbol
2023Q1,2023,Q1,2023-05-11,2023-03-31,-2871765.0,0.0,-2963243.0,-0.0586,0.0,0.0,71132845.0,67726252.0,56034398.0,2715422.0,3406593.0,0.0,-410047681.0,105939891.36000001,51312099.360000014,1.3808651532677954,20.635613175410672,0.008878823840098058,0.009325423766252413,-0.042278766888265346,1.3808651532677954,-0.042402538383491235,0.0,-9.222541830546719,1.5642367358524434,0.0,0.0,0.0,0.0,20.35019529192884,-0.04037185634849836,-33.341555334481235,0.0,0.04248366013071893,0.49565358871525644,0.0,-0.2849500541273795,0.0,0.04321828802019268,0.08293794787441953,0.05167820772434496,0.0,-0.17088608325323448,Biotechnology,Healthcare,MNOV
2022Q4,2022,Q4,2023-02-16,2022-12-31,-3001484.0,0.0,-3231235.0,-0.0612,0.0,0.0,74154905.0,70242035.0,58987109.0,3187459.0,3912870.0,0.0,-407130177.0,100542951.1,82194963.1,1.4321856497605827,18.505997724206022,0.002123999754298114,0.0022423182927430846,-0.045839162783606655,1.4321856497605827,-0.04273059571807679,0.0,-8.37443670364393,1.4313786766001297,0.0,0.0,0.0,0.0,18.349320257923317,-0.04047586602666405,-25.060218805629233,0.0,0.11942446043165479,-0.49407746323570134,0.0,0.4503458255016853,0.0,0.11899876163117155,0.17093974111903962,-0.3555926586489405,0.0,-0.15957192431088235,Biotechnology,Healthcare,MNOV
2022Q3,2022,Q3,2022-11-10,2022-09-30,-3406901.0,0.0,-3897467.0,-0.0695,0.0,0.0,78391770.0,73105871.0,53148995.0,4528267.0,5285899.0,0.0,-404128693.0,106430353.82,54090163.81999999,1.4905497762254831,11.737160154204688,0.0021312568908700494,0.002285356808073595,-0.04950585234389847,1.4905497762254831,-0.04660228998571127,0.0,-7.80990949105947,1.4558386674580486,0.0,0.0,0.0,0.0,11.595443245727338,-0.04345993208215607,-39.12663444786705,0.0,0.1409147095179233,0.34967218155681573,0.0,0.5092852022612766,0.0,0.14141919693270844,0.047058938589488584,-0.26582048579576034,0.0,-0.13107618478749605,Biotechnology,Healthcare,MNOV
2022Q2,2022,Q2,2022-08-11,2022-06-30,-3968061.0,0.0,-4089935.0,-0.0809,0.0,0.0,81235596.0,76605729.0,65957004.0,3840671.0,4629867.0,0.0,-400476509.0,124085335.10999998,59035683.109999985,1.561929088543685,17.173302269317002,0.002260289934968902,0.00239689645143903,-0.05233105625227231,1.561929088543685,-0.0517984888571454,0.0,-7.817756273782081,1.6197918449415185,0.0,0.0,0.0,0.0,16.984862280575452,-0.048846333324125545,-50.52400320769651,0.0,-0.1793002915451896,-0.005189439605418659,0.0,0.6208951558550563,0.0,-0.17997949341356753,-0.19939020742449,0.10236122703670217,0.0,-0.08076995234196699,Biotechnology,Healthcare,MNOV
2022Q1,2022,Q1,2022-05-12,2022-03-31,-3362822.0,0.0,-3410012.0,-0.0686,0.0,0.0,84175187.0,80364285.0,68831153.0,2976241.0,3810902.0,0.0,-396447511.0,130945466.82,63414158.81999999,1.6386412310473903,23.12687480617329,0.0019476642208112944,0.0020400231271889,-0.041965067875108855,1.6386412310473903,-0.04184473239574022,0.0,-9.734790216371845,1.6293987661309994,0.0,0.0,0.0,0.0,22.745218885164206,-0.039950276558340166,-35.1210886224654,0.0,-0.6141176470588233,0.21516567156323366,0.0,0.7274826226986456,0.0,-0.6143004927645459,-0.6369537406181519,0.38006324938590125,0.0,-0.07259843729070144,Biotechnology,Healthcare,MNOV
2021Q4,2021,Q4,2022-02-16,2021-12-31,-2083145.0,0.0,-2083145.0,-0.0425,0.0,0.0,87406458.0,83677084.0,72008946.0,2832908.0,3729374.0,0.0,-393061094.0,131287400.48,59988411.480000004,1.7081196238184515,25.41873791877463,0.0015097854668816347,0.0015770745548446693,-0.024816771929869707,1.7081196238184515,-0.02489504772895767,0.0,-15.755912392080246,1.5689767640564531,0.0,0.0,0.0,0.0,25.214710114130074,-0.023832849970879727,-36.07821575689358,0.0,0.39285714285714285,-0.013091422365111354,0.0,0.7078807576472792,0.0,0.417980496579232,0.42166011140110926,-7.684726206215154,0.0,-0.007760478991466213,Biotechnology,Healthcare,MNOV
2021Q3,2021,Q3,2021-11-12,2021-09-30,-3579167.0,37500.0,-3601939.0,-0.07,0.0,0.0,91623960.0,86482340.0,76160111.0,4202112.0,5141620.0,0.0,-390977949.0,185663898.44,110789196.44,1.7653839618471818,18.124245855417467,0.0016445698264951657,0.0017423441595127976,-0.04150478527627721,1.7653839618471818,-0.041386102642458567,4951.037291733333,-12.968373537753337,2.1468417533568127,0.0,0.0,0.0,0.00040928158966279125,17.854208550367055,-0.03906365758476276,-61.50741974073077,0.0,0.22222222222222213,0.1117479528613785,0.0,0.7026833719405582,0.0,0.1645543412319996,0.16418885382176593,0.5487016312785737,0.0,0.005178295587571187,Biotechnology,Healthcare,MNOV
2021Q2,2021,Q2,2021-08-12,2021-06-30,-4284141.0,0.0,-4309513.0,-0.09,0.0,0.0,93683848.0,89234314.0,78909706.0,2466572.0,4449534.0,0.0,-387398782.0,207393272.25,129601009.25,1.8286313262989657,31.991649138966956,0.0,0.0,-0.04829434784470916,1.8286313262989657,-0.04801001776065651,0.0,-12.102383666293896,2.324142619060197,0.0,0.0,0.0,0.0,31.538614319792813,-0.04572977190262296,188.34380329694082,0.0,-21.779043280182233,0.10607182072172112,0.0,0.593946594225948,0.0,-21.812373867805473,-20.38408368026438,-0.1603986177904053,0.0,0.005354048670083969,Biotechnology,Healthcare,MNOV
2021Q1,2021,Q1,2021-05-13,2021-03-31,-187799.0,4000000.0,-201529.0,-0.003951,0.0,0.0,96100719.0,92371449.0,81468122.0,1831104.0,3729270.0,0.0,-383114641.0,240053300.35,163751460.35,1.9432176802813117,44.491258825276994,0.0,0.0,-0.002181723922074666,1.9432176802813117,-0.0020330849199951383,60.0133250875,-319.5614731042231,2.598782447918512,0.0,0.0,0.0,0.041622997638550444,43.85433050225438,-0.001954189333380534,-62.28756879950762,0.0,0.9409144639142141,0.9645342473270838,0.0,0.5071387355773331,0.0,0.9370918527485949,0.933123318782973,0.9659699348045727,0.0,0.006251547311225076,Biotechnology,Healthcare,MNOV
2020Q4,2020,Q4,2021-02-19,2020-12-31,-2985289.0,0.0,-3013442.0,-0.06686915718702395,0.0,0.0,75419110.0,71326500.0,60716934.0,2193950.0,4092610.0,0.0,-382926842.0,234826051.35999998,174789288.35999998,1.5976821473901737,27.674711821144513,0.379501163564513,0.40127638395266835,-0.030166690683355504,1.5976821473901737,-0.04185385515902224,0.0,-19.665269540067982,3.2922693719725484,0.0,0.0,0.0,0.0,27.36469062649559,-0.03958266015072307,-118.4923129121604,0.0,0.16413553516220064,0.25787975915620265,0.0,0.4807912131565047,0.0,0.19399727848545556,0.19211016789204122,-0.6325282264250288,0.0,0.6179408258512223,Biotechnology,Healthcare,MNOV
2020Q3,2020,Q3,2020-10-26,2020-09-30,-3703820.0,0.0,-3730016.0,-0.08,0.0,0.0,77293393.0,73553273.0,62555184.0,1804274.0,3740120.0,0.0,-379941553.0,233933176.64000002,172271835.64000002,1.647560880657479,34.67055668928334,0.0,0.0,-0.05071176098445,1.647560880657479,-0.05035561095969176,0.0,-15.789993617400416,3.180459102615325,0.0,0.0,0.0,0.0,34.175153552065815,-0.04791897284157263,-59.84035370123665,0.0,0.20000000000000004,-0.3896148190698818,0.0,0.2814540414216905,0.0,0.1679107051108806,0.17301256705109963,0.2232738418115664,0.0,0.6682698536226029,Biotechnology,Healthcare,MNOV
2020Q2,2020,Q2,2020-07-28,2020-06-30,-4451229.0,0.0,-4510366.0,-0.1,0.0,0.0,75838441.0,71092943.0,61046127.0,2773760.0,4745498.0,0.0,-376237733.0,238976298.56,178535848.56,1.6123931677821028,22.008438725772958,0.0,0.0,-0.0634432309265914,1.6123931677821028,-0.06261140434149702,0.0,-13.421927885534535,3.3614630155344676,0.0,0.0,0.0,0.0,21.79007917051223,-0.05869357203690408,-114.31171474532985,0.0,-0.6666666666666669,-0.09605320209602652,0.0,1.0071031654267637,0.0,-0.6403656600059184,-0.5422696331918732,-0.254278298967801,0.0,0.6732643589015936,Biotechnology,Healthcare,MNOV
2020Q1,2020,Q1,2020-04-23,2020-03-31,-2713559.0,0.0,-2924499.0,-0.06,0.0,0.0,77014481.0,73196268.0,62165804.0,1794643.0,3818213.0,0.0,-371786504.0,163491362.52,102161095.52000001,1.6654709628876607,34.63964922271449,0.0,0.0,-0.03995420914082669,1.6654709628876607,-0.03707236822511224,0.0,-15.062447741139957,2.2336024361242024,0.0,0.0,0.0,0.0,34.17407640405362,-0.035234399618949586,-56.74387568304494,0.0,-0.3290526730669204,0.3160095873724507,0.0,0.9510922545903822,0.0,-0.367660607795622,-0.31489452964122633,0.2932908520625317,0.0,0.7557669686845616,Biotechnology,Healthcare,MNOV
2019Q4,2019,Q4,2020-02-13,2019-12-31,-1984088.0,0.0,-2224132.0,-0.045144937605478094,0.0,0.0,79205174.0,74894623.0,64304573.0,2228238.0,4310551.0,0.0,-369072945.0,296218221.34000003,232425564.34000003,1.7041144759309086,28.85893383022819,0.0,0.0,-0.029696818154755916,1.7041144759309086,-0.026491728251305836,0.0,-37.324229235296016,3.955133352363627,0.0,0.0,0.0,0.0,28.629193560113418,-0.025049979689458168,-122.82848953886587,0.0,0.09710124789043817,0.5347015974826338,0.0,0.899834644502024,0.0,0.16582524141224905,0.15929791934804097,-0.07553971107643596,0.0,0.7038761698460015,Biotechnology,Healthcare,MNOV
2019Q3,2019,Q3,2019-10-24,2019-09-30,-2378504.0,0.0,-2645565.0,-0.05,0.0,0.0,78224057.0,74351040.0,63274466.0,1733663.0,3873017.0,0.0,-367088857.0,344796182.195,281923275.195,1.715397541337907,36.497558060591935,0.0,0.0,-0.03558208466216478,1.715397541337907,-0.03199019139476731,0.0,-36.240866338147846,4.637409001878117,0.0,0.0,0.0,0.0,36.265933459963094,-0.03040629815454343,-169.10021417063714,0.0,0.4444444444444444,0.43371844180341945,0.0,0.8023458734275316,0.0,0.3872797585497321,0.3673955726190758,0.33284901513825127,0.0,0.6544723034912243,Biotechnology,Healthcare,MNOV
2019Q2,2019,Q2,2019-07-25,2019-06-30,-3881876.0,0.0,-4182021.0,-0.09,0.0,0.0,77151695.0,73181610.0,62250456.0,1789857.0,3970085.0,0.0,-364710353.0,419492128.18,357754286.18,1.6991710535606266,34.77956954103037,0.0,0.0,-0.057145791135231924,1.6991710535606266,-0.05304441921952797,0.0,-27.016069561469767,5.732206877930125,0.0,0.0,0.0,0.0,34.493170124764156,-0.05031485050328447,-253.5660875015867,0.0,0.18181818181818185,-0.025517050758745437,0.0,0.6539947001852744,0.0,0.1735748394252734,0.16012864306429803,0.08225631371228834,0.0,0.48110112458364285,Biotechnology,Healthcare,MNOV
2019Q1,2019,Q1,2019-04-25,2019-03-31,-4697190.0,0.0,-4979359.0,-0.11,0.0,0.0,78547719.0,75037247.0,63763607.0,1374109.0,3510472.0,0.0,-360828477.0,352058932.45,288849269.45,1.766916616206992,46.40360189766605,0.0,0.0,-0.06635849793369951,1.766916616206992,-0.06259811210824405,0.0,-18.737741737613337,4.691789031785774,0.0,0.0,0.0,0.0,46.00047230605432,-0.05980046346094404,-116.14342118068396,0.0,-21.46557668354662,-0.11418924197632051,0.0,0.5711778977629381,0.0,-21.589268968303205,-9.11552892946456,0.007090881163941282,0.0,0.3704015262125836,Biotechnology,Healthcare,MNOV
2018Q4,2018,Q4,2019-02-13,2018-12-31,-207939.0,0.0,-492249.0,-0.004896379983896074,0.0,0.0,77222692.0,73107612.0,62758360.0,2191914.0,4115080.0,0.0,-356131287.0,346962783.85,284649365.85,1.721479126413229,28.631762012560714,0.0,0.0,-0.006788909760747512,1.721479126413229,-0.002844286584001677,0.0,-417.14491251039965,4.745918712951532,0.0,0.0,0.0,0.0,28.428769559389647,-0.0026927188707692295,-211.07925011376386,0.0,0.9693976251006495,-1.0339946009501915,-1.0,0.604474160160564,0.0,0.9693303409844132,0.9299560283756567,0.9456595111143883,0.0,0.595530855864606,Biotechnology,Healthcare,MNOV
2018Q3,2018,Q3,2018-10-25,2018-09-30,-6779958.0,0.0,-7027714.0,-0.16,0.0,0.0,77275331.0,73551771.0,62810806.0,1804514.0,3723560.0,0.0,-355923348.0,537308506.59,474866140.59000003,1.7562893763192895,34.80760249019958,0.0,0.0,-0.09557129756861558,1.7562893763192895,-0.09217939837233831,0.0,-19.812383299055835,7.305174291316521,0.0,0.0,0.0,0.0,34.603425631499675,-0.08773767659435842,-309.5813755094069,0.0,-1.0,-0.6141797271220536,0.0,0.8262820068092511,0.0,-1.1563798547074413,-1.0668032827865455,-1.7116587788404978,0.0,0.36602182390504623,Biotechnology,Healthcare,MNOV
2018Q2,2018,Q2,2018-07-23,2018-06-30,-3144139.0,0.0,-3400282.0,-0.08,0.0,0.0,79076687.0,75588903.0,64605800.0,1568145.0,3487784.0,0.0,-349143390.0,330798846.24,266636068.24,1.8188928852655843,41.198868727062866,0.0,0.0,-0.04501117854367059,1.8188928852655843,-0.041595245799505784,0.0,-26.30281662483752,4.376288490917774,0.0,0.0,0.0,0.0,40.9163553115305,-0.039760631347643585,-199.87978544872504,0.0,0.3333333333333333,0.44875668113807593,0.0,0.6087337550542752,0.0,0.30792346376917185,0.2713547670125087,0.17859364177595666,0.0,1.264153520701426,Biotechnology,Healthcare,MNOV
2018Q1,2018,Q1,2018-04-25,2018-03-31,-4543051.0,0.0,-4666581.0,-0.12,0.0,0.0,78664744.0,75569807.0,63571877.0,1198982.0,3094937.0,0.0,-345999251.0,399930307.28000003,336991104.28000003,1.9311450357256355,53.021544109919915,0.0,0.0,-0.06175192428372882,1.9311450357256355,-0.06011727673196254,0.0,-22.007804187098056,5.292197018314471,0.0,0.0,0.0,0.0,52.49386813146486,-0.05775205980458031,-97.78297328176991,0.0,-1.9296524049658392,0.15094715452760377,-1.0,1.397939309038963,0.0,-1.8343210401835206,-0.3696853520615806,-0.2861061355626698,0.0,1.2623283177282885,Biotechnology,Healthcare,MNOV
2017Q4,2017,Q4,2018-02-13,2017-12-31,-1602871.0,0.0,-3407046.0,-0.04096049067001832,0.0,0.0,43419064.0,38642140.0,28328323.0,2880969.0,4776924.0,0.0,-341456200.0,253184842.28,225193099.28,0.9874787271961011,9.83291489773059,0.0,0.0,-0.042122531195676695,0.9874787271961011,-0.04147987145639449,0.0,-39.48927304193538,6.552039878743775,0.0,0.0,0.0,0.0,9.71608615018072,-0.03691629557007493,-242.055146637603,0.0,0.6276319029998334,0.7022797968860738,-1.0,0.17404289143217672,0.0,0.5731485927283486,0.10140745070071866,0.5778297216480299,0.0,0.10089217780459607,Biotechnology,Healthcare,MNOV
2017Q3,2017,Q3,2017-10-23,2017-09-30,-3755103.0,0.0,-3791536.0,-0.11,0.0,0.0,40107564.0,34719672.0,25010167.0,1737729.0,5387892.0,0.0,-339853329.0,223944229.6,199408802.6,0.987586556862995,14.392443816038059,0.0,0.0,-0.10926402367760793,0.987586556862995,-0.108154909988781,0.0,-14.909326694900248,6.450067546721063,0.0,0.0,0.0,0.0,14.119248168155103,-0.09362580584550087,-116.67195273609161,0.0,-0.375,0.2552863707554753,-1.0,-0.019259984118238576,0.0,-0.346572895647587,-0.35171202158440606,-0.10222994736646,0.0,0.03764434337841694,Biotechnology,Healthcare,MNOV
2017Q2,2017,Q2,2017-07-26,2017-06-30,-2788637.0,0.0,-2804988.0,-0.08,0.0,0.0,38456323.0,33386269.0,23362881.0,1419891.0,5070054.0,0.0,-336098225.0,182241484.2,159351437.2,0.9636212946294694,16.453996116603317,0.0,0.0,-0.08407742087843202,0.9636212946294694,-0.08352646412811207,0.0,-16.337863640911312,5.45857592533026,0.0,0.0,0.0,0.0,16.1209888646382,-0.07251439509700394,-129.13498137818442,0.0,0.11111111111111106,0.4304574485561004,-1.0,-0.1295585691714921,0.0,0.07554622472753407,0.07227795928060057,0.08420857718384459,0.0,-0.06199878407595091,Biotechnology,Healthcare,MNOV
2017Q1,2017,Q1,2017-04-26,2017-03-31,-3016524.0,0.0,-3023522.0,-0.09,0.0,0.0,37424345.0,32751432.0,22324344.0,1021952.0,4672913.0,0.0,-333309588.0,206817329.0,185180173.0,0.9485717595743633,21.844806801102205,0.0,0.0,-0.09244166493978026,0.9485717595743633,-0.09210357580700594,0.0,-17.140368268245172,6.314756832617273,0.0,0.0,0.0,0.0,21.172379916082164,-0.08060325437893436,-81.19172596869356,0.0,-1.1441733919936408,0.6365456016244005,-1.0,-0.25842616039880284,0.0,-1.0814408576033916,-1.0985663082437276,0.11990743369269247,0.0,-0.15651085658773164,Biotechnology,Healthcare,MNOV
2016Q4,2016,Q4,2017-02-14,2016-12-31,-1449248.0,0.0,-1440756.0,-0.041974217353904615,0.0,0.0,39813134.0,34531929.0,24703847.0,1630075.0,5281205.0,0.0,-330293064.0,208198413.0,184080376.0,1.000139861152544,15.15503703817309,0.0,0.0,-0.04170985326654034,1.000139861152544,-0.041968347612437173,0.0,-35.91490431589349,6.029156755187351,0.0,0.0,0.0,0.0,14.79566093584651,-0.036401253917865396,-193.45105846038916,0.0,0.47532228307619234,0.8072415971994966,0.0,-0.31523636177496805,0.0,0.48894778638358255,0.4935377336105697,-1.2914187162425248,-1.0,-0.0678373387487508,Biotechnology,Healthcare,MNOV
2016Q3,2016,Q3,2016-10-25,2016-09-30,-2835812.0,0.0,-2844745.0,-0.08,0.0,0.0,40777871.0,35745817.0,25611997.0,1375055.0,5032054.0,0.0,-328843816.0,258227067.56,233255265.56,1.036824574045827,18.626161862616403,0.0,0.0,-0.07962963245242644,1.036824574045827,-0.07933269506750958,0.0,-22.76482604982277,7.2239800131019525,0.0,0.0,0.0,0.0,18.160584122089663,-0.06954291458717891,-159.7703480487725,0.0,0.20000000000000004,0.6762161695970904,0.0,-0.1745706278344745,0.0,0.11362067138620977,0.11233675439354684,0.1798761623797384,0.0,0.07814468921169389,Biotechnology,Healthcare,MNOV
2016Q2,2016,Q2,2016-07-26,2016-06-30,-3199321.0,0.0,-3204757.0,-0.1,0.0,0.0,42363286.0,37372729.0,27221351.0,1333371.0,4990557.0,0.0,-326008003.0,245951442.5,219386019.5,1.1472350033076142,20.415436513918483,0.0,0.0,-0.08577832349158504,1.1472350033076142,-0.08560576349669301,0.0,-19.219034484192115,6.581040482754149,0.0,0.0,0.0,0.0,19.92350441100039,-0.07552107737818071,-164.31235565549858,0.0,0.09090909090909087,0.6786172051331972,0.0,-0.22745258876677543,0.0,0.05390262236966074,0.05508296293020205,0.28443693788687885,0.0,0.014680792778668012,Biotechnology,Healthcare,MNOV
2016Q1,2016,Q1,2016-04-27,2016-03-31,-3381598.0,0.0,-3391575.0,-0.11,0.0,0.0,43858557.0,39140143.0,28687496.0,1049796.0,4718414.0,0.0,-322808683.0,222817987.16,195199594.16,1.2893422711592186,27.326733955930486,0.0,0.0,-0.08669066723661871,1.2893422711592186,-0.08639718051106762,0.0,-16.47283230886699,5.692825066070913,0.0,0.0,0.0,0.0,26.308342763736956,-0.0771023542794625,-91.2675652983508,0.0,-0.22079042008112446,0.7528587200551531,0.0,-0.40443994688674956,0.0,-0.2362782212586896,-0.23953418081997127,0.18531762310931066,-1.0,0.6010006797115168,Biotechnology,Healthcare,MNOV
2015Q4,2015,Q4,2016-02-25,2015-12-31,-2735305.0,0.0,-2736169.0,-0.09010555635969869,0.0,0.0,37906323.0,32752974.0,22726206.0,1490506.0,5153349.0,0.0,-319427085.0,107766192.69999999,85689443.69999999,1.07893816035314,15.247309303015218,0.0,0.0,-0.08358139075125451,1.07893816035314,-0.08351317959706499,0.0,-9.849559071109072,3.29027198262973,0.0,0.0,0.0,0.0,14.811580094276708,-0.07215959722603535,-71.05719373181802,0.0,-0.5017592726616449,0.7734848814801648,0.0,-0.45198920303887424,0.0,-0.7011766974108925,-0.716399447223036,0.3450702346996367,-1.0,0.282781737541126,Biotechnology,Healthcare,MNOV
2015Q3,2015,Q3,2015-10-29,2015-09-30,-1607890.0,0.0,-1594133.0,-0.06,0.0,0.0,39587069.0,34625804.0,24344784.0,1296530.0,4961265.0,0.0,-316691780.0,75677669.55,52065397.55,1.2856964256241423,18.776876740221976,0.0,0.0,-0.046078506871521284,1.2856964256241423,-0.04643617805957661,0.0,-11.766611762931545,2.1855859159255915,0.0,0.0,0.0,0.0,18.211897912119273,-0.04061654577154979,-64.57679016675455,0.0,0.3485837124214229,0.8695732358412873,0.0,-0.4519971981055736,0.0,0.29688887023126415,0.29993702593793586,0.5837418050990313,-1.0,0.276783208644537,Biotechnology,Healthcare,MNOV
2015Q2,2015,Q2,2015-07-30,2015-06-30,-2286822.0,0.0,-2277128.0,-0.092107,0.0,0.0,24719397.0,19945313.0,9602063.0,1106943.0,4774084.0,0.0,-315083891.0,98070118.10000001,89489311.10000001,0.803343443205255,8.674396965336065,0.0,0.0,-0.11425156181334108,0.803343443205255,-0.11465460582142782,0.0,-10.721223394300038,4.916950568787765,0.0,0.0,0.0,0.0,7.751805648529328,-0.0925112372279955,-79.55974729446888,0.0,-0.023411111111111087,0.7358091904028295,0.0,-0.7087700963129498,0.0,-0.032395918310224134,-0.028069644755762534,0.34823887996611197,-1.0,-0.2743379374786832,Biotechnology,Healthcare,MNOV
2015Q1,2015,Q1,2015-05-11,2015-03-31,-2215063.0,0.0,-2214955.0,-0.09,0.0,0.0,25467843.0,20946331.0,10337491.0,853029.0,4521512.0,0.0,-312797069.0,85884886.5,76811437.5,0.8536095404864976,12.118569239732764,0.0,0.0,-0.10588512038329843,0.8536095404864976,-0.1057494508226763,0.0,-9.693278080578295,4.100235334770562,0.0,0.0,0.0,0.0,10.636741541026154,-0.08697489614648558,-26.5608354806347,0.0,0.07239087154078974,0.7854170249482143,0.0,-0.7177674425866437,0.0,0.06962102941089995,0.07050928313617798,0.6244734671010511,-1.0,-0.33266566491202776,Biotechnology,Healthcare,MNOV
2014Q4,2014,Q4,2015-03-12,2014-12-31,-2380818.0,0.0,-2382977.0,-0.09702362475614379,0.0,0.0,27273494.0,22010589.0,12132921.0,1593994.0,5262905.0,0.0,-310582006.0,74597158.56,62927723.56,0.8969804192498991,7.611647848109842,0.0,0.0,-0.10787833844237404,0.8969804192498991,-0.10816693728641247,0.0,-7.833143751433331,3.389148675666971,0.0,0.0,0.0,0.0,7.320877619363687,-0.08729420586889233,-72.23017570223767,0.0,0.029763752438562163,0.7987697650164831,0.0,-0.7249640394688105,0.0,-0.017338812541101537,-0.016082658674372426,0.554437935453967,0.0,-0.3858663181423853,Biotechnology,Healthcare,MNOV
2014Q3,2014,Q3,2014-11-13,2014-09-30,-2340241.0,0.0,-2345259.0,-0.1,0.0,0.0,27787306.0,22984657.0,12630879.0,1134790.0,4802649.0,0.0,-308201188.0,72207543.2,60270643.2,0.9517582427593243,11.130587157095146,0.0,0.0,-0.10210006983124206,0.9517582427593243,-0.10181752984175488,0.0,-7.713686667313325,3.1415540897564846,0.0,0.0,0.0,0.0,10.519038764881609,-0.08421978726545136,-45.385147784876764,0.0,-0.11111111111111122,0.755072353571211,0.0,-0.678271255143028,0.0,-0.10296743093495613,-0.10052270228493962,0.618541875134448,0.0,-0.24229302773116046,Biotechnology,Healthcare,MNOV
2014Q2,2014,Q2,2014-08-13,2014-06-30,-2121768.0,0.0,-2131041.0,-0.09,0.0,0.0,29564076.0,24800873.0,14404508.0,1096403.0,4763203.0,0.0,-305860947.0,49007214.55,35510627.55,1.0273134813372085,13.13796842949171,0.0,0.0,-0.08598874300573003,1.0273134813372085,-0.08555214971666522,0.0,-5.774337079972928,1.9760278015213415,0.0,0.0,0.0,0.0,12.309877846011002,-0.07176845303739579,-36.89952199565403,0.0,0.10000000000000009,0.7725542991731756,0.0,-0.687772778800468,0.0,0.09806607112114314,0.09844259059716136,0.7123918801230212,0.0,-0.30820767476247685,Biotechnology,Healthcare,MNOV
2014Q1,2014,Q1,2014-05-08,2014-03-31,-2352465.0,0.0,-2363733.0,-0.1,0.0,0.0,31217204.0,26649897.0,16061879.0,901816.0,4567307.0,0.0,-303739179.0,48580133.3,33795792.3,1.1245808757383546,17.810594400631615,0.0,0.0,-0.08875397936243994,1.1245808757383546,-0.08827294904742033,0.0,-5.162683961291666,1.8229013530521334,0.0,0.0,0.0,0.0,16.393966174918166,-0.07535796607537305,10.19542149599456,0.0,-1.6942802858846295,0.7600045801577102,0.0,-0.6896303295013008,0.0,-1.6892125281804957,-1.6896782830089476,0.7797601868217743,0.0,-0.4805448785273144,Biotechnology,Healthcare,MNOV
2013Q4,2013,Q4,2014-03-27,2013-12-31,3413265.0,6000000.0,3427298.0,0.14403404796750527,0.0,0.0,29546243.0,25425756.0,14382606.0,460435.0,4120487.0,0.0,-301386714.0,50712919.64,44012426.64,1.072924182363246,31.236995449954932,0.0,0.0,0.1347297955375084,1.072924182363246,0.1342443858896467,8.452153273333334,3.714399529482768,1.9945491351368274,0.0,0.0,0.0,0.20307150387952877,27.60225873358889,0.11552280944822663,-12.571753444204312,0.0,2.4403404796750525,2.2289721047046873,0.0,-0.7304090775940532,0.0,2.5259930703028948,2.5284422972894025,1.3620852116600835,0.0,-0.4550438033785914,Biotechnology,Healthcare,MNOV
2013Q3,2013,Q3,2013-11-07,2013-09-30,-2236750.0,0.0,-2242347.0,-0.1,0.0,0.0,26196620.0,21447053.0,11039097.0,1099404.0,4749567.0,0.0,-303675590.0,57315556.61,46654707.61,0.9616747959904354,10.040983114487487,0.0,0.0,-0.10463717239712911,0.9616747959904354,-0.10429171784114116,0.0,-6.4061201084162285,2.6724210832136235,0.0,0.0,0.0,0.0,9.696934884719356,-0.08538315248303026,-30.3111291559399,0.0,0.28571428571428575,0.7485527448405745,0.0,-0.7586691004294818,0.0,0.19715480348553444,0.19577167610466548,0.7808962198668538,0.0,-0.5901050417417342,Biotechnology,Healthcare,MNOV
2013Q2,2013,Q2,2013-08-08,2013-06-30,-2786029.0,0.0,-2788197.0,-0.14,0.0,0.0,27676769.0,22950973.0,12497641.0,1075633.0,4725796.0,0.0,-301438840.0,53589792.96,41572312.96,1.1306363651232139,11.618870934603159,0.0,0.0,-0.12156297436937809,1.1306363651232139,-0.12139045259649776,0.0,-4.808797123073737,2.3349682368586295,0.0,0.0,0.0,0.0,11.172472395324428,-0.1006630867931152,-25.026487344506176,0.0,0.0,0.6603904131666257,0.0,-0.7400048763935188,-1.0,-0.15172090777482064,-0.15343727324851672,0.6063299030353785,0.0,-0.5901191171659568,Biotechnology,Healthcare,MNOV
2013Q1,2013,Q1,2013-05-08,2013-03-31,-2419014.0,3257.0,-2417294.0,-0.14,3257.0,1.0,18845713.0,14247400.0,3712646.0,948150.0,4598313.0,0.0,-298652811.0,45112728.3,42083664.3,0.8053352428254711,3.915673680324843,0.0,0.0,-0.16957834588900397,0.8053352428254711,-0.16978634698260736,13851.006539760514,-4.662305416587088,3.1663832207981804,0.0,0.0,0.0,0.00017282445084460324,3.1947096978326215,-0.1283588474471621,-17.206114304086995,1.0,-0.017586160569570873,0.8470485803151769,0.0,-0.8284952023867103,-0.9041946111307213,0.006145918627692254,0.001605827236448974,0.674959594949776,0.0,-0.7337285791953558,Biotechnology,Healthcare,MNOV
2012Q4,2012,Q4,2013-03-28,2012-12-31,-2433973.0,33996.0,-2421182.0,-0.13758048745635276,33996.0,1.0,19568041.0,14879992.0,4422122.0,1037792.0,4688049.0,0.0,-296233797.0,29013676.24,25003146.24,0.8410925481534222,4.2610870000925045,0.0,0.0,-0.1630707616862495,0.8410925481534222,-0.1635735422438399,853.4438239792917,-2.9800737559537427,1.949844881637033,0.0,0.0,0.0,0.0017373226067954376,3.864483441768678,-0.12438511346128107,-13.267446351617316,1.0,0.01728223245462322,0.44429583891425767,0.0,-0.8474126749285005,-0.5942568656235454,-0.023207391389156066,-0.024747419383919573,0.7146534785772827,0.0,-0.7421006167888784,Biotechnology,Healthcare,MNOV
2012Q3,2012,Q3,2012-11-08,2012-09-30,-2378768.0,83787.0,-2362711.0,-0.14,83787.0,1.0,21499635.0,16700953.0,6344933.0,1156519.0,4798682.0,0.0,-293799824.0,31180123.36,25435600.36,1.0069809948308044,5.48623325686824,0.0,0.0,-0.1418184876045496,1.0069809948308044,-0.1424330695380078,372.1355742537625,-3.276919329669812,1.8669667150132088,0.0,0.0,0.0,0.0038971359281215704,4.967080523536579,-0.11064225043820511,-12.774702485403179,1.0,0.0,0.8349801018687592,0.0,-0.8276630430250892,-0.8302611507162349,-0.04270190895741557,-0.03256134505489895,0.6374893969569716,0.0,-0.6596039655800863,Biotechnology,Healthcare,MNOV
2012Q2,2012,Q2,2012-08-09,2012-06-30,-2281350.0,493623.0,-2288204.0,-0.14,493623.0,1.0,23034807.0,17871230.0,7892958.0,3207577.0,5163577.0,0.0,-291421056.0,26313293.75,19054763.75,1.1070489759572573,2.4607228446893092,0.0,0.0,-0.1280384170535548,1.1070489759572573,-0.1276548956059544,53.306458066176006,-2.883522229162557,1.4723829165647804,0.0,0.0,0.0,0.021429439369732944,2.26293242531668,-0.09903924960170059,-6.772975362943309,1.0,0.4166666666666666,0.9160202858307487,0.0,-0.8333185657531503,1.5820613681776812,0.4100805668563721,0.4092303148330644,0.6342804915180563,0.0,-0.663539093203563,Biotechnology,Healthcare,MNOV
2012Q1,2012,Q1,2012-05-10,2012-03-31,-3867223.0,191174.0,-3873259.0,-0.24,191174.0,1.0,26912971.0,20578715.0,11804225.0,2741766.0,6334256.0,0.0,-289139706.0,46687419.53,35681577.53,1.27913325540783,4.305336414559084,0.0,0.0,-0.18821675697437862,1.27913325540783,-0.18792344419950419,244.21427354138115,-3.0181489100835406,2.2687237531595144,0.0,0.0,0.0,0.007103414929551999,4.014143438936802,-0.1436936486870959,-13.5910030475921,1.0,-0.10215316898141864,0.8277678528246861,0.0,-0.849210377324712,0.0,-0.10389423550383857,-0.10589784163048636,0.4188591859253706,0.0,-0.646975886243664,Biotechnology,Healthcare,MNOV
2011Q4,2011,Q4,2012-03-29,2011-12-31,-3503255.0,0.0,-3502366.0,-0.21775557767692286,0.0,0.0,30787330.0,23497546.0,15707664.0,3697294.0,7289784.0,0.0,-285272483.0,27349625.5,12256501.5,1.4605621638219506,4.248421683533958,0.0,0.0,-0.14932905740295876,1.4605621638219506,-0.14909024967968995,0.0,-1.9517295700712622,1.1639353956366338,0.0,0.0,0.0,0.0,4.082208231209095,-0.11378885405132566,-28.77599396905828,0.0,0.12897768929230857,0.7869146921448162,1.0,-0.8351865734892351,0.0,0.10028602298610874,0.10365543426964509,-0.8580018709823957,0.0,-0.633008270809319,Biotechnology,Healthcare,MNOV
2011Q3,2011,Q3,2011-11-14,2011-09-30,-3893743.0,0.0,-3907388.0,-0.25,0.0,0.0,24640187.0,19252641.0,9557952.0,3431546.0,5387546.0,0.0,-281769227.0,32953641.25,24217893.25,1.2561033190831377,2.785319503220997,0.0,0.0,-0.2032186379004831,1.2561033190831377,-0.2022446167255703,0.0,-2.1158074152557065,1.7116426390540393,0.0,0.0,0.0,0.0,2.5457178775980274,-0.1580240848009798,-11.0583468037862,0.0,0.1935483870967742,0.6897300027215552,-1.0,-0.8854662546121315,0.0,0.16824320687118327,-0.04972240326292358,0.36310010415339133,0.0,-0.6847826882728637,Biotechnology,Healthcare,MNOV
2011Q2,2011,Q2,2011-08-15,2011-06-30,-4681348.0,0.0,-3722306.0,-0.31,0.0,0.0,27155754.0,22749162.0,12714210.0,2450592.0,4406592.0,0.0,-277875484.0,41208844.37,29286854.369999997,1.4850027152071772,5.1882198260665175,0.0,0.0,-0.16362387326618888,1.4850027152071772,-0.20578111844295627,0.0,-2.200693281614612,1.8114444993622183,0.0,0.0,0.0,0.0,4.864942838301928,-0.17238880570209908,-7.601272011980869,0.0,0.3111111111111111,0.5739973235252732,-1.0,-0.8754296898708435,0.0,0.17228226948599032,0.25200437105410484,0.24385474344332067,0.0,-0.6585166757358147,Biotechnology,Healthcare,MNOV
2011Q1,2011,Q1,2011-05-16,2011-03-31,-5655730.0,0.0,-4976374.0,-0.45,0.0,0.0,75437912.0,27164945.0,60881710.0,46316967.0,48272967.0,0.0,-273194136.0,32373218.220000003,29615001.220000003,2.164924031454541,1.3144580473069405,0.3794065774248895,1.053624073231144,-0.08920377542378692,2.164924031454541,-0.20819957485649243,0.0,-1.430992030206534,1.1917277292481174,0.0,0.0,0.0,0.0,0.6775024150437139,-0.07497198490859609,-8.168831529110271,0.0,-0.1312488091968171,0.47040422987483715,-1.0,-0.8309890881047037,0.0,-0.13309969048633655,-0.1449702746548724,0.4958073124593158,0.0,-0.538956153762634,Biotechnology,Healthcare,MNOV
2010Q4,2010,Q4,2011-03-31,2010-12-31,-4991379.0,0.0,-4346291.0,-0.3977904739802542,0.0,0.0,72934169.0,24704360.0,58343997.0,36790204.0,48229809.0,0.0,-267538407.0,59099944.89,73909251.89,1.9688264653473182,1.5858568492852065,0.5904161463744106,1.7430733279469697,-0.06422498655272865,1.9688264653473182,-0.20204445692986986,0.0,-2.960101050731671,2.392288037010471,0.0,0.0,0.0,0.0,0.7848816222927169,-0.0684367706993412,-16.309403439548767,0.0,0.13523810004292572,0.45205283537556457,-1.0,-0.855969376625449,0.0,0.12441455919085279,-0.047731509415814284,-0.6067236402344193,0.0,-0.6428241285255996,Biotechnology,Healthcare,MNOV
2010Q3,2010,Q3,2010-11-15,2010-09-30,-5700619.0,0.0,-4148287.0,-0.46,0.0,0.0,76671948.0,29217933.0,62281215.0,34145445.0,47454015.0,0.0,-262547028.0,65130920.5131,48227098.5131,2.3461493648929075,1.8239977543124712,0.1859769103557927,0.48802945779908524,-0.09552332534496075,2.3461493648929075,-0.1951068544102692,0.0,-2.856309135600011,2.229141962680933,0.0,0.0,0.0,0.0,0.9372563163256475,-0.0743507782011747,-17.030140415772202,0.0,-0.31428571428571445,0.29763228988519763,-1.0,-0.837738763085695,0.0,-0.31530689468996737,0.0008466203349774387,0.4733375058261507,0.0,-0.5984748031692502,Biotechnology,Healthcare,MNOV
2010Q2,2010,Q2,2010-08-16,2010-06-30,-4334060.0,0.0,-4151802.0,-0.35,0.0,0.0,83630742.0,34291395.0,38494838.0,7264367.0,49339347.0,0.0,-256846409.0,59049126.25,77349431.25,2.7584510829235174,5.299131775693601,0.5220252021678823,1.2731285793418436,-0.05326322744110714,2.7584510829235174,-0.12638914223232972,0.0,-3.4061091822678966,1.7219808715860059,0.0,0.0,0.0,0.0,5.072340921101591,-0.05182376595439031,-12.634899338696059,0.0,0.16666666666666669,0.5215311124265627,-1.0,-0.8173792584476962,0.0,0.16026931460402036,0.20712786322226992,0.7928212845460645,0.0,-0.5846772881896243,Biotechnology,Healthcare,MNOV
2010Q1,2010,Q1,2010-05-17,2010-03-31,-5161250.0,0.0,-5236408.0,-0.42,0.0,0.0,85701171.0,37107776.0,40345352.0,18394189.0,48593395.0,0.0,-252512349.0,92140956.02,118581529.02,3.0244899748979184,2.1933748750760365,0.49051873515240535,1.1328630958643278,-0.06615190923454639,3.0244899748979184,-0.13908809840826894,0.0,-4.463112425284573,2.4830632808605935,0.0,0.0,0.0,0.0,2.136386279384212,-0.06022379787552728,-16.468384304545058,0.0,0.1289059865007229,0.4779983531482715,-1.0,-0.8839125728215583,0.0,0.12751522421485245,0.13964102363568312,0.698588664516007,0.0,-0.6434603664849284,Biotechnology,Healthcare,MNOV
2009Q4,2009,Q4,2010-03-24,2009-12-31,-5915576.0,0.0,-6086306.0,-0.48215232052027934,0.0,0.0,94326907.0,40013474.0,46923224.0,22422797.0,54313433.0,0.0,-247351099.0,86374478.08,113996519.08,3.2613205106616605,2.092657040065073,0.49682135766414987,1.1711960326164133,-0.07013327396964265,3.2613205106616605,-0.1478396002306623,0.0,-3.650298723235066,2.1586348158622766,0.0,0.0,0.0,0.0,2.0538728955178964,-0.06271355849715289,-19.30804857766722,0.0,-0.2053808013006983,0.9387457620859143,-1.0,-0.7873732801054892,0.0,-0.23367438380158692,-0.23120832793889176,0.5281885463178057,1.0,-0.6319845730458681,Biotechnology,Healthcare,MNOV
2009Q3,2009,Q3,2009-11-12,2009-09-30,-4795087.0,0.0,-4943360.0,-0.4,0.0,0.0,55948522.0,35852701.0,53262278.0,20095821.0,20095821.0,0.0,-241435523.0,72838261.11,64893544.11,2.958263002525432,2.6504156262140275,0.0,0.0,-0.13789486475611068,2.958263002525432,-0.1337440936458316,0.0,-3.7975463797632867,2.031597594557799,0.0,0.0,0.0,0.0,2.3405027343744753,-0.0857053382035722,-18.60035881622897,0.0,-0.025641025641025664,0.9887856373910279,-1.0,-0.9731020710880024,0.0,-0.027921881926824436,0.00027079504738306616,0.5167756148006492,-1.0,-0.7302602927847421,Biotechnology,Healthcare,MNOV
2009Q2,2009,Q2,2009-08-14,2009-06-30,-4664836.0,0.0,-4944699.0,-0.39,0.0,0.0,59857431.0,39720291.0,56624419.0,20137140.0,20137140.0,0.0,-236640436.0,51306114.75,40548787.75,3.2902751957065703,2.8119394809789275,0.0,0.0,-0.12448798524663376,3.2902751957065703,-0.11744214059257521,0.0,-2.7496204984483916,1.2916852686200109,0.0,0.0,0.0,0.0,2.4793083824217343,-0.07793244584786808,-12.71798072203741,0.0,0.04878048780487796,0.9990348695464595,-1.0,0.0,0.0,0.06579797175907114,0.060852843111092965,0.46131393823643063,-1.0,-0.7239933655728995,Biotechnology,Healthcare,MNOV
2009Q1,2009,Q1,2009-05-15,2009-03-31,-4993391.0,0.0,-5265095.0,-0.41,0.0,0.0,64186807.0,43741293.0,34014429.0,20445514.0,20445514.0,0.0,-231975600.0,35974640.46,21284688.46,3.6233594407964795,1.6636622097150504,0.0,0.0,-0.1203691045911444,3.6233594407964795,-0.11415737070232469,0.0,-1.8011127338115522,0.8224411761216112,0.0,0.0,0.0,0.0,1.6037724461219218,-0.07779466269446929,-7.808669187605939,0.0,-2.498329527214281,0.9969028796201062,-1.0,0.0,0.0,-2.5293297343067387,-0.3910106666004418,0.5139987523553916,-1.0,-0.7171322068045035,Biotechnology,Healthcare,MNOV
2008Q4,2008,Q4,2009-03-31,2008-12-31,-1414827.0,0.0,-3785086.0,-0.11719879354146574,0.0,0.0,50223915.0,48044532.0,20015601.0,2179383.0,2179383.0,0.0,-226982209.0,19194522.93,-102761.0700000003,3.979823106757465,9.18406769255335,0.0,0.0,-0.07932943849848682,3.979823106757465,-0.029448241893583228,0.0,-3.391673139189456,0.39951524410727945,0.0,0.0,0.0,0.0,8.854471196664377,-0.028170384566794524,-5.075973015091842,0.0,0.7070030161463356,0.98511067462024,-1.0,-0.7405294173989235,0.0,0.7061728077136266,0.3355608362299121,0.8385613763550344,-1.0,-0.7088537699610822,Biotechnology,Healthcare,MNOV
2008Q3,2008,Q3,2008-11-10,2008-09-30,-4815167.0,0.0,-5696663.0,-0.4,0.0,0.0,51878926.0,48105585.0,48565672.0,3773341.0,3773341.0,0.0,-225567382.0,27403501.29,4324769.289999999,3.984880501012796,12.87073497995543,0.0,0.0,-0.11851017001007962,3.984880501012796,-0.10009579968729203,0.0,-1.4227700352864188,0.5696532178124432,0.0,0.0,0.0,0.0,12.575330986518313,-0.09281547193170499,-5.481546608796398,0.0,0.0,0.9886943807184385,-1.0,-0.9637675783567773,0.0,0.015752925963884803,-0.27730046520972107,0.38797733054575173,-1.0,-0.7244030372808143,Biotechnology,Healthcare,MNOV
2008Q2,2008,Q2,2008-08-11,2008-06-30,-4892234.0,0.0,-4459924.0,-0.4,0.0,0.0,57956749.0,52642612.0,57463662.0,5314137.0,5314137.0,0.0,-220752215.0,56895450.5,28860849.5,4.3486829654332375,10.813357277014124,0.0,0.0,,4.3486829654332375,-0.09293296464848667,0.0,-2.9074370982663544,1.0807869962835432,0.0,0.0,0.0,0.0,10.507628990370403,-0.08441180853674177,-11.627122196111898,0.0,0.550561797752809,0.9989906137683151,-1.0,0.0,0.0,0.5471244379015757,0.4849777814935968,0.4453663834348532,-1.0,-0.7120994050466877,Biotechnology,Healthcare,MNOV
2008Q1,2008,Q1,2008-05-12,2008-03-31,-10802601.0,0.0,-8659673.0,-0.89,0.0,0.0,63800099.0,56741761.0,63234278.0,7058338.0,7058338.0,0.0,-215859981.0,41688999.6,13561059.600000001,4.695700960164081,8.958805599845176,0.0,0.0,-0.15261759043740808,4.695700960164081,-0.19038184239646705,0.0,-0.964790785108142,0.734714588784088,0.0,0.0,0.0,0.0,8.737005652038766,-0.1693195021531236,-5.600073881375526,0.0,-2.5948172048977116,0.9933062626586219,-1.0,0.0,0.0,-2.610877556211671,-1.1474966831578817,-0.10931710917885613,-1.0,-0.8197673499370137,Biotechnology,Healthcare,MNOV
2007Q4,2007,Q4,2008-03-17,2007-12-31,-2991683.0,0.0,-4032450.0,-0.24757865261895132,0.0,0.0,73752438.0,66608201.0,73079121.0,7140927.0,7144237.0,0.0,-205057380.0,55585332.8,36806394.8,5.512204554076179,10.233842328874108,0.0,0.0,,5.512204554076179,-0.04491463446070252,0.0,-4.644988523182436,0.83451184637159,0.0,0.0,0.0,0.0,9.891644180090344,-0.040563852275635956,-10.696482988200552,0.0,0.7154268360701709,0.9685467827395178,-1.0,-0.6406234928798773,0.0,0.7075059177177413,0.6444484376830959,0.9685467827395178,-1.0,-0.6406234928798773,Biotechnology,Healthcare,MNOV
2007Q3,2007,Q3,2007-11-09,2007-09-30,-10228183.0,0.0,-11341393.0,-0.87,0.0,0.0,83006226.0,68761533.0,82206053.0,14231452.0,14244693.0,0.0,-202065697.0,95203128.09,80345793.09,5.843093742089247,5.776364421564293,0.0,0.0,,5.843093742089247,-0.14874861792275632,0.0,-2.326980463929908,1.3845405117713128,0.0,0.0,0.0,0.0,5.337238322554859,-0.12322187735652504,-9.562588054530273,0.0,0.48214285714285715,0.975364635427853,-1.0,-0.9468718231047466,0.0,0.48289802262083503,0.4573794224125871,0.975364635427853,-1.0,-0.9468718231047466,Biotechnology,Healthcare,MNOV
2007Q2,2007,Q2,2007-08-09,2007-06-30,-19779818.0,0.0,-20901148.0,-1.68,0.0,0.0,90631335.0,78067807.0,89764145.0,12540355.0,12563528.0,0.0,-191837515.0,98500036.78000002,85845692.78000002,6.641705364244434,7.15802263970996,0.0,0.0,,6.641705364244434,-0.25336715299303847,0.0,-1.244956308243079,1.2617241416810903,0.0,0.0,0.0,0.0,6.846721005904538,-0.21824480462524357,-7.946685808087691,0.0,-0.20000000000000004,0.9957969964701424,-1.0,0.0,0.0,-0.24373523915400075,-0.19436400866889214,0.9957969964701424,-1.0,0.0,Biotechnology,Healthcare,MNOV
2007Q1,2007,Q1,2007-05-10,2007-03-31,-15903560.0,0.0,-17499814.0,-1.4,0.0,0.0,106686154.0,96662083.0,105873127.0,9990967.0,10024071.0,0.0,-172057696.0,122609489.84,115663515.84,8.482899769318541,10.596884866099547,0.0,0.0,,8.482899769318541,-0.16452738764174987,0.0,-1.9273906257466882,1.2684341784772009,0.0,0.0,0.0,0.0,9.821378250974105,-0.1490686410909517,-7.3454488216110105,0.0,-0.36997377600983655,0.9895497844718473,-1.0,0.0,0.0,-0.36573599568764487,-0.3389345257883443,0.9895497844718473,-1.0,0.0,Biotechnology,Healthcare,MNOV
