Quarters,Year,Quarter,FillingDate,Date,NetIncome,Revenue,OperatingIncome,EPSDiluted,GrossProfit,GrossProfitRatio,TotalAssets,CommonStockEquity,CurrentAssets,CurrentLiability,TotalLiability,Inventory,RetainedEarnings,MarketCap,EnterpriseValue,bookValuePerShare,currentRatio,debtToAssets,debtToEquity,roic,shareholdersEquityPerShare,roe,priceToSalesRatio,peRatio,pbRatio,payoutRatio,inventoryTurnover,dividendYield,assetTurnover,quickRatio,returnOnAssets,priceToFreeCashFlowsRatio,grossProfitMargin,epsdilutedGrowth,fiveYNetIncomeGrowthPerShare,fiveYRevenueGrowthPerShare,fiveYShareholdersEquityGrowthPerShare,grossProfitGrowth,netIncomeGrowth,operatingIncomeGrowth,threeYNetIncomeGrowthPerShare,threeYRevenueGrowthPerShare,threeYShareholdersEquityGrowthPerShare,Industry,Sector,Symbol
2023Q3,2023,Q3,2023-05-15,2023-03-31,1663020.0,4824101.0,1521782.0,0.08,3983829.0,0.8258179089,49578812.0,45216877.0,25987612.0,3882764.0,4361935.0,108052.0,-22997981.0,115514320.0,93328762.0,2.4582405675763837,6.693070194325486,0.01524713823316299,0.01671798342021719,0.029708063666025318,2.4582405675763837,0.036778745245939916,23.945253219200843,17.365142932736827,2.554672672329847,0.2540715084605116,7.776552030503831,0.003657780264819115,0.09730166588098157,6.559542119994932,0.03354295782641988,36.86354679095535,0.8258179088704818,0.3333333333333334,2.884283302610398,-0.02383158885786963,0.25442737282122296,0.02573669413839955,0.31428291436953115,0.2945364776418027,5.511233030564782,0.10877936030854729,0.1427392483759532,Software—Application,Technology,PCYG
2023Q2,2023,Q2,2023-02-14,2022-12-31,1265344.0,4750513.0,1175542.0,0.06,3883871.0,0.8175687552,48847945.0,44256393.0,25864501.0,4014774.0,4591552.0,0.0,-24239129.0,91089900.0,70992386.0,2.404977339419628,6.442330502289793,0.02666931024426923,0.029436221790600965,0.02444689446712033,2.404977339419628,0.028591213929250854,19.174750179612182,17.997062458904455,2.058231451442507,0.3350077133174852,0.0,0.004653644366719033,0.0972510307240151,6.1441518252335,0.02590373044352224,73.62608673160922,0.8175687552060167,0.0,-0.007800221666538353,-0.12124606680796216,0.22800411488448352,-0.0010036594214734246,-0.01538231687199248,-0.04275409878783042,1.0470655022385646,0.05351018297535947,0.11371190719215257,Software—Application,Technology,PCYG
2023Q1,2023,Q1,2022-11-14,2022-09-30,1285112.0,4720477.0,1228046.0,0.06,3887773.0,0.8235974881,49307335.0,43786518.0,26371822.0,5096078.0,5520817.0,0.0,-25081948.0,98787750.0,79068435.0,2.3713251015434604,5.174925109074076,0.038704423996957046,0.04358446588513844,0.025336750174438434,2.3713251015434604,0.029349490635450847,20.92749313257961,19.217731606272448,2.2561225352516043,0.1140842198967872,0.0,0.0014841010145488689,0.09573579671259864,4.955930423356943,0.026063302752014482,55.12887693909736,0.8235974881352033,0.05263157894736834,3.0860078565000557,0.053791652755462695,0.2751212261723276,0.015505914988206592,0.17233993253019084,0.10233663273906927,6.730765790365009,0.05510124245946022,0.09575650652408921,Software—Application,Technology,PCYG
2022Q4,2022,Q4,2022-09-28,2022-06-30,1096194.0,4577771.0,1114039.0,0.057,3828410.0,0.8363043936,49321712.0,42903060.0,26582709.0,6096834.0,6418652.0,0.0,-25943287.0,83982800.0,65488439.0,2.2477633991722112,4.360084102667057,0.06014768911508992,0.06914628000893176,0.02393454421626278,2.2477633991722112,0.02555048521014585,18.34578444400124,19.15327031529091,1.9575013996670638,0.13374548665655897,0.0,0.0017457265059035896,0.09281451949599803,4.145689549690872,0.022225384228349576,40.59781896722166,0.8363043935574759,0.017857142857142873,0.2583148490711517,-0.10540845176825032,0.21821239961430858,0.012203037605872687,0.007516433581859091,-0.053119496555991484,5.260019052135083,0.023529324076534533,0.03350845599063605,Software—Application,Technology,PCYG
2022Q3,2022,Q3,2022-05-16,2022-03-31,1088016.0,4555906.0,1176536.0,0.056,3782255.0,0.8301872339,49675275.0,42800377.0,26691501.0,6538995.0,6874898.0,0.0,-26892870.0,100420320.0,82925452.0,2.250401020032599,4.081896529971349,0.07598224670120095,0.08818705031500074,0.024422823680545533,2.250401020032599,0.025420710663366354,22.0417892730886,23.074182732606875,2.3462484921569735,0.1347507757238864,0.0,0.0014599734396385114,0.09171375498172883,3.903965670565584,0.021902566216291705,106.80331321072582,0.8301872338893734,0.2641083521444696,0.23050609604495007,-0.021874589236043702,0.2544091485199284,0.06952912785808288,0.24762747859111905,0.2642143199455002,0.06375715052918948,-0.049644940588140604,0.02543699383255081,Software—Application,Technology,PCYG
2022Q2,2022,Q2,2022-02-14,2021-12-31,872068.0,4353587.0,930646.0,0.0443,3536374.0,0.812289728,50284213.0,45486599.0,26994453.0,4239079.0,4797614.0,821868.0,-27834275.0,112270600.0,92142895.0,2.349878545229116,6.367999511214582,0.03144104094857764,0.0347572259689057,0.018340323911994114,2.349878545229116,0.019171976344065644,25.788068551288855,32.18516216625309,2.468212670725283,0.1681187705545898,0.9943360734327167,0.0013058717063950847,0.08657959904831364,5.944802161035451,0.01734277913427819,58.35743438657188,0.8122897279875193,-0.11400000000000007,-0.3679211221869763,-0.0911643883446386,0.3612933897047754,-0.047618355107064275,-0.07894767415456208,-0.20217372481411977,-0.47021069288680384,-0.1989253558811294,0.09647005720378095,Software—Application,Technology,PCYG
2022Q1,2022,Q1,2021-11-15,2021-09-30,946817.0,4559677.0,1166477.0,0.05,3713190.0,0.8143537360212137,49671030.0,46128893.0,26097299.0,2960115.0,3542137.0,0.0,-28559732.0,105637350.0,85879511.0,2.379863437032451,8.816312541911378,0.013555567500814861,0.014596469939133376,0.02358498602933465,2.379863437032451,0.02052546546044363,23.167726573614754,27.89275805145028,2.290047367926215,0.15484618463758043,0.0,0.001387870861963122,0.09179751255409843,8.252663832317326,0.01906175491025654,94.48263556281813,0.8143537360212137,-0.15397631133671738,0.5316091008442407,0.07485009617892292,0.443932401253932,-0.15744356998737477,-0.18833566364026805,0.006851733087966827,9.692099854723501e-05,-0.21668060629283434,0.15812883119698878,Software—Application,Technology,PCYG
2021Q4,2021,Q4,2021-09-28,2021-06-30,1166513.0,4584930.0,1158539.0,0.0591,4407052.0,0.9612037697413046,55046883.0,45140886.0,29701774.0,9300783.0,9905997.0,0.0,-29359938.0,107456020.0,90081068.0,2.3146798277099783,3.1934702701912303,0.12163032010368326,0.14832163462631195,0.021487587575507495,2.3146798277099783,0.02584160621038763,23.436785294431974,23.029323290867737,2.380458815097249,0.12568312569169826,0.0,0.001364381446474567,0.08329136456282184,3.1406986917123,0.02119126345446299,58.47055686752495,0.9612037697413046,0.4775,1.302344957112549,0.186424169339679,0.45326932669727127,0.30066144952241763,0.5086879540401734,0.612896893624782,-0.06805662630042643,-0.26393282621761627,0.1536576420048728,Software—Application,Technology,PCYG
2021Q3,2021,Q3,2021-05-17,2021-03-31,773197.0,6022540.0,718297.0,0.04,3388316.0,0.5626058108372879,56232223.0,44917922.0,31273486.0,10686101.0,11314301.0,0.0,-30379840.0,119481050.0,103022199.0,2.297004448990028,2.9265572167060747,0.11945536992197517,0.14954478526410905,0.013546014072201478,2.297004448990028,0.017213552309922085,19.838979898846667,38.6321500212753,2.65998614094392,0.1896166177571822,0.0,0.0012270648776521464,0.10710122557310245,2.822816011190611,0.01375006995544174,-293.10864648189306,0.5626058108372879,-0.5,1.5722961532943793,0.6512380128726822,0.4822090033652125,0.09916901748385137,-0.5235587318430005,0.8677197498602389,0.6987205783587084,0.14632143387466945,0.17214942032547378,Software—Application,Technology,PCYG
2021Q2,2021,Q2,2021-02-16,2020-12-31,1622859.0,5174204.0,384585.0,0.08,3082616.0,0.5957662280033799,55015416.0,44657583.0,29600792.0,9696845.0,10357833.0,0.0,-31006426.0,93529540.0,76104002.0,2.287083017515108,3.052620929797269,0.1175873140721139,0.14486039246682922,0.007358347605044004,2.287083017515108,0.0363400544986951,18.076121467186063,14.408143282934624,2.094370848507408,0.0903411818278729,0.0,0.001567536844509232,0.09405007498261941,2.9969890206556875,0.029498259178845434,38.294535683124565,0.5957662280033799,1.6666666666666667,4.659514545871104,0.43456912655967295,0.5251878974873846,-0.04987879282897383,1.9249872933135794,-0.3904947708243856,0.19928677708252593,-0.09796776087633825,0.1678061620608599,Software—Application,Technology,PCYG
2021Q1,2021,Q1,2020-11-16,2020-09-30,554826.0,5225402.0,630979.0,0.03,3244445.0,0.6208986409083933,54325723.0,43047381.0,28547938.0,10164131.0,11278342.0,0.0,-32482674.0,96080770.0,82071575.0,2.2088039919954845,2.8086944176536095,0.13160470961426504,0.16608492395855626,0.011875580945241769,2.2088039919954845,0.012888728352602914,18.38724944033014,43.29319912909632,2.231977132360271,0.2642468089094599,0.0,0.001525914082495384,0.09618651554807656,2.7502295080612402,0.01021295197488674,79.3778455961263,0.6208986409083933,0.23966942148760328,2.3309873565826784,0.647679927156318,0.49886571751358244,-0.043730366592450984,0.15630184149320173,0.3393311611814525,0.6713783773571004,0.10521897307190423,0.18772953266272965,Software—Application,Technology,PCYG
2020Q4,2020,Q4,2020-09-28,2020-06-30,479828.0,5767394.0,471115.0,0.0242,3392814.0,0.588275051088932,53431045.0,42583433.0,27148911.0,8912247.0,10847612.0,0.0,-32890889.0,83123730.00000001,70249640.00000001,2.1669855478092717,3.046247596144945,0.1398295691203494,0.17544945237271029,0.009262211473589195,2.1669855478092717,0.01126795014389751,14.41270181992075,43.30912847937178,1.9520204019248522,0.30554907175071067,0.0,0.0017637683005803516,0.10794087968895237,2.9906487107011284,0.008980322207810086,43.42451619778792,0.588275051088932,1.42,1.178034983037065,0.48055306258271446,0.3649406734029352,0.03952144463716323,0.7641578457793938,0.9884730482055352,-0.4650163540676937,0.09472079113517431,0.1744335124855413,Software—Application,Technology,PCYG
2020Q3,2020,Q3,2020-05-11,2020-03-31,271987.0,4633244.0,236923.0,0.01,3263823.0,0.7044358121437162,52141981.0,42137361.0,25449143.0,8597853.0,10004620.0,0.0,-33224106.0,74434400.0,63348722.0,2.1511824075964876,2.9599416272876495,0.13037243444969995,0.16132659565462584,0.00474504068169565,2.1511824075964876,0.006454770625051721,16.06528816526822,68.41724052987827,1.7664703776774249,0.5390367921996272,0.0,0.0019696672506260547,0.08885822730824132,2.8799998092547057,0.005216276688835432,-162.4035083891519,0.7044358121437162,-0.6666666666666666,1.4377331676466136,0.20913463107416616,2.062504535886818,-0.04343464273247865,-0.5898269197997897,-0.62318769125066,-0.7013282012587598,-0.03416588408932439,0.19910312348910608,Software—Application,Technology,PCYG
2020Q2,2020,Q2,2020-02-10,2019-12-31,663103.0,4837332.0,628756.0,0.03,3412023.0,0.7053522478920198,53603928.0,42629209.0,26437093.0,9468215.0,10974719.0,0.0,-33349482.0,99889459.99999999,87473361.99999999,2.1594250037991998,2.7921939879903444,0.12224247820047815,0.15371331426768908,0.0122851292273102,2.1594250037991998,0.015555132632181844,20.649701116235146,37.659858272395084,2.3432163613451045,0.22109838139776172,0.0,0.0014677324314297025,0.09024211807761551,2.730458169781738,0.012370418078316948,57.70798297117126,0.7053522478920198,1.9999999999999996,2.0677406971452856,0.2106222926033119,2.4125032080696784,0.148067779957402,2.7179662575483174,3.452378591964197,-0.528728885551457,-0.009822838130494253,0.2509629441075835,Software—Application,Technology,PCYG
2020Q1,2020,Q1,2019-11-07,2019-09-30,178351.0,4800084.0,141218.0,0.01,2971970.0,0.6191495815489896,53094958.0,42872957.0,25866109.0,8617193.0,10222001.0,0.0,-33865974.0,114309469.99999999,102660217.99999999,2.164098581596083,3.001686163928323,0.1251755581010159,0.1550205879197929,0.0024593352222955864,2.164098581596083,0.004159988311513012,23.814056170683678,160.23104720466944,2.6662371340516584,0.8220363216354267,0.0,0.001282579649787546,0.09040564642691684,2.946904055647819,0.0033590948503999193,318.51014801275045,0.6191495815489896,0.0,1.4090720242555488,0.24202615090857538,2.3826762118860234,-0.06169955960683173,-0.02167819509278509,-0.47936337058188105,-0.7177252458990336,0.10707554098420982,0.31302158470517805,Software—Application,Technology,PCYG
2019Q4,2019,Q4,2019-09-12,2019-06-30,182303.0,4656245.0,271241.0,0.01,3167397.0,0.6802470660371179,52940537.0,43217166.0,26548874.0,8802617.0,9723371.0,0.0,-33897714.0,104322750.0,91589249.0,2.174886316742992,3.01602057660807,0.11099097842547385,0.13596268667871467,0.0055250343999546335,2.174886316742992,0.004218300663213317,22.404909965003988,143.06230561208537,2.413919274577144,0.8042160578816585,0.0,0.0014053598088624006,0.08795235681118989,2.8982034547226125,0.0034435427052808324,-338.94132362974756,0.6802470660371179,-0.7999999999999999,1.3152598027779407,0.28616077157000197,2.4223630418465962,-0.135554863552416,-0.8293180511681644,-0.7333800568545962,-0.6468704547989284,0.18250375461110682,0.3655001159720744,Software—Application,Technology,PCYG
2019Q3,2019,Q3,2019-05-09,2019-03-31,1068086.0,5006132.0,1017332.0,0.05,3664081.0,0.7319185750595469,52553100.0,43586505.0,26722881.0,8711541.0,8966595.0,0.0,-33933406.0,159086610.0,145893186.0,2.1945775640702885,3.067526284959228,0.09422745756197065,0.11361188514656084,0.02057008050038878,2.1945775640702885,0.024504970058966645,31.77834903274624,37.23637656518295,3.649905171336862,0.13726516404109781,0.0,0.0009215797608610806,0.09525854802095404,2.9274961800673385,0.020323939025480894,98.705496578211,0.7319185750595469,-0.375,3.2318648094240703,0.3765495426001939,2.3152568224957735,-0.14681232940698713,-0.36634970882909906,-0.395868543039672,2.4985955500520256,0.3514157944877228,0.4161150734725457,Software—Application,Technology,PCYG
2019Q2,2019,Q2,2019-02-07,2018-12-31,1685608.0,5565237.0,1683958.0,0.08,4294578.0,0.7716792654113382,52282085.0,42481135.0,25027283.0,9542741.0,9800950.0,0.0,-34854882.0,118337340.0,106610035.0,2.143130612450812,2.622651395442882,0.09477389817181163,0.11663946831929044,0.03452654539136981,2.143130612450812,0.03967897750377903,21.26366586005232,17.5511358512774,2.7856444984344226,0.0,0.0,0.0,0.10644634773077623,2.514881835313355,0.03224064227736901,533.6881412496899,0.7716792654113382,0.6,3.5805584647416104,0.5520980567521947,2.2309016203006697,0.019250175864632176,0.7441973325993446,0.656203344355294,4.790562974406739,0.519943378583833,0.42919030389901996,Software—Application,Technology,PCYG
2019Q1,2019,Q1,2018-11-08,2018-09-30,966409.0,5941994.0,1016758.0,0.05,4213468.0,0.7091000091888345,50204189.0,40658670.0,23174344.0,9277907.0,9545519.0,0.0,-36393879.0,195881400.0,184394216.0,2.0549211563731933,2.4977986953307463,0.09887645032967268,0.12208987652572009,0.020681232881945955,2.0549211563731933,0.023768829624776215,32.965600436486476,50.67248959808942,4.81770308768093,0.0,0.0,0.0,0.11835653793750159,2.408442442891484,0.01924956899512907,122.02167819099233,0.7091000091888345,-0.1666666666666666,1.7631227046190197,0.7703299874934216,2.031172989891766,-0.03862636266935113,-0.23911992567631404,-0.21179472947349,3.2835453563573855,0.845512128121902,0.3944428227416222,Software—Application,Technology,PCYG
2018Q4,2018,Q4,2018-09-13,2018-06-30,1270120.0,6320624.0,1289966.0,0.06,4382758.0,0.6934059042271775,49293570.0,39704326.0,23733461.0,7989892.0,9589244.0,0.0,-37213677.0,156333100.0,146451216.0,2.0063836474809236,2.9704357705961484,0.10164723309754194,0.12619670209236142,0.02819750596247878,2.0063836474809236,0.031989461299506756,24.73380792782485,30.771324756715906,3.937432409758071,0.2308648001763613,0.0,0.001875648854913003,0.12822410711985358,2.830710853162971,0.025766443777555572,386.4761970685448,0.6934059042271775,1.9999999999999996,10.20695004377622,0.45896299262161544,1.595019280085941,0.2617601648123075,1.7772566358136046,1.932087428514279,1.4679778761248803,0.6112581189239409,0.26378076202024026,Software—Application,Technology,PCYG
2018Q3,2018,Q3,2018-05-10,2018-03-31,457329.0,5278783.0,439948.0,0.02,3473527.0,0.6580166299694457,48454110.0,38503234.0,22824517.0,8295170.0,9950876.0,0.0,-38337186.0,171920000.0,162149399.0,1.9596515675895765,2.751543006351889,0.10437832827803462,0.1313541350838218,0.010091931061037352,1.9596515675895765,0.011877677599756945,32.568112763870005,93.98048232235436,4.465079478778328,0.35634302657386696,0.0,0.0009479176361098185,0.10894396780789081,2.596914831160784,0.009438394390073412,452.41867148067644,0.6580166299694457,-0.7142857142857143,0.4179594086692071,0.12422930274986278,1.431816963918919,-0.1918938756803475,-0.6613591867804431,-0.6796408057694773,1.733773115323216,0.37339367620053454,1.7898339970185013,Software—Application,Technology,PCYG
2018Q2,2018,Q2,2018-02-08,2017-12-31,1350484.0,5724706.0,1373296.0,0.07,4298355.0,0.750842925383417,47873966.0,38164199.0,21468439.0,7736346.0,9709767.0,0.0,-38582484.0,186100850.0,176338825.0,1.9584440396161544,2.775010192150144,0.10562072505127316,0.13249283706963166,0.031422336463771135,1.9584440396161544,0.035386148154190264,32.5083681153233,34.45076913165946,4.876320082074827,0.24134384413291826,0.0,0.0017513676052527433,0.1195786870885107,2.6730166928935186,0.028209152339707975,837.5941220154376,0.750842925383417,2.5,14.351183569074308,0.35930494232324794,3.2040071053463874,0.3048441601966151,3.081861870938492,2.3200351030729696,3.2029183982821654,0.4513766195750785,2.094896352620229,Software—Application,Technology,PCYG
2018Q1,2018,Q1,2017-11-09,2017-09-30,330850.0,4712165.0,413639.0,0.02,3294152.0,0.6990739925278507,46985286.0,36122541.0,20181718.0,8835615.0,10862745.0,0.0,-39770002.0,236001600.0,226255619.0,1.8596860070016474,2.284132796641773,0.10939179980728435,0.14228802453293637,0.008472754514420004,1.8596860070016474,0.009159100961363709,50.083475430083624,178.32975668732053,6.533360983658376,0.0,0.0,0.0,0.10029022702979823,2.213381524659008,0.0070415661617979726,275.2064034032073,0.6990739925278507,-0.5412844036697247,0.017939688892384512,0.09232831615096108,2.999302918962608,-0.08676547478518909,-0.6254391198470284,-0.5374153844089238,1.7739681669675025,0.24356966727167473,1.906852613351005,Software—Application,Technology,PCYG
2017Q4,2017,Q4,2017-09-13,2017-06-30,883301.0,5188477.0,894191.0,0.0436,3607126.0,0.6952186547227636,45912476.0,35708851.0,18706733.0,8169929.0,10203625.0,0.0,-39983692.0,235138950.0,226250513.0,1.8451325892626467,2.2897057000128154,0.11250904873873498,0.1446579448887896,0.021561313036498626,1.8451325892626467,0.024736192155832736,45.31945501541204,66.55119545885265,6.584892636282248,0.002993317113871715,0.0,1.1244415270205128e-05,0.11300799808749151,2.2109290056253856,0.019238801235638,-177.84293571486916,0.6952186547227636,0.08999999999999997,11.659981946389804,0.29301234987328323,3.0932517171480605,0.05908781284132148,-0.02013311886405236,-0.05039983008548824,2.568393135644118,0.4715355491350678,1.9034683478333787,Software—Application,Technology,PCYG
2017Q3,2017,Q3,2017-05-10,2017-03-31,901450.0,4748652.0,941650.0,0.04,3405880.0,0.7172309110037964,42629318.0,34785521.0,17329962.0,7239141.0,7843797.0,0.0,-40660470.0,239466500.0,229297648.0,1.7939928313563693,2.3939251908479195,0.07914013543449135,0.09698546702807757,0.023742628332765688,1.7939928313563693,0.025914517709825304,50.42831102384424,66.41147595540518,6.884085479127939,0.002933052304620334,0.0,1.1041210357189837e-05,0.11139404106816815,2.321358017477488,0.021146244938753184,189.70047689212097,0.7172309110037964,-0.4285714285714286,2.5606815326692742,0.15520279599336848,3.4224281435625046,-0.05265514848331866,-0.345982959063445,-0.3201888007485034,2.929419250884064,0.3374673717140306,1.7101101692809542,Software—Application,Technology,PCYG
2017Q2,2017,Q2,2017-02-06,2016-12-31,1378328.0,4785589.0,1385164.0,0.07,3595185.0,0.7512523536810203,41070004.0,33381453.0,16556469.0,7239641.0,7688551.0,0.0,-41359884.0,245592600.0,236876397.0,1.7262102078808563,2.286918508804511,0.0814843115184503,0.10025210706076815,0.03771410019610644,1.7262102078808563,0.04129023383134341,51.31920020712184,44.54538397246519,7.357157281320259,0.001918266189179934,0.0,1.0765796689313929e-05,0.11652273031188407,2.2385676306325135,0.03356045448644222,494.0735539966645,0.7512523536810203,1.3333333333333337,5.740846975763869,0.1276879765007304,2.999156134182811,0.1932124804598693,1.2431788924458014,1.0478504551307735,3.1629456844545447,0.36806522819425247,1.6023683881981876,Software—Application,Technology,PCYG
2017Q1,2017,Q1,2016-11-07,2016-09-30,614453.0,4216545.0,676399.0,0.03,3013030.0,0.7145731872895937,39465718.0,31753875.0,16361236.0,7212661.0,7711843.0,0.0,-42542764.0,227338800.0,219117030.0,1.6481820305200872,2.268404961774857,0.08016757733889449,0.09963731985466341,0.01766930596958323,1.6481820305200872,0.019350488719880644,53.91589559698758,92.49641551103176,7.159403379902454,0.004303014225660873,0.0,1.1630218862772214e-05,0.10684070159321567,2.2240291065946396,0.015569284714394402,-1653.2648772080372,0.7145731872895937,0.15384615384615385,2.328305485652511,-0.011463707383579047,2.791342916917648,0.10014185225822587,0.23497218336468734,0.3455803072320075,1.4982972919218633,0.29016484940065645,1.4312002617925002,Software—Application,Technology,PCYG
2016Q4,2016,Q4,2016-09-07,2016-06-30,497544.0,3794941.0,502682.0,0.026,2738765.0,0.7216884267765955,38589892.0,30502559.0,15384631.0,7538805.0,8087333.0,0.0,-42970413.0,171784470.0,163571534.0,1.5927397524933424,2.0407254200102005,0.08371238768950169,0.10590757319738321,0.014901782707745835,1.5927397524933424,0.016311549467046355,45.26670375112551,86.31622027398582,5.6318051872303565,0.005312093000820028,0.0,1.5385558426789103e-05,0.09834028558566581,1.9885586641384145,0.012893117192450293,960.2315831838076,0.7216884267765955,1.6,0.8421048591110107,-0.24748095996073255,2.3542466984405257,0.08240671394780368,0.6862011468542845,0.5107441891217714,4.726789966365931,-0.09484753060132584,1.060019962318214,Software—Application,Technology,PCYG
2016Q3,2016,Q3,2016-05-09,2016-03-31,295068.0,3580329.0,332738.0,0.01,2530255.0,0.7067101933928418,37785628.0,29748367.0,14577421.0,7435068.0,8037261.0,0.0,-43285205.0,173531839.99999997,165495159.99999997,1.549716972285893,1.9606304878448992,0.08723793078151301,0.11080742684127838,0.010069328198310247,1.549716972285893,0.009918796551084637,48.468126811809746,147.02699038865617,5.833323220733426,0.008960646359483238,0.0,1.5236396963231649e-05,0.09475372488185191,1.9049430348182423,0.007809000819041568,2141.2845349884624,0.7067101933928418,0.0,1.7074938726386686,-0.15057455801785358,2.7222133122869185,-0.0029981906043822677,0.049380652457652136,0.20149781899066932,-0.06359272679436752,-0.21953822750838692,0.923111273864574,Software—Application,Technology,PCYG
2016Q2,2016,Q2,2016-02-08,2015-12-31,281183.0,3536792.0,276936.0,0.01,2537864.0,0.717560998780816,37109728.0,28711727.0,14287601.0,8096311.0,8398001.0,0.0,-43403685.0,228040770.0,223695269.0,1.499541808116154,1.764705061354486,0.07987301874053078,0.10323537835254563,0.008742827685482096,1.499541808116154,0.009793315463051039,64.47672636671876,202.75120650963962,7.942426103452433,0.009403128923156805,0.0,1.1594417963068621e-05,0.09530633045868728,1.709309585563104,0.007577069818458384,1527.9727828254402,0.717560998780816,1.5,-0.1137225065108817,-0.2510446739502514,2.473553280398037,0.3189978613210955,1.6903720181098574,1.6517444665403669,3.8291998868478525,-0.14529257734956816,2.2189249672509668,Software—Application,Technology,PCYG
2016Q1,2016,Q1,2015-11-09,2015-09-30,-407292.0,3098631.0,-424915.0,-0.02,1924085.0,0.6209467987637121,36325689.0,28061250.0,13459007.0,7900720.0,8264439.0,0.0,-43514308.0,201273940.0,197737455.0,1.473650351853797,1.7035165149505362,0.0831532472790812,0.10764306650630318,-0.013670840496007815,1.473650351853797,-0.014514392623279434,64.95576272231189,-123.54400528367854,7.172664795759276,-0.006491657091226933,0.0,1.313632554716224e-05,0.08530136895682833,1.644388612683401,-0.011212230551222304,-1184.73094355171,0.6209467987637121,0.8571428571428571,0.2247053696417103,-0.30558812783391937,2.6542039561442836,-0.09969332904100052,0.8290829129912967,0.8269098614716746,-2.2782708844331983,-0.2672958139890037,2.169123245273707,Software—Application,Technology,PCYG
2015Q4,2015,Q4,2015-09-14,2015-06-30,-2382980.0,3444259.0,-2454877.0,-0.14,2137144.0,0.6204945679172211,36406784.0,27584623.0,13429590.0,8397451.0,8822161.0,0.0,-42907628.0,215276250.0,207027171.0,1.587604201438849,1.5992460092949634,0.0845032892770754,0.11152927484272669,-0.08006482869051472,1.587604201438849,-0.08638798507414801,62.50292152825905,-22.58477305726443,7.80421215109592,-0.0011221243988619291,0.0,1.2421249441125065e-05,0.09460486814765072,1.5440593818290813,-0.06545428456410761,180.69577647321495,0.6204945679172211,-3.6666666666666674,-30.5426584767298,-0.21841572574812645,2.9965332887197706,-0.003931803987732921,-3.333841346975743,-2.967381800845232,-31.03255848916442,-0.043946793685584636,2.5219494043449555,Software—Application,Technology,PCYG
2015Q3,2015,Q3,2015-05-07,2015-03-31,-549854.0,3390933.0,-618765.0,-0.03,2145580.0,0.6327403107050479,18218876.0,12175850.0,6669913.0,5555776.0,6043026.0,0.0,-40400472.0,238862520.0,237327175.0,0.7024258682358371,1.2005367027036367,0.10054495129117735,0.15044666286131975,-0.044173311956467266,0.7024258682358371,-0.04515939338937323,70.4415333479016,-108.60270180811634,19.61772853640608,0.0,0.0,0.0,0.18612196493351182,1.1186826106740084,-0.030180456796566373,-3465.1906226426045,0.6327403107050479,0.0,-3.7689593399735037,-0.29117100414256175,44.41464656937863,0.009874799962345854,-0.016598998661430716,-0.05936585115307572,-0.06487603653758386,-0.07724562468729881,0.7315720966977567,Software—Application,Technology,PCYG
2015Q2,2015,Q2,2015-02-05,2014-12-31,-540876.0,3480004.0,-584090.0,-0.03,2124600.0,0.6105165396361614,17307604.0,10879695.0,5665856.0,6006370.0,6427909.0,0.0,-37572939.0,155080860.0,154477349.0,0.6327979410225092,0.9433078548274582,0.09876768615690537,0.15712131636043106,-0.046396386341960014,0.6327979410225092,-0.049714261291332155,44.5634142949261,-71.68041288576309,14.254155102693595,0.0,0.0,0.0,0.20106792367100612,0.8848843810820846,-0.031250772781720684,-587.8394329359589,0.6105165396361614,-0.4999999999999999,-3.9303686684104613,-0.1366275733920784,59.608183109029326,0.07025197215309752,-0.4382590151118297,-0.34377976450667413,-1.0924782989649744,-0.0776554447508904,0.46601946621850077,Software—Application,Technology,PCYG
2015Q1,2015,Q1,2014-11-06,2014-09-30,-376063.0,3333519.0,-434662.0,-0.02,1985140.0,0.5955088301581601,16997265.0,10932207.0,6237981.0,5595874.0,6065058.0,0.0,-36877590.0,168487680.0,166960894.0,0.6397593047752809,1.1147465078734797,0.10302616332686465,0.16018384942765904,-0.03427022944217507,0.6397593047752809,-0.03439954988045872,50.54348872767787,-112.00761574523416,15.412046259277746,-0.41076362205268796,0.0,0.0009168207432139845,0.19612090533388754,1.056699453919084,-0.02212491244914991,351.4303950074463,0.5955088301581601,0.3127147766323024,-2.3853152750734083,-0.2311139124881529,38.4669810197791,0.13517006335918022,0.22664541668808802,0.17822085425615586,0.0834203218470485,-0.11887173218512516,0.4716498928983795,Software—Application,Technology,PCYG
2014Q4,2014,Q4,2014-09-11,2014-06-30,-486275.0,3044369.0,-528928.0,-0.0291,1748760.0,0.5744244538030705,16937632.0,10619081.0,6461397.0,5807355.0,6318551.0,0.0,-36347054.0,181971900.0,180468489.0,0.6354925792938361,1.1126230443980092,0.10917393883631431,0.17413446606161118,-0.04242206330987344,0.6354925792938361,-0.04579256905564615,59.77327321359533,-93.55400750604082,17.13631339661125,-0.317670042671328,0.0,0.0008488948018897423,0.1797399423957257,1.0694269594333392,-0.02870973935435603,303.4883197326222,0.5744244538030705,-0.455,-0.5673470389453863,-0.28148688708069886,13.366279138650986,-0.0016664012070704735,-0.19648393287731902,-0.20647708636039114,-3.063382788984197,-0.3081295822943335,0.3383221475089751,Software—Application,Technology,PCYG
2014Q3,2014,Q3,2014-05-12,2014-03-31,-406420.0,3088497.0,-438407.0,-0.02,1751679.0,0.5671622799050801,16904616.0,11165331.0,6702164.0,5128514.0,5739285.0,0.0,-35706307.0,152983690.0,151531331.0,0.6619630639710677,1.3068432688299183,0.11587497758008819,0.17543787998761523,-0.03340459380502498,0.6619630639710677,-0.03640017479105635,49.5333782095304,-94.10443014615423,13.701670823731066,-0.3800821809950298,0.0,0.0010097350900609078,0.18270139942841648,1.2537805297986901,-0.02404195398463946,-1192.5484280847813,0.5671622799050801,0.3333333333333333,0.8704287968970112,-0.27783957867219206,5.83843693314812,-0.012120658413655536,0.26116872846923656,0.2395790693317977,-0.10904339010634422,-0.16608380373579312,0.589946921289051,Software—Application,Technology,PCYG
2014Q2,2014,Q2,2014-02-13,2013-12-31,-550085.0,3019614.0,-576532.0,-0.03,1773171.0,0.5872177702183127,16948221.0,11072847.0,7054250.0,5301077.0,5875374.0,0.0,-35145414.0,169600880.0,167748740.0,0.663322770023363,1.3307201536593414,0.11843785846313899,0.181282284492868,-0.04407683760394943,0.663322770023363,-0.049678732127338164,56.16641067368213,-77.07939682049138,15.31682682872797,-0.28081660107074363,0.0,0.0009108030571539487,0.17816701823748934,1.27598316342132,-0.03245679885812204,-469.13017741658877,0.5872177702183127,0.5,0.6640225225626013,2.758752964388442,14.975120660544741,0.13169112470824906,0.47479150057525316,0.4503240667468809,-2.9887344964152813,-0.26656071519960595,0.5365273387555272,Software—Application,Technology,PCYG
2014Q1,2014,Q1,2013-11-13,2013-09-30,-1047365.0,2775936.0,-1048858.0,-0.06,1566833.0,0.5644341224005165,16385405.0,11093636.0,6990913.0,4970537.0,5291769.0,0.0,-34440856.0,142857720.0,140396836.0,0.6779293571253973,1.406470367286271,0.11207443453488028,0.16553499682160114,-0.08111804304107471,0.6779293571253973,-0.09441133637339462,51.462901161986444,-34.099315902288126,12.877447935014272,-0.11798943061874323,0.0,0.0008650425052282788,0.16941515940558077,1.3434671143178292,-0.06392060495300543,-215.94068565209506,0.5644341224005165,-7.571428571428571,0.46907035404900116,1.9760442862543788,9.135878630872806,-0.09468720622588778,-10.34248429716266,-15.575659402310476,-1.319968259688133,-0.27609793595099474,0.6810582888116146,Software—Application,Technology,PCYG
2013Q4,2013,Q4,2013-09-23,2013-06-30,-92340.0,2899857.0,-63277.0,-0.007,1730709.0,0.5968256365744932,15932898.0,10241372.0,6403860.0,5279384.0,5691526.0,0.0,-33239018.0,100007300.0,98452778.0,0.7731671447984297,1.212993788669284,0.1294217159991861,0.20134636257720157,-0.0051430352580397265,0.7731671447984297,-0.009016370072291096,34.48697642676863,-270.75833874810485,9.765029529246666,-1.435748321420836,0.0,0.0013256732258545125,0.18200436606071288,1.1364869462043299,-0.0057955558367347865,-150.013800262205,0.5968256365744932,-1.3499999999999999,0.9035099111236737,1.3658542281172175,3.4675796408026653,-0.091655841855412,-1.4411975498580945,-1.2603188316363263,-0.6032742929077676,-0.13682936861290373,0.9463215259388207,Software—Application,Technology,PCYG
2013Q3,2013,Q3,2013-05-09,2013-03-31,209294.0,3046988.0,243075.0,0.02,1905345.0,0.6253208086149338,15895835.0,10274440.0,7854534.0,5099546.0,5621395.0,0.0,-33023100.0,46920000.0,44809267.0,0.8058384313725491,1.5402418176049397,0.1437591041930166,0.2224131923491694,0.01935370450565706,0.8058384313725491,0.020370355951273258,15.398813516823827,56.0455627012719,4.56667224685725,0.5904517090790945,0.0,0.0026338022165387893,0.1916846771497062,1.4763237747046503,0.013166593639151387,-91.9706054731527,0.6253208086149338,3.0,1.7901219998479108,0.9145033140572737,2.339059441248216,0.22158094601846337,4.2773367156793665,9.260551892883845,0.43289568705112735,-0.13407233022925277,51.100683086630745,Software—Application,Technology,PCYG
2013Q2,2013,Q2,2013-02-14,2012-12-31,-63861.0,2658902.0,-29426.0,-0.01,1559737.0,0.5866094350224266,12068944.0,5731374.0,3849603.0,5719270.0,6337570.0,0.0,-32943674.0,36909000.0,38219447.0,0.4658517434772007,0.6730934192650461,0.2006680120481129,0.4225602796118348,-0.003604524409426249,0.4658517434772007,-0.011142354346444675,13.881293857389252,-144.48959458824635,6.4398170491055025,-1.935109065000548,0.0,0.003348180660543499,0.22030941563735817,0.6314160723309094,-0.0052913494337201335,102.44247689361347,0.5866094350224266,-1.5,0.9650857355546328,3.001160697254482,0.7744455208303955,-0.04447962223625794,-1.3124437355669498,-1.1187370120044386,0.186499099966431,-0.07814757752381442,44.146038432513095,Software—Application,Technology,PCYG
2013Q1,2013,Q1,2012-11-08,2012-09-30,204392.0,2712827.0,247825.0,0.02,1632343.0,0.6017128994956185,11748852.0,5680006.0,3547656.0,5466755.0,6068846.0,0.0,-32590513.0,40309500.0,41856659.0,0.4650025378632828,0.6489509773165251,0.22432370413722125,0.46400408731962606,0.02971012651065189,0.4650025378632828,0.03598446903049046,14.858853881946766,49.30415573995068,7.096735461194935,0.6046127049982387,0.0,0.0030657289224624473,0.2309014531802767,0.614193246267667,0.017396763530598564,181.80444616834822,0.6017128994956185,5.651162790697675,1.230576468760683,1.345521108568086,0.11658757780111191,0.24177119087611676,5.052421833178024,1.897097577574099,0.05329415467363536,-0.12465565354365075,28.23249373667553,Software—Application,Technology,PCYG
2012Q4,2012,Q4,2012-09-25,2012-06-30,-50437.0,2442498.0,-276252.0,-0.0043,1314528.0,0.5381900005649953,11936230.0,5310121.0,3568561.0,5914538.0,6626109.0,0.0,-32584925.0,46531000.0,48176300.0,0.4507742784380306,0.6033541419465054,0.23051465998895798,0.5181569308872622,-0.03409340822762705,0.4507742784380306,-0.00949827696958318,19.05057854704487,-230.63921327596805,8.76270051096764,-2.4501457263516864,0.0,0.002655820850615718,0.2046289322508028,0.5743533983550364,-0.004225538549441491,171.55297639676442,0.5381900005649953,0.8566666666666667,0.9532404712671279,0.9556118585680399,-0.0786924057672332,0.002518253908937132,0.856971900282727,0.2363476534964658,0.7693977016643451,-0.18228345747504332,9.771779147890259,Software—Application,Technology,PCYG
2012Q3,2012,Q3,2012-05-14,2012-03-31,-352637.0,2509647.0,-361751.0,-0.03,1311226.0,0.5224742762627572,10776136.0,4802178.0,2273073.0,5114581.0,5973958.0,0.0,-32325436.0,36105900.0,38380501.0,0.4056578813988849,0.4444299542816899,0.2696451678041183,0.6050864836746993,-0.04659168142119498,0.4056578813988849,-0.07343272156925462,14.386844046194545,-25.597072910670178,7.518650912148613,-0.35043968727047925,0.0,0.003422653915288083,0.23288932136713938,0.4022540653867834,-0.03272388173274725,224.3898649530474,0.5224742762627572,-0.4999999999999999,0.7082450201822776,2.8020777072831073,12.294823766837572,-0.09695738800517077,-1.005077556404658,-1.8156649387443764,0.8398153829631478,-0.16389918374579068,3.9650447017520754,Software—Application,Technology,PCYG
2012Q2,2012,Q2,2012-02-14,2011-12-31,-175872.0,2567122.0,-128478.0,-0.02,1452009.0,0.5656174502029899,11325460.0,5049367.0,2683611.0,5323876.0,6276093.0,0.0,-31764384.0,35678900.0,37992829.0,0.43164361429304154,0.5040709062344803,0.28751644524814,0.6448840022917725,-0.015315044476067845,0.43164361429304154,-0.034830504496900304,13.898404516809096,-50.71714087518195,7.066014413291804,-1.4053175036390102,0.0,0.006927231500971163,0.2266682324603151,0.4632688665175522,-0.015528905669173702,86.24925061401304,0.5656174502029899,0.0,0.8178516754725669,2.4955417546657155,23.74427204674862,0.009026982965478566,0.3712592190075111,0.37701897386910793,0.8467149354087607,3.5599663551512255,10.094021590554515,Software—Application,Technology,PCYG
2012Q1,2012,Q1,2011-11-14,2011-09-30,-279721.0,2579280.0,-206231.0,-0.02,1439019.0,0.5579149995347539,11612311.0,5064517.0,2783872.0,5271564.0,6547794.0,0.0,-31379645.0,47834900.0,50315344.0,0.43472248927038626,0.5280922322104028,0.2994053466187738,0.6864994233408636,-0.02382691183669442,0.43472248927038626,-0.05523152553343191,18.54583449644862,-42.752331787745646,9.445106018994506,0.0,0.0,0.0,0.22211599396537002,0.48434164889205555,-0.024088314548241088,-628.3318008669381,0.5579149995347539,-2.4184397163120566,0.6058611491616992,2.3748374738080003,3.292970323184455,-0.20882378005701452,-2.7689530001011837,-1.8556876836008165,0.8008283428503236,2.884114075592093,5.4996364931582455,Software—Application,Technology,PCYG
2011Q4,2011,Q4,2011-09-13,2011-06-30,158128.0,2952427.0,241012.0,0.0141,1818835.0,0.6160474077767206,13976151.0,5323937.0,4943820.0,7339321.0,8652214.0,0.0,-30891571.0,53257000.0,55674064.0,0.4748427577595433,0.6736072723893668,0.36027751846699424,0.9457837310997482,0.02293609456204661,0.4748427577595433,0.02970132817123869,18.038379949783685,84.19919305878781,10.00331145917016,0.7815061216229889,0.0,0.002320408584786976,0.21124750297846667,0.6373889355704704,0.011314130764614664,241.01352666186966,0.6160474077767206,1.7049999999999998,3.7981560135744705,0.7743444632185154,0.9498307536719911,0.3061829928020562,1.642660900947767,2.4570670277917164,1.1952105458597997,1.8457204175270427,1.7437764931180453,Software—Application,Technology,PCYG
2011Q3,2011,Q3,2011-05-10,2011-03-31,-246052.0,2486710.0,-165409.0,-0.02,1392481.0,0.5599691962472504,11676869.0,4715083.0,2748021.0,5943009.0,6961786.0,0.0,-30842771.0,62287500.0,65058755.0,0.4163428697571744,0.4623955642671919,0.346132768981137,0.8571953028186354,-0.018502984198930934,0.4163428697571744,-0.05218402305961528,25.048155997281548,-63.28692715360981,13.210265863824667,-0.5022434282184254,0.0,0.0019839935781657634,0.212960340652961,0.40487688980447445,-0.021071744489040683,247.59903961584635,0.5599691962472504,-2.0,0.6773316616141477,-0.08148757608168264,1.9419922475095341,-0.2424605434882543,-2.3332177399691147,-1.6143506585153877,-0.04577016987853516,0.7590674544000919,0.7251517623591294,Software—Application,Technology,PCYG
2011Q2,2011,Q2,2011-02-08,2010-12-31,184555.0,2747009.0,269242.0,0.02,1838163.0,0.66915070172686,11929624.0,4808303.0,2820702.0,5938963.0,7121321.0,0.0,-30391305.0,60702100.0,63677055.0,0.4317025498294128,0.4749485726716937,0.35256559636749657,0.874731688082053,0.029169084856553715,0.4317025498294128,0.038382564493127824,22.097524980806398,82.22765571238926,12.624433193997966,0.0,0.0,0.0,0.2302678609149794,0.43839741045701075,0.015470311553826005,126.13895169066063,0.66915070172686,1.6666666666666667,1.2648257911704144,0.2556881695786524,1.4206541067656784,0.09778366501814646,1.6109211401786867,2.322393689649414,1.1114542947822492,3.566122475152042,0.6443700524936484,Software—Application,Technology,PCYG
2011Q1,2011,Q1,2010-11-09,2010-09-30,-302093.0,2565986.0,-203602.0,-0.03,1674431.0,0.6525487668288136,11673935.0,4415865.0,2499193.0,5909792.0,7258070.0,0.0,-30368886.0,52012500.0,55609487.0,0.4032753424657534,0.4228901795528506,0.37417537445599963,0.9891830932331491,-0.022540307563682385,0.4032753424657534,-0.06841083230578833,20.26998588456835,-43.04345019580063,11.778553012829876,-0.4090727027769594,0.0,0.0023759288632540254,0.21980471880304284,0.38584589779132666,-0.025877563991918748,-830.870607028754,0.6525487668288136,-5.976744186046512,-1.0720928066058393,-0.6416083676958119,1.4135363361659967,0.043372303290200934,-5.483517191054642,-2.5314984617467635,0.6198358983655116,1.4748613949589309,-0.03163488117748373,Software—Application,Technology,PCYG
2010Q4,2010,Q4,2010-09-15,2010-06-30,-46594.0,2717865.0,132943.0,-0.0043,1604826.0,0.5904730367402354,12050576.0,4256881.0,2787811.0,4724344.0,7793695.0,0.0,-29859697.0,40720800.0,44131609.0,0.39724533407988055,0.5900948364471342,0.37908893317630626,1.073142519135489,0.014599408261800336,0.39724533407988055,-0.010945572591763783,14.982642625737482,-218.48735888741038,9.565876988339584,0.0,0.0,0.0,0.22553818174334572,0.5516907744228616,-0.003866537168015869,59.8229147231702,0.5904730367402354,-1.43,0.9788775528618338,0.5550086266588048,1.2830501332192168,-0.038175679927696535,-1.378170425861747,-0.5443693492998102,0.9525142327439998,1.3921527713439479,-0.18809665819998722,Software—Application,Technology,PCYG
2010Q3,2010,Q3,2010-05-10,2010-03-31,123209.0,2968174.0,291778.0,0.01,1668523.0,0.5621378665805981,12033347.0,166347.0,2591154.0,7556847.0,11867000.0,0.0,-29732402.0,39793500.0,48004272.0,0.01546694560669456,0.3428882442637783,0.740073730110168,53.536066174923505,0.03109201735913604,0.01546694560669456,0.7406746139094784,13.406727503171984,80.74389857883759,239.21982362170644,0.0,0.0,0.0,0.2466623791369101,0.3153657868155859,0.010238963440512436,-410.2591859458122,0.5621378665805981,2.0,1.0762943094264608,0.8998197269060598,1.012727258778093,0.10595110815635156,2.811417565938428,1.7571224734708533,1.11220203997339,3.9495489887944526,1.4306496504799768,Software—Application,Technology,PCYG
2010Q2,2010,Q2,2010-02-11,2009-12-31,-68018.0,2499120.0,105827.0,-0.01,1508677.0,0.6036832965203752,12012597.0,-115097.0,2584543.0,4936879.0,12127694.0,0.0,-29774156.0,35284600.0,43213447.0,-0.010797091932457786,0.523517590769391,0.7438525574444893,-77.6353944933404,0.011787970471204702,-0.010797091932457786,0.5909624056230831,14.118809821057011,-129.68846481813637,-306.5640286019618,0.0,0.0,0.0,0.20804160832166432,0.48088741895436365,-0.0056622227483366,123.57234413633212,0.6036832965203752,-1.5,0.9652475160797478,0.35766378317470177,0.9904841945600175,-0.09337202601119075,-1.4039217549318859,-0.6598788346269424,0.9226951488012431,2.7343026088160918,-1.6189508456601698,Software—Application,Technology,PCYG
2010Q1,2010,Q1,2009-11-09,2009-09-30,168394.0,2689401.0,311145.0,0.02,1664053.0,0.6187448431825525,11718642.0,-180998.0,1999155.0,4503203.0,11899640.0,0.0,-29623400.0,29150000.0,37364386.0,-0.017075283018867925,0.44394067955630695,0.7473477728904083,-48.38672803014398,0.03546939710745639,-0.017075283018867925,-0.9303638714239937,10.838844783652569,43.27648253500718,-161.05150333152852,0.0,0.0,0.0,0.22949766705049954,0.40389607130746713,0.014369753764984032,-15963.855421686747,0.6187448431825525,2.075268817204301,1.1923014414269215,0.3797768680589352,0.9828893709314518,0.3574764468206777,1.9283072122779068,25.627592211492797,1.2607779380977377,2.8674970788925256,-1.1686217876213496,Software—Application,Technology,PCYG
2009Q4,2009,Q4,2009-09-24,2009-06-30,-181399.0,2477312.0,-12634.0,-0.0186,1225843.0,0.49482786181151184,12046958.0,-502072.0,2131223.0,6647837.0,12549030.0,0.0,-29710303.0,14655000.0,22909781.0,-0.051389150460593655,0.3205889374243081,0.7396937882575834,-17.74856992622572,-0.001462042443436987,-0.051389150460593655,0.3613007696107331,5.9156860338948025,-20.197189620670457,-29.189040615688587,0.0,0.0,0.0,0.20563797101309725,0.2979089288741586,-0.015057660199363191,1077.3358817907815,0.49482786181151184,0.9021052631578947,0.7125724784628172,-0.15825918058058158,0.9528778814675835,0.013275108015239097,0.9011899755751603,0.9919975575892088,-2.6837195693348783,0.7085512050475395,-1.2110175301944548,Software—Application,Technology,PCYG
2009Q3,2009,Q3,2009-05-20,2009-03-31,-1835836.0,2503115.0,-1578768.0,-0.19,1209783.0,0.48331099450085196,11875448.0,-1350622.0,3113997.0,7456778.0,13226070.0,0.0,-29370571.0,10859200.0,17908844.0,-0.13681341166936792,0.41760623690285537,0.6868603188696545,-6.03927227603282,-0.22316827056209773,-0.13681341166936792,1.3592522556274071,4.3382745099605895,-1.478781329051179,-8.04014742837004,0.0,0.0,0.0,0.21078067960046645,0.3922274472969425,-0.1545908836449791,244.84126984126985,0.48331099450085196,-0.8999999999999999,-9.870938320991689,-0.1877626340967956,0.8891450049521259,1043.9163793103448,-0.9838404140934411,-0.7941136696550227,-1.7618265425766697,0.06065406543193686,0.6904542325342556,Software—Application,Technology,PCYG
2009Q2,2009,Q2,2009-02-20,2008-12-31,-925395.0,454062.0,-879971.0,-0.1,-1160.0,-0.0025547171972109535,7199848.0,-447828.0,3476861.0,4770648.0,7647676.0,0.0,-27357368.0,13114650.0,17945483.0,-0.04746454689984102,0.728802669993678,0.7261690802361384,-11.674810418285592,-0.17288958710641272,-0.04746454689984102,2.0664071920469467,28.88294990551951,-3.5429870487737665,-29.28501567566119,0.0,0.0,0.0,0.06306549804940327,0.1883955806422943,-0.1285297967401534,-90.18339728514255,-0.0025547171972109535,0.1666666666666666,-2.931290908461167,-0.8809792262890112,0.9677681505968998,0.97692277085903,0.17485073402479562,0.023926783222523187,-0.5675699170614932,-0.7549796324063752,0.9537502000229559,Software—Application,Technology,PCYG
2009Q1,2009,Q1,2008-11-14,2008-09-30,-1121488.0,530278.0,-901542.0,-0.12,-50266.0,-0.09479178845812951,4975791.0,622223.0,1263144.0,4187015.0,4353568.0,0.0,-26192295.0,24187800.0,27073211.0,0.06688412340105343,0.3016812693529877,0.6445777163872035,5.154557128232161,-0.22560772360775364,0.06688412340105343,-1.802389175584959,45.61343295403543,-5.391898977073317,38.87320140849824,0.0,0.0,0.0,0.10657159836496348,0.2853412275809855,-0.22538888791751904,-30.4858005676748,-0.09479178845812951,-0.6620498614958448,0.25492230743150035,-0.7913689757823217,1.039875860814734,-1.2428379566557484,-0.6964892960439534,-0.38662716924368895,-1.315019182584539,-0.9128237292834701,1.0685859323057791,Software—Application,Technology,PCYG
2008Q4,2008,Q4,2008-09-29,2008-06-30,-661064.0,846691.0,-650169.0,-0.0722,206994.0,0.24447407613875663,5185740.0,1583515.0,3983178.0,3401779.0,3602225.0,0.0,-24982411.0,28822500.0,30240915.0,0.17306174863387977,1.1709102795919428,0.4404343449536614,1.4423469307205805,-0.15982761786742622,0.17306174863387977,-0.4174662065089374,34.04134448104444,-10.900041448331779,18.20159581690101,0.0,0.0,0.0,0.1632729369386047,0.5840297091610007,-0.12747727421737304,457.3330371451692,0.24447407613875663,-2.61,0.9201311326493684,-0.7619337981119542,1.086440953062107,-0.6102842747970878,-2.455242993487419,-0.09473937663221098,0.6490305181153793,-0.4326625190455478,1.1233120865206185,Software—Application,Technology,PCYG
2008Q3,2008,Q3,2008-05-14,2008-03-31,-191322.0,1149521.0,-593903.0,-0.02,531141.0,0.4620541947472034,5999696.0,2222472.0,4669683.0,3543993.0,3777224.0,0.0,-24245924.0,21180700.0,22660598.0,0.24133695298077967,1.317633245889594,0.41977226846160204,1.133200328283101,-0.11939647087607295,0.24133695298077967,-0.08608522402082006,18.425674694068224,-27.67677005258151,9.530243800596812,0.0,0.0,0.0,0.19159654089140515,0.7428567155747768,-0.03188861568986162,-22.266176084099868,0.4620541947472034,0.8666666666666667,0.7708028189074319,-0.6312157625515604,1.1991560033290463,0.07410358404601039,0.8594325489743724,0.5678970757715097,0.861639358295601,-0.14071369998420008,1.1985885210570213,Software—Application,Technology,PCYG
2008Q2,2008,Q2,2008-02-14,2007-12-31,-1361069.0,494497.0,-1374448.0,-0.15,494497.0,1.0,5680641.0,2403496.0,4102839.0,3087772.0,3277145.0,0.0,-23956314.0,29753750.0,30528012.0,0.2625336974330967,1.3287376788182548,0.3871869389387571,0.9151128189936659,-0.2868010798067499,0.2625336974330967,-0.5662871916574856,60.16972802666144,-5.465143574646106,12.379363227565179,0.0,0.0,0.0,0.08704950726511322,0.6648191641092671,-0.2395977848274517,-42.1532570089552,1.0,-1.1428571428571426,0.398484393013111,-0.7839575110041795,1.2234191897232827,-0.42114264442842025,-1.07884390980016,-0.5647194498172243,0.19026857942932893,-0.6871993548555594,1.2313789307195333,Software—Application,Technology,PCYG
2008Q1,2008,Q1,2007-11-14,2007-09-30,-654724.0,854264.0,-878399.0,-0.07,854264.0,1.0,7177784.0,3757209.0,5527956.0,3212926.0,3420575.0,0.0,-22520611.0,28870400.0,28938815.0,0.4164496785635114,1.7205363584470978,0.308939639309291,0.5901992675946427,-0.14208150285651433,0.4164496785635114,-0.17425807294723292,33.79564162834908,-11.023881818903844,7.684001608640883,0.0,0.0,0.0,0.1190150051882308,1.0773074138651186,-0.09121533888453595,-20.807660457127948,1.0,0.23580786026200867,-2.249412656081282,-0.7678983216384654,1.308844753382867,-0.09834025553204177,0.19983183274201846,-0.14633391972521365,0.12154963045895659,-0.4850697030972478,1.4173117346132746,Software—Application,Technology,PCYG
2007Q4,2007,Q4,2007-09-28,2007-06-30,-818233.0,947435.0,-766268.0,-0.0916,947435.0,1.0,7774886.0,4372176.0,6350648.0,3177296.0,3402710.0,0.0,-21783395.0,24663359.999999996,23626534.999999996,0.48927663384064457,1.9987586929263121,0.2876696841599993,0.5115528286144017,-0.11212274053292937,0.48927663384064457,-0.1871454854516378,26.031717215429023,-7.535555275819967,5.640980600963913,0.0,0.0,0.0,0.12185837837365075,1.3564760727360623,-0.10524051413744201,-31.444129252698072,1.0,0.08400000000000005,0.9177304977994201,2.5819973117449733,1.2931321085696903,9.084030483002321,0.10298485046148044,0.1743335560200849,-0.41749604556641123,-0.6480357850449069,1.4486501786531822,Software—Application,Technology,PCYG
2007Q3,2007,Q3,2007-05-15,2007-03-31,-912173.0,498149.0,-928060.0,-0.1,93954.0,0.1886062202272814,3081832.0,-320868.0,1680500.0,1282183.0,3402700.0,0.0,-20965162.0,17868000.0,19375889.0,-0.03591537944929483,1.3106553432700325,0.7435463711195159,-7.1415192540234615,-0.42098740566953535,-0.03591537944929483,2.8428294501165587,35.868786246685225,-4.897097370783832,-55.68645050301058,0.0,0.0,0.0,0.16164054367661831,1.1140125863468788,-0.29598401210708436,-24.655243309774615,0.1886062202272814,-0.25000000000000006,-3.6188050485401364,-0.8841980122908158,0.9687612259733721,-0.6649226983362756,-0.23742025104557102,-0.2606701767540928,-5.870483645534933,-0.8213838914120671,0.970899057611283,Software—Application,Technology,PCYG
2007Q2,2007,Q2,2007-02-14,2006-12-31,-737157.0,560687.0,-736164.0,-0.08,280395.0,0.5000918516034794,3274844.0,155794.0,2051969.0,1245738.0,3119050.0,0.0,-20453828.0,,,,,,,,,,,,,,,,,,,,,,,,,,,,,,,Software—Application,Technology,PCYG
2007Q1,2007,Q1,2006-11-14,2006-09-30,-544064.0,585895.0,-574599.0,-0.06,226165.0,0.38601626571313974,4024707.0,904387.0,3174508.0,1258631.0,3120320.0,0.0,-19716671.0,,,,,,,,,,,,,,,,,,,,,,,,,,,,,,,Software—Application,Technology,PCYG
