Quarters,Year,Quarter,FillingDate,Date,NetIncome,Revenue,OperatingIncome,EPSDiluted,GrossProfit,GrossProfitRatio,TotalAssets,CommonStockEquity,CurrentAssets,CurrentLiability,TotalLiability,Inventory,RetainedEarnings,MarketCap,EnterpriseValue,bookValuePerShare,currentRatio,debtToAssets,debtToEquity,roic,shareholdersEquityPerShare,roe,priceToSalesRatio,peRatio,pbRatio,payoutRatio,inventoryTurnover,dividendYield,assetTurnover,quickRatio,returnOnAssets,priceToFreeCashFlowsRatio,grossProfitMargin,epsdilutedGrowth,fiveYNetIncomeGrowthPerShare,fiveYRevenueGrowthPerShare,fiveYShareholdersEquityGrowthPerShare,grossProfitGrowth,netIncomeGrowth,operatingIncomeGrowth,threeYNetIncomeGrowthPerShare,threeYRevenueGrowthPerShare,threeYShareholdersEquityGrowthPerShare,Industry,Sector,Symbol
2023Q1,2023,Q1,2023-05-15,2023-03-31,1787443.0,0.0,-336090.0,0.3,-336090.0,0.0,242304497.0,230394044.0,124898.0,2755852.0,11910453.0,0.0,-10966653.0,246653515.85,246872880.85,9.4809090336346,0.04532101143312486,0.0009327107123397714,0.0009809281354512794,-0.001153343638511459,9.4809090336346,0.007758199686793987,0.0,34.49809530289917,1.070572448695766,0.0,0.0,0.0,0.0,87.88071130089715,0.007376846167242204,-1375.7161031507437,0.0,23.388059701492537,61.08212011948858,0.0,48505.011259138744,0.8679446411865455,6.474741874917685,0.772978121221537,61.08212011948858,0.0,48505.011259138744,Shell Companies,Financial Services,THCPU
2022Q4,2022,Q4,2023-03-31,2022-12-31,-326489.0,0.0,-1480430.0,-0.0134,-2545069.0,0.0,239923284.0,228606601.0,153239.0,2110888.0,11316683.0,0.0,-10800737.0,241793357.99999997,241967335.99999997,9.407353861018796,0.0725945668363267,0.0008586077873125478,0.0009011113375505723,-0.11703056096534444,9.407353861018796,-0.0014281696091531495,0.0,-185.14663434296406,1.0576831856224482,0.0,0.0,0.0,0.0,113.60245877564324,-0.00136080581491207,-933.4713812513029,0.0,-1.0957142857142856,-5.630458523025429,0.0,20.559831033950214,-7.006659976279536,-1.0968889152675663,-3.6573588490856297,-5.630458523025429,0.0,20.559831033950214,Shell Companies,Financial Services,THCPU
2022Q3,2022,Q3,2022-11-14,2022-09-30,3369725.0,0.0,-317869.0,0.14,-317869.0,0.0,238148677.0,228933090.0,357812.0,547003.0,9215587.0,0.0,-8858431.0,236204164.8,236294647.8,9.420789157905652,0.6541316958042278,0.0008650058551448514,0.0008998262330709816,-0.00306344021649513,9.420789157905652,0.014719257054539385,0.0,17.523994153825612,1.0317606982896184,0.0,0.0,0.0,0.0,434.92701502551176,0.014149669200135846,-813.4116361958353,0.0,-0.1764705882352941,8.222474660333804,0.0,20.05029015664248,0.359918406305187,-0.20653206908114097,0.359918406305187,8.222474660333804,0.0,20.05029015664248,Shell Companies,Financial Services,THCPU
2022Q2,2022,Q2,2022-07-27,2022-06-30,4246832.0,0.0,-496607.0,0.17,-496607.0,0.0,237412216.0,227407163.0,688278.0,559837.0,10005053.0,0.0,-9317431.0,238148232.00000003,237948328.00000003,9.35799597873983,1.2294257078399606,0.0008424166345340882,0.0008794797725874624,-0.005401503821951797,9.35799597873983,0.018675014207885792,0.0,14.019169583350601,1.0472327646073314,0.0,0.0,0.0,0.0,423.55871798398465,0.017888009604358355,-1177.8437707107178,0.0,1.132998745294856,0.0,0.0,36391.968634981604,0.0,1.1920422672611446,-0.9851416282249102,0.0,0.0,36391.968634981604,Shell Companies,Financial Services,THCPU
2022Q1,2022,Q1,2022-05-16,2022-03-31,1937386.0,0.0,-250162.0,0.0797,0.0,0.0,237311024.0,225691716.0,751546.0,281369.0,11619308.0,0.0,-10868418.0,243980433.6,243578339.6,9.287403892211133,2.6710334116409413,0.0,0.0,-0.002545535335888172,9.287403892211133,0.00858421405241121,0.0,31.483198701755867,1.0810340668418685,0.0,0.0,0.0,0.0,1.4290629031627506,0.008163910666029573,-1552.1272439261788,0.0,26.482758620689655,66.12221848739496,0.0,47515.04547368421,0.0,26.47714476166163,0.37820297722465396,66.12221848739496,0.0,47515.04547368421,Shell Companies,Financial Services,THCPU
2021Q4,2021,Q4,2022-03-30,2021-12-31,70509.0,0.0,-402321.0,0.0029,0.0,0.0,237468887.0,-11687555.0,933228.0,212900.0,12620783.0,0.0,-11688211.0,239120265.6,238560980.6,-0.48095271603779954,4.3834100516674495,0.0,0.0,-0.014629567840035431,-0.48095271603779954,-0.006032827225198084,0.0,847.835969876186,-20.459391686285112,0.0,0.0,0.0,0.0,2.626984499765148,0.00029691889700059947,-332.6632204323771,0.0,1.1510416666666667,0.0,0.0,0.0,0.0,1.151124933288466,0.1480672108757107,0.0,0.0,0.0,Shell Companies,Financial Services,THCPU
2021Q3,2021,Q3,2021-11-15,2021-09-30,-466561.0,0.0,-472245.0,-0.0192,0.0,0.0,237667213.0,-12017302.0,1136551.0,13915.0,13153853.0,0.0,-12017958.0,239363274.0,238677129.0,-0.494522082364231,81.67811713977721,0.0,0.0,0.039059165952042,-0.494522082364231,0.038824105443967374,0.0,-128.25936694237197,-19.918220745388606,0.0,0.0,0.0,0.0,49.3097376931369,-0.0019630852489527025,-357173.32278858783,0.0,0.0,0.0,0.0,0.0,0.0,0.0,0.0,0.0,0.0,0.0,Shell Companies,Financial Services,THCPU
2021Q2,2021,Q2,2021-08-16,2021-06-30,0.0,0.0,0.0,0.0,0.0,0.0,426059.0,-6249.0,52458.0,432308.0,432308.0,0.0,-31249.0,241307341.2,241359883.2,-0.0002571516046358891,0.12134404174801298,0.24644474122128626,-16.802688430148823,,-0.0002571516046358891,0.0,0.0,0.0,-38615.35304848776,0.0,0.0,0.0,0.0,0.12134404174801298,0.0,-3111.9566325346264,0.0,1.0,0.0,0.0,0.0,0.0,1.0,1.0,0.0,0.0,0.0,Shell Companies,Financial Services,THCPU
2021Q1,2021,Q1,2021-03-31,2021-03-31,-29750.0,0.0,-29750.0,-0.0012,0.0,0.0,105000.0,-4750.0,25000.0,109750.0,,0.0,-29750.0,241307341.2,241282341.2,-0.0001954664941623417,0.22779043280182232,0.0,0.0,6.2631578947368425,-0.0001954664941623417,6.2631578947368425,0.0,-2027.7927831932773,-50801.545515789476,0.0,0.0,0.0,0.0,0.22779043280182232,-0.2833333333333333,0.0,0.0,0.0,0.0,0.0,0.0,0.0,0.0,0.0,0.0,0.0,0.0,Shell Companies,Financial Services,THCPU
