Quarters,Year,Quarter,FillingDate,Date,NetIncome,Revenue,OperatingIncome,EPSDiluted,GrossProfit,GrossProfitRatio,TotalAssets,CommonStockEquity,CurrentAssets,CurrentLiability,TotalLiability,Inventory,RetainedEarnings,MarketCap,EnterpriseValue,bookValuePerShare,currentRatio,debtToAssets,debtToEquity,roic,shareholdersEquityPerShare,roe,priceToSalesRatio,peRatio,pbRatio,payoutRatio,inventoryTurnover,dividendYield,assetTurnover,quickRatio,returnOnAssets,priceToFreeCashFlowsRatio,grossProfitMargin,epsdilutedGrowth,fiveYNetIncomeGrowthPerShare,fiveYRevenueGrowthPerShare,fiveYShareholdersEquityGrowthPerShare,grossProfitGrowth,netIncomeGrowth,operatingIncomeGrowth,threeYNetIncomeGrowthPerShare,threeYRevenueGrowthPerShare,threeYShareholdersEquityGrowthPerShare,Industry,Sector,Symbol
2023Q1,2023,Q1,2023-05-04,2023-03-26,7150000.0,119172000.0,10896000.0,0.16,42668000.0,0.3580371228,226779000.0,167530000.0,162554000.0,50520000.0,59249000.0,33942000.0,11309000.0,622882262.88,606997262.88,4.109698658240913,3.2176167854315123,0.04388854347183822,0.05941025487972303,0.04297380817813771,4.109698658240913,0.04267892317793828,5.226750099687846,21.7791001006993,3.7180341603294935,0.0,2.253962642154263,0.0,0.5254983927083196,2.4400237529691213,0.0315284924971007,172.97480224382116,0.35803712281408384,3.0,0.9578878198109991,2.0290326870649005,0.0,0.2808213009936061,2.8337801608579087,6.135559921414538,2.0782627007619716,1.0973850201843913,3.1262777952511405,Farm Products,Consumer Defensive,VITL
2022Q4,2022,Q4,2023-03-09,2022-12-25,1865000.0,110081000.0,1527000.0,0.04,33313000.0,0.3026226143,214666000.0,158332000.0,149614000.0,47652000.0,56334000.0,26849000.0,4159000.0,630626685.84,628405685.84,3.8865772968920194,3.1397213128515067,0.049812266497722045,0.06753530556046788,0.004285084490670501,3.8865772968920194,0.011779046560392088,5.7287514270400886,84.53440828954423,3.982938924790946,0.0,2.859249878952661,0.0,0.5128012819915589,2.4963275413413917,0.008687915179860808,-75.17304635117416,0.30262261425677456,1.0,1.3614045504084153,1.226856604534267,3.199047655506742,0.12959886066935675,1.5795297372060857,-0.24555335968379446,1.3614045504084153,1.226856604534267,3.199047655506742,Farm Products,Consumer Defensive,VITL
2022Q3,2022,Q3,2022-11-03,2022-09-25,723000.0,92040000.0,2024000.0,0.02,29491000.0,0.3204150369,206594000.0,154561000.0,151085000.0,50813000.0,52033000.0,25471000.0,2294000.0,472469112.53999996,456091112.53999996,3.798032849921123,2.973353275736524,0.011907412606368045,0.015916046091834293,0.0041467921496825925,3.798032849921123,0.004677764766014713,5.133301961538461,163.37106242738588,3.056845598436863,0.0,2.4556947116328374,0.0,0.44551148629679466,2.3624269379883103,0.0034996176074813404,-166.12837993670885,0.3204150369404607,3.25531914893617,-0.2684493200655852,1.2652293990575239,0.0,0.1825253618829945,2.6331658291457285,1.8072122052704578,-0.2684493200655852,1.2652293990575239,0.0,Farm Products,Consumer Defensive,VITL
2022Q2,2022,Q2,2022-08-04,2022-06-26,199000.0,82870000.0,721000.0,0.0047,24939000.0,0.3009412333,200180000.0,152446000.0,143346000.0,46028000.0,47615000.0,19100000.0,1571000.0,368499733.12,349307733.12,3.7522014148914886,3.1143217172156077,0.014437006693975423,0.018957532503312648,0.0010033262142630265,3.7522014148914886,0.001305380265799037,4.446720563774587,462.93936321608044,2.417247636015376,0.0,3.03303664921466,0.0,0.4139774203217105,2.6385895541844095,0.0009941053052252972,-462.35851081555836,0.3009412332569084,1.1240105540897098,-0.9402659252451842,1.156594589337194,0.0,0.1492626728110599,1.1293888166449935,1.176456191874694,-0.9402659252451842,1.156594589337194,0.0,Farm Products,Consumer Defensive,VITL
2022Q1,2022,Q1,2022-05-05,2022-03-27,-1538000.0,77058000.0,-4086000.0,-0.0379,21700000.0,0.281606063,191261000.0,150863000.0,134062000.0,38325000.0,40272000.0,13336000.0,1372000.0,513955637.71999997,492538637.71999997,3.721999915179761,3.498030006523157,0.017551931653604236,0.02225197695922791,-0.010186619947671631,3.721999915179761,-0.01019467994140379,6.669724593423135,-83.5428539856957,3.4067706311023906,0.0,4.151019796040792,0.0,0.402894474043323,3.0688584474885845,-0.00804136755533015,-77.57820946716981,0.2816060629655584,0.5848849945235487,-1.4235594028977587,0.9698070799059869,0.0,0.09612567560741526,0.5792065663474693,0.036775106082036775,-1.4235594028977587,0.9698070799059869,0.0,Farm Products,Consumer Defensive,VITL
2021Q4,2021,Q4,2022-03-10,2021-12-26,-3655000.0,77405000.0,-4242000.0,-0.0913,19797000.0,0.2557586719,189942000.0,151470000.0,141208000.0,37990000.0,38182000.0,10945000.0,2746000.0,718489640.1,687850640.1,3.7841693856874303,3.7169781521453014,0.001721578165966453,0.0021588433353139235,-0.024278277710534507,3.7841693856874303,-0.024130190796857465,9.282212261481817,-49.14429822845417,4.743445171321054,0.0,5.263407948835084,0.0,0.4075191374208969,3.335719926296394,-0.0192427161975761,467.15841358907676,0.25575867192041857,-1.7666666666666668,0.27914570190426635,0.5936547138703941,3.0884064237492153,-0.0021170421896264933,-1.7543330821401657,-1.3501385041551246,0.27914570190426635,0.5936547138703941,3.0884064237492153,Farm Products,Consumer Defensive,VITL
2021Q3,2021,Q3,2021-11-09,2021-09-26,-1327000.0,64627000.0,-1805000.0,-0.033,19839000.0,0.3069769601,186935000.0,153283000.0,140652000.0,32315000.0,33355000.0,14578000.0,6395000.0,754888579.8000001,727491579.8000001,3.8133504957283497,4.352529784929599,0.002391205499237703,0.002916174657333168,-0.008569011667491244,3.8133504957283497,-0.008657189642687056,11.68069970445789,-142.21714012810853,4.92480301011854,0.0,3.072300727123062,0.0,0.3457191002220023,3.7533653102274487,-0.007098724155455104,-82.70032644609992,0.3069769600940783,-1.3666666666666667,-2.359349020975185,0.6102878298928806,0.0,-0.09543133321174539,-1.3396467878167393,-1.5986733001658375,-2.359349020975185,0.6102878298928806,0.0,Farm Products,Consumer Defensive,VITL
2021Q2,2021,Q2,2021-08-10,2021-06-27,3907000.0,60323000.0,3015000.0,0.09,21932000.0,0.3635760821,181708000.0,152895000.0,141474000.0,26895000.0,28510000.0,13719000.0,21437000.0,834002835.6,797218835.6,3.8223620039691864,5.260234244283324,0.003109384286877848,0.00369534647961019,0.0238421368722223,3.8223620039691864,0.025553484417410642,13.82561934253933,53.36593521883798,5.454742376140489,0.0,2.7983818062541,0.0,0.33197767847315474,4.679010968581521,0.021501529927135846,318.9303386615679,0.3635760820914079,0.12499999999999993,0.19118961529114237,0.5944926694938566,0.0,0.02822315986872949,0.11916356344886853,-0.02237354085603113,0.19118961529114237,0.5944926694938566,0.0,Farm Products,Consumer Defensive,VITL
2021Q1,2021,Q1,2021-05-11,2021-03-28,3491000.0,58545000.0,3084000.0,0.08,21330000.0,0.3643351268,173824000.0,146895000.0,136904000.0,23521000.0,26602000.0,11280000.0,17530000.0,781645066.56,747226066.56,3.7153872956442138,5.820500829046384,0.0039235088365243,0.004642772048061541,0.022792504702311152,3.7153872956442138,0.023765274515810612,13.351183987701766,55.97572805499856,5.321114173797611,0.0,3.2992021276595747,0.0,0.33680619477172313,5.235831809872029,0.020083532768777616,170.33015178906078,0.36433512682551883,5.878048780487805,-0.014375932701558047,0.5342609460871205,0.0,0.2102127659574468,6.387345679012346,2.434418604651163,-0.014375932701558047,0.5342609460871205,0.0,Farm Products,Consumer Defensive,VITL
2020Q4,2020,Q4,2021-03-24,2020-12-27,-648000.0,53993000.0,-2150000.0,-0.0164,17625000.0,0.326431204,171374000.0,142048000.0,137256000.0,25914000.0,28988000.0,12902000.0,14039000.0,1032580066.98,1003834066.98,3.6014801746817273,5.296596434359805,0.004656482313536475,0.00561781932867763,-0.004455203504371235,3.6014801746817273,-0.004561838251858527,19.124332172318635,-398.3719394212963,7.269233406876548,0.0,2.81878778483956,0.0,0.31505946059495604,4.645712742147102,-0.0037812036831724764,-149.36786734847388,0.3264312040449688,-1.4100000000000001,0.8703008650627273,0.12814425996032372,2.891029491667273,-0.039509536784741145,-1.3864042933810377,-2.2092238470191226,0.8703008650627273,0.12814425996032372,2.891029491667273,Farm Products,Consumer Defensive,VITL
2020Q3,2020,Q3,2020-11-10,2020-09-27,1677000.0,53367000.0,1778000.0,0.04,18350000.0,0.3438454476,177593000.0,141819000.0,145901000.0,26056000.0,35574000.0,11728000.0,14825000.0,1352607611.62,1248484611.62,4.165634454216676,5.599516426159042,0.04783972341252189,0.05990734668838449,0.008562839409215438,4.165634454216676,0.011824931779239736,25.34539343826709,201.64096774299344,9.53756274984311,0.0,2.9857605729877217,0.0,0.3005017089637542,5.008136321768498,0.00944293975550838,-336.05158052670805,0.343845447561227,-0.7333333333333333,1.0282763365114926,0.5699879153349007,0.0,-0.19155872764120188,-0.7188128772635815,-0.8037960715073935,1.0282763365114926,0.5699879153349007,0.0,Farm Products,Consumer Defensive,VITL
2020Q2,2020,Q2,2020-09-10,2020-06-28,5964000.0,59341000.0,9062000.0,0.15,22698000.0,0.3825011375,77937000.0,17664000.0,46231000.0,25361000.0,37022000.0,9922000.0,13148000.0,1381337544.4199998,1375043544.4199998,0.45089098064117034,1.8229170774023107,0.1385734631818007,0.6114130434782609,0.20766608598025588,0.45089098064117034,0.3376358695652174,23.277962023221715,57.903149917002004,78.20072149116848,0.0,3.693106228582947,0.0,0.761397025802892,1.3055478884902014,0.07652334577928327,87.63719987438141,0.3825011374934699,1.862595419847328,0.8566031461696519,0.6015423070865042,0.0,0.4315988647114475,2.066323907455013,2.121598346538064,0.8566031461696519,0.6015423070865042,0.0,Farm Products,Consumer Defensive,VITL
2020Q1,2020,Q1,2020-03-31,2020-03-31,1945000.0,47579000.0,2903000.0,0.0524,15855000.0,0.3332352508,67422000.0,33998000.0,36918000.0,27139000.0,33181000.0,12148000.0,7184000.0,1203605494.78,1213246494.78,0.995982059901709,1.3603301521795204,0.16837234137225238,0.333901994234955,0.04368035829333282,0.995982059901709,0.05720924760280016,25.296990159103807,154.70507644987146,35.4022440961233,0.0,2.611458676325321,0.0,0.7056895375396754,0.8139577729466819,0.028848150455340987,-351.7257436528346,0.33323525084596145,1.4366666666666668,-0.3639633747547416,0.44419487023827586,0.0,0.6223268187864525,1.4498149861239593,1.4833499833499832,-0.3639633747547416,0.44419487023827586,0.0,Farm Products,Consumer Defensive,VITL
2019Q4,2019,Q4,2019-12-31,2019-12-31,-4324000.0,41421000.0,-6006000.0,-0.12,9773000.0,0.2359431206,61948000.0,31595000.0,34650000.0,24997000.0,30099000.0,12947000.0,5239000.0,1203605494.78,1208633494.78,0.9255854221599651,1.3861663399607953,0.10173048363143282,0.1994619401804083,-0.10953661899105625,0.9255854221599651,-0.13685709764203197,29.05785699958958,-69.58866181660498,38.094809140053805,0.0,2.4444272804510696,0.0,0.6686414412087557,0.7599711965435852,-0.06980047782010719,-168.0074671663875,0.23594312063928924,-6.38116591928251,0.0,0.0,0.0,-0.07784487639177204,-6.215922798552473,-6.072635135135135,0.0,0.0,0.0,Farm Products,Consumer Defensive,VITL
2019Q3,2019,Q3,2019-09-30,2019-09-30,829000.0,34082000.0,1184000.0,0.0223,10598000.0,0.3109559298,,,,,,,,1203605494.78,,,0.0,0.0,0.0,0.0,,0.0,35.314990164309606,362.96908768998793,0.0,0.0,0.0,0.0,0.0,0.0,0.0,-338.66221012380413,0.31095592981632536,-0.7042440318302386,0.0,0.0,0.0,-0.03654545454545455,-0.7038227938549482,-0.6971092350984907,0.0,0.0,0.0,Farm Products,Consumer Defensive,VITL
2019Q2,2019,Q2,2019-06-30,2019-06-30,2799000.0,32285000.0,3909000.0,0.0754,11000000.0,0.3407155026,,,,,,,,1203605494.78,,,0.0,0.0,0.0,0.0,,0.0,37.280641002942545,107.50317030903895,0.0,0.0,0.0,0.0,0.0,0.0,0.0,-650.9494293023256,0.34071550255536626,-0.08495145631067968,0.0,0.0,0.0,-0.04397705544933078,-0.08469587965990844,-0.08304011259676285,0.0,0.0,0.0,Farm Products,Consumer Defensive,VITL
2019Q1,2019,Q1,2019-03-31,2019-03-31,3058000.0,32945000.0,4263000.0,0.0824,11506000.0,0.3492487479,,,,,,,,1203605494.78,,,0.0,0.0,0.0,0.0,,0.0,36.53378342024586,98.39809473348593,0.0,0.0,0.0,0.0,0.0,0.0,0.0,498.18108227649003,0.34924874791318866,0.0,0.0,0.0,0.0,0.0,0.0,0.0,0.0,0.0,0.0,Farm Products,Consumer Defensive,VITL
