Quarters,Year,Quarter,FillingDate,Date,NetIncome,Revenue,OperatingIncome,EPSDiluted,GrossProfit,GrossProfitRatio,TotalAssets,CommonStockEquity,CurrentAssets,CurrentLiability,TotalLiability,Inventory,RetainedEarnings,MarketCap,EnterpriseValue,bookValuePerShare,currentRatio,debtToAssets,debtToEquity,roic,shareholdersEquityPerShare,roe,priceToSalesRatio,peRatio,pbRatio,payoutRatio,inventoryTurnover,dividendYield,assetTurnover,quickRatio,returnOnAssets,priceToFreeCashFlowsRatio,grossProfitMargin,epsdilutedGrowth,fiveYNetIncomeGrowthPerShare,fiveYRevenueGrowthPerShare,fiveYShareholdersEquityGrowthPerShare,grossProfitGrowth,netIncomeGrowth,operatingIncomeGrowth,threeYNetIncomeGrowthPerShare,threeYRevenueGrowthPerShare,threeYShareholdersEquityGrowthPerShare,Industry,Sector,Symbol
2023Q1,2023,Q1,2023-05-15,2023-03-31,-3507000.0,27821000.0,-2011000.0,-0.45,5722000.0,0.2056719744,68470000.0,-12840000.0,40125000.0,79739000.0,81310000.0,8885000.0,-87975000.0,37586869.5,52694869.5,-1.656801985065556,0.5032042037146189,0.2678253249598364,-1.4281931464174455,-0.25316800264203637,-1.656801985065556,0.2731308411214953,1.3510251069336112,-2.6794175577416595,-2.9273262850467288,0.0,2.4872256612267867,0.0,0.4063239374908719,0.3621690766124481,-0.05121951219512195,-23.059429141104296,0.20567197440782142,0.15094339622641512,0.11485873085699214,-0.5610342458696855,-7.864944137637434,0.4255107125062282,0.13364624505928854,0.4197922677437969,0.5140546591274532,0.03645556543410258,-41.3122374955967,Software—Application,Technology,OMQS
2022Q4,2022,Q4,2023-03-31,2022-12-31,-4048000.0,25006000.0,-3466000.0,-0.53,4014000.0,0.1605214748,64811000.0,-10526000.0,35671000.0,73541000.0,75337000.0,8726000.0,-84460000.0,33071134.41,47997134.41,-1.389307951471629,0.4850491562529745,0.25052845967505516,-1.5425612768383052,-0.42225717899635323,-1.389307951471629,0.38457153714611436,1.3225279696872752,-2.0424366606966404,-3.1418520245107353,-0.008152173913043478,2.405684162273665,0.0009978490483840649,0.38582956596873985,0.34272038726696674,-0.06245853327367268,11.086535169292658,0.16052147484603696,-0.06000000000000005,-0.3247085217410589,-0.5485887672184421,-1.0661660411343121,-0.32831325301204817,-0.06246719160104987,-0.3039879608728367,0.2525955860655361,0.1579078079329994,-4.061400008025818,Software—Application,Technology,OMQS
2022Q3,2022,Q3,2022-11-14,2022-09-30,-3810000.0,27008000.0,-2658000.0,-0.5,5976000.0,0.2212677725,70345000.0,-7564000.0,40736000.0,73210000.0,77909000.0,8038000.0,-80401000.0,45242755.47,62852755.47,-0.9981063162685392,0.5564267176615216,0.3042291563010875,-2.829323109465891,-0.16379787977807095,-0.9981063162685392,0.5037017451084083,1.6751612659212085,-2.968684742125984,-5.981326741142253,0.0,2.6165712863896493,0.0,0.3839363138815836,0.41488867641032645,-0.05416163195678442,-12.26755842462039,0.22126777251184834,-0.19047619047619052,0.002942349901122723,-0.5077588883137092,0.8887307572189531,-0.001837314180724904,-0.1958568738229755,-0.3177987109568666,0.09333379123314865,0.055561306814325015,-1.7471657853550657,Software—Application,Technology,OMQS
2022Q2,2022,Q2,2022-08-15,2022-06-30,-3186000.0,24209000.0,-2017000.0,-0.42,5987000.0,0.2473047214,69754000.0,-4899000.0,39321000.0,69919000.0,74653000.0,8905000.0,-76582000.0,41688872.5,56417872.5,-0.646323548328154,0.5623793246470916,0.2529747397998681,-3.6019595835884877,-0.12497185967596972,-0.646323548328154,0.6503368034292712,1.722040253624685,-3.2712549042686754,-8.50966983057767,-0.032015065913371,2.0462661426165076,0.0024466960578029546,0.3470625340482266,0.4073999914186416,-0.045674800011468876,18.340902991641002,0.24730472138460902,-0.23529411764705868,-0.6775244207759682,-0.5760992856123961,0.9255367560638372,-0.023009138381201045,-0.24017127286882056,-0.4315117104329312,-0.7400693457778663,-0.06680244636313377,-1.4835266310790598,Software—Application,Technology,OMQS
2022Q1,2022,Q1,2022-05-16,2022-03-31,-2569000.0,26322000.0,-1409000.0,-0.34,6128000.0,0.2328090571,76934000.0,-1985000.0,45681000.0,70988000.0,76476000.0,7517000.0,-73255000.0,50551560.480000004,65570560.480000004,-0.26426582825836437,0.6435031272891193,0.28519250266462165,-11.053400503778338,-0.06255918952989539,-0.26426582825836437,1.2942065491183878,1.920506058810121,-4.919381128843908,-25.46678109823678,-0.5239392759828727,2.686444060130371,0.026626279925276008,0.34213741648685886,0.5171437426043839,-0.0333922582993215,-61.950441764705886,0.23280905706253324,-0.09677419354838718,-0.814681417830459,-0.5735218929157267,0.9693895195878806,0.010554089709762533,-0.1598194130925508,0.09563543003851091,0.07396250298555496,-0.32787744155465204,-1.4874885525700732,Software—Application,Technology,OMQS
2021Q4,2021,Q4,2022-03-31,2021-12-31,-2215000.0,24868000.0,-1558000.0,-0.31,6064000.0,0.2438475149,75081000.0,-98000.0,43159000.0,66097000.0,72783000.0,6955000.0,-70571000.0,44650240.44,57973240.44,-0.013564092690919448,0.652964582356234,0.27181310850947643,-208.24489795918367,-0.06624858474246699,-0.013564092690919448,22.602040816326532,1.7954898037638731,-5.039530523702031,-455.61469836734693,-0.1381489841986456,2.703666427030913,0.00685326656664248,0.33121562046323305,0.5175423998063452,-0.029501471743849976,-63.24396662889518,0.2438475148785588,0.5571428571428572,0.7484250402758552,-0.6363124695207605,0.9983944819394592,0.2982230785698994,0.5637187315343707,0.6302800189843379,0.14065357311002652,-0.38255955710672607,-1.014681872113522,Software—Application,Technology,OMQS
2021Q3,2021,Q3,2021-11-15,2021-09-30,-5077000.0,20513000.0,-4214000.0,-0.7,4671000.0,0.2277092575,72598000.0,2224000.0,39235000.0,56656000.0,63965000.0,6794000.0,-67883000.0,73333323.7,81709323.7,0.3078218586184169,0.6925127082744987,0.2530234992699523,8.259442446043165,-0.17696011579818033,0.3078218586184169,-2.2828237410071943,3.5749682494028177,-3.611055923773882,32.97361677158273,0.0,2.3317633205769797,0.0,0.28255599327805175,0.540489974583451,-0.06993305600705253,-10.458260653166002,0.22770925754399648,-0.37254901960784303,0.4907308985444265,-0.6257197364187317,1.0621125173395842,0.4158836010912398,-1.0227091633466134,-1.287730727470141,-0.8355640337837877,-0.4856651538028543,2.1191871154824615,Software—Application,Technology,OMQS
2021Q2,2021,Q2,2021-08-12,2021-06-30,-2510000.0,13119000.0,-1842000.0,-0.51,3299000.0,0.2514673374,35860000.0,-8637000.0,15309000.0,42929000.0,44497000.0,2276000.0,-62628000.0,54231639.0,57029639.0,-1.7518740305820373,0.35661208041184284,0.2296430563301729,-0.9534560611323376,5.4562255271039914,-1.7518740305820373,0.29061016556674774,4.133824148182026,-5.40155766932271,-6.278990274400833,0.0,4.314586994727592,0.0,0.3658393753485778,0.2922732884530271,-0.06999442275515895,31.221438687392055,0.2514673374495007,0.3703703703703704,0.7827823654713829,-0.7405950667300232,-0.7689876277692167,0.2515174506828528,0.34327577184720043,0.3568435754189944,0.5660556231530932,-0.595779977913784,-15.055287442709984,Software—Application,Technology,OMQS
2021Q1,2021,Q1,2021-05-13,2021-03-31,-3822000.0,19751000.0,-2864000.0,-0.81,2636000.0,0.1334615969,38212000.0,-7339000.0,17090000.0,43689000.0,45551000.0,2347000.0,-60104000.0,46913355.260000005,51740355.260000005,-1.5612445452702417,0.3911739797202957,0.19616874280330787,-1.0213925602943181,-14.298544700717265,-1.5612445452702417,0.5207793977381114,2.375239494709129,-3.0686391457352173,-6.392336184766317,0.0,7.292288027268854,0.0,0.5168795142887052,0.32266703289157456,-0.10002093583167591,18.71294585560431,0.13346159688117057,-0.3064516129032259,0.000449983728319746,-0.5780177792841052,-0.23225840856354896,0.057360609707180106,-0.3372988103568929,-0.09647779479326186,-0.590361928306804,-0.4862220557255755,-7.353651072227692,Software—Application,Technology,OMQS
2020Q4,2020,Q4,2021-03-31,2020-12-31,-2858000.0,12900000.0,-2612000.0,-0.62,2493000.0,0.193255814,38658000.0,-5043000.0,16442000.0,41767000.0,43701000.0,1507000.0,-56726000.0,23128277.76,31093277.76,-1.0989456397811783,0.3936600665597242,0.3248745408453619,-2.490382708705136,-0.344513184670768,-1.0989456397811783,0.5667261550664288,1.7928897488372095,-2.023117368789363,-4.586214110648424,0.0,6.90577305905773,0.0,0.33369548347043304,0.3412981540450595,-0.07393036370220911,-12.077429639686684,0.19325581395348837,0.37373737373737376,0.45009240640480275,-0.7733126183705443,-3.307026111374936,-0.11249555001779993,0.24411531340915102,0.1353856338960609,-0.5441665382318196,-0.6155233834608836,-0.6343418747178017,Software—Application,Technology,OMQS
2020Q3,2020,Q3,2020-11-12,2020-09-30,-3781000.0,15833000.0,-3021000.0,-0.99,2809000.0,0.1774142614,40331000.0,-3161000.0,17429000.0,42039000.0,43492000.0,1671000.0,-53849000.0,24091956.0,30958956.0,-0.688829499771625,0.41459121292133494,0.2958766209615432,-3.7750711800063272,-0.40918418641079535,-0.688829499771625,1.1961404618791522,1.5216292553527442,-1.5929619148373446,-7.62162480227776,0.0,7.794135248354279,0.0,0.39257643004140735,0.3560265467779919,-0.09374922516178621,11.803996080352768,0.17741426135287058,-0.546875,-3.164389659525142,-0.6217880232185119,-1.5425441326147478,0.0896043444530644,-0.4161048689138577,-1.2990867579908676,-0.6340446901509942,-0.5234476362371495,0.9232090453736648,Software—Application,Technology,OMQS
2020Q2,2020,Q2,2020-08-13,2020-06-30,-2670000.0,12677000.0,-1314000.0,-0.64,2578000.0,0.2033604165,41327000.0,-725000.0,17804000.0,40254000.0,42052000.0,1545000.0,-50040000.0,26668432.84,35606432.84,-0.17507590446023374,0.4422914492969643,0.2990054927771191,-17.044137931034484,-0.15002001190451755,-0.17507590446023374,3.682758620689655,2.1036864273881832,-2.49704427340824,-36.784045296551724,0.0,6.536569579288026,0.0,0.3067486147070922,0.37817359765489145,-0.0646066736032134,27.129636663275686,0.20336041650232706,0.3118279569892473,-2.999649928977047,-0.600172704686665,-1.259021656651056,-0.15085638998682477,0.2803234501347709,0.35461689587426326,-1.5732392858700779,-0.593697382208696,0.9798294216342746,Software—Application,Technology,OMQS
2020Q1,2020,Q1,2020-05-14,2020-03-31,-3710000.0,13799000.0,-2036000.0,-0.93,3036000.0,0.2200159432,42604000.0,-156000.0,18478000.0,40994000.0,42760000.0,1768000.0,-47994000.0,18924028.5,29150028.5,-0.03915656753528986,0.45074889008147534,0.31797483804337623,-86.83974358974359,-0.19456480383497873,-0.03915656753528986,23.78205128205128,1.3714057902746575,-1.275204076819407,-121.307875,0.0,6.087669683257919,0.0,0.32388977560792415,0.3911548031419232,-0.08708102525584452,-12.344441291585127,0.22001594318428871,-0.3098591549295776,-2.8642106118081263,-0.43177023280462407,-1.086681939017407,0.31201382886776147,-0.3026685393258427,-0.0009832841691248771,-3.9409415443119142,-0.57847339552418,0.995464410395229,Software—Application,Technology,OMQS
2019Q4,2019,Q4,2020-03-30,2019-12-31,-2848000.0,11356000.0,-2034000.0,-0.71,2314000.0,0.2037689327,34453000.0,1808000.0,10625000.0,30790000.0,32645000.0,1889000.0,-45063000.0,19920030.0,28641030.0,0.4538145775884876,0.34507957128937966,0.30000290250486167,5.716814159292035,-0.1664805333693223,0.4538145775884876,-1.575221238938053,1.7541414230362804,-1.7485981390449439,11.017715707964602,0.0,4.786659608258338,0.0,0.32960845209415723,0.26986034426761935,-0.08266333846109192,-25.505800256081947,0.2037689327227897,-0.29090909090909073,-9.24355479710861,-0.5530172932797216,-0.3340289553291306,-0.33810068649885583,-0.3240353324035332,-1.7673469387755103,0.41339061178997816,-0.6988185088976597,1.0537159039721686,Software—Application,Technology,OMQS
2019Q3,2019,Q3,2019-11-08,2019-09-30,-2151000.0,13097000.0,-735000.0,-0.55,3496000.0,0.2669313583,39457000.0,5182000.0,15229000.0,32447000.0,34275000.0,2015000.0,-42179000.0,16765725.198,24512725.198,1.335856560661731,0.46935001695071965,0.24586258458575158,1.8720571208027788,-0.07361578315015121,1.335856560661731,-0.41509069857197994,1.2801195081316332,-1.9485966059972104,3.2353773056734854,0.0,4.764764267990074,0.0,0.3319309628202854,0.39436619718309857,-0.05451504169095471,-65.23628481712062,0.2669313583263343,-1.291666666666667,-15.863780752068267,-0.3745043253578681,8.25950779312337,-0.036118003859939345,-1.1574724172517552,-10.666666666666666,0.5981367241318972,-0.5549207782350842,1.2695501032957988,Software—Application,Technology,OMQS
2019Q2,2019,Q2,2019-08-06,2019-06-30,-997000.0,14126000.0,-63000.0,-0.24,3627000.0,0.2567605833,40147000.0,5517000.0,15358000.0,32434000.0,34630000.0,1219000.0,-41012000.0,33287239.049999997,41063239.05,1.3366865582683403,0.4735154467534069,0.26106558397887764,1.8997643646909552,-0.007407883532611388,1.3366865582683403,-0.18071415624433568,2.356451865354665,-8.34685031344032,6.033576046764546,0.0,8.612797374897458,0.0,0.35185692579769345,0.4215329592403034,-0.02483373602012604,51.290044761171025,0.2567605833215348,0.35135135135135137,-0.5429960072661971,-0.22863756142823694,33.63409144982106,-0.2110071785947357,0.2441243366186505,-2.2857142857142856,0.8969369101687614,-0.6663559820535813,2.3497442981082997,Software—Application,Technology,OMQS
2019Q1,2019,Q1,2019-06-28,2019-03-31,-1319000.0,18620000.0,49000.0,-0.37,4597000.0,0.2468850698,41974000.0,1936000.0,16829000.0,37709000.0,40038000.0,1612000.0,-40432000.0,35713200.0,48310200.0,0.5420964797329839,0.4462860325121324,0.30830990613236764,6.684400826446281,0.0068415071830479745,0.5420964797329839,-0.681301652892562,1.918002148227712,-6.76899166034875,18.44690082644628,0.0,8.699131513647643,0.0,0.4436079477771954,0.385823013073802,-0.03142421499023205,7.8784910655195235,0.24688506981740063,-0.027777777777777804,-3.500194609432901,-0.09612096724979811,0.9443329101376299,0.04930524899143893,-0.4898937984723788,1.0455822433905748,0.5459582058149882,-0.4763731247221068,1.4278656712860072,Software—Application,Technology,OMQS
2018Q4,2018,Q4,2019-06-05,2018-12-31,-885298.0,13833428.0,-1074980.0,-0.36,4380994.0,0.3166961942,40148471.0,2292602.0,14690278.0,35170461.0,37855869.0,1803523.0,-39752433.0,10918727.600000001,27830828.6,0.9238666967019125,0.4176879569477352,0.4306513441072264,7.541646129594234,-0.03387120745080666,0.9238666967019125,-0.38615424744460664,0.789300208162431,-3.0833480929585293,4.7625918497846556,0.0,5.241094236114538,0.0,0.3445567827477166,0.3593788548862069,-0.02205060312259463,4.4881670812128185,0.31669619417544226,0.05263157894736847,0.0667530407920893,4657.884006623394,15.177242479213787,0.6231849370009978,0.05048639488615035,-1.7750586000020652,0.6850001271243525,-0.5504677511314978,4.620850606329505,Software—Application,Technology,OMQS
2018Q3,2018,Q3,2018-11-19,2018-09-30,-932370.0,13444167.0,-387372.0,-0.38,2699011.0,0.2007570272,29333147.0,-669858.0,12727887.0,27732657.0,30003005.0,1058148.0,-38821014.0,11690342.4,27282780.4,-0.2750405668186417,0.45894942558154456,0.5334749115054037,-23.36091828417366,-0.026309127905392287,-0.2750405668186417,1.3918920129340846,0.8695475442993233,-3.1345770455934874,-17.451971014752377,0.0,10.154681575734207,0.0,0.4583267864167455,0.38674076558910314,-0.03178554281952768,41.18159317723067,0.20075702719253635,0.6752136752136751,-1.1797838585781748,8727.100673987026,0.3004316839941399,-0.05275823814452274,0.6202734249637122,0.5779484458467844,-2.0056429840722205,-0.39489223214698604,-1.216630742161829,Software—Application,Technology,OMQS
2018Q2,2018,Q2,2018-08-20,2018-06-30,-2455372.0,13777187.0,-917831.0,-1.17,2849337.0,0.2068155858,28060386.0,260856.0,11022109.0,25470638.0,27799530.0,1049045.0,-37841103.0,12557088.0,21803692.0,0.12464163665970963,0.432737845043379,0.33062278615839424,35.56522755849971,-0.098057237412471,0.12464163665970963,-9.412748796270739,0.9114406300792752,-1.2785321328092036,48.13800717637317,0.0,10.416950655119656,0.0,0.4909835167627416,0.3535851752123367,-0.08750314411213017,660.8645860744172,0.20681558579411022,-1.2941176470588234,-3.771973902035391,7989.48336241357,1.4143665973188726,-0.10004633470968793,-1.5873119741202628,-0.426117991817734,-6.277830880117889,-0.14021385483229556,-0.8155949368656263,Software—Application,Technology,OMQS
2018Q1,2018,Q1,2018-05-21,2018-03-31,-949005.0,15180547.0,-643587.0,-0.51,3166093.0,0.208562511,32110678.0,-346924.0,14628510.0,28432008.0,32457602.0,2141855.0,-35338906.0,9652572.8,19975427.8,-0.18689367460662923,0.5145085074539933,0.32909460834181076,-30.460420726153277,-0.06385805995063973,-0.18689367460662923,2.7354838523711247,0.6358514485676966,-2.542813999926239,-27.82330654552582,0.0,5.609368514675364,0.0,0.4727569751096504,0.3398655135437497,-0.029554187550944893,-102.17714594205508,0.20856251095563288,-0.27499999999999997,-34.498746979372186,37794.60114803288,0.07663051529738084,0.15298151314363959,-0.2675743109854971,-0.872242197863576,-1.1214637803256995,0.3416648089594102,-1.4137315174623115,Software—Application,Technology,OMQS
2017Q4,2017,Q4,2018-05-08,2017-12-31,-748678.0,13572091.0,-343752.0,-0.4,2746005.0,0.2023273348,26056623.0,-1248168.0,8139725.0,22894726.0,27304791.0,439720.0,-35554994.0,3492672.09184,14024174.091839999,-0.6724086660087143,0.35552838675597165,0.40512295089045114,-8.457303824485166,-0.03291252176925826,-0.6724086660087143,0.5998214983880376,0.25734222470509516,-1.1662797931286881,-2.7982387722165605,0.0,24.62040844173565,0.0,0.5208691471646192,0.2800805740151684,-0.02873273332465224,2.2145563793771395,0.20232733482261503,0.19999999999999996,-9.54484168232907,23835.32963544415,-0.7771988599428499,-0.030361015075281064,0.17079086746662356,0.383616763374766,-5.651037674138209,0.14654826583123765,-1.9867569793089195,Software—Application,Technology,OMQS
2017Q3,2017,Q3,2017-11-17,2017-09-30,-902882.0,12964054.0,-557692.0,-0.5,2831987.0,0.2184491826,28779215.0,-16062113.0,10428673.0,25240346.0,44841328.0,746894.0,-34758776.0,5189187.78,31481341.78,-8.970190605436136,0.4131747243084544,0.9226379524250401,-1.6531321875272575,-0.05407707083157655,-8.970190605436136,0.056211906864308575,0.4002750821617991,-1.4368399691211033,-0.3230700580926059,0.0,13.56560234785659,0.0,0.45046586572983316,0.33805428023847217,-0.03137271117367169,5.216370285558043,0.21844918263993654,-1.0,-11.17637063798322,40775.33705542206,-25.44886729593549,0.011533390934804731,-1.013312342793942,-14.965532048896396,-14.51625730075185,0.34131224730521625,-63.176997338466876,Software—Application,Technology,OMQS
2017Q2,2017,Q2,2017-08-14,2017-06-30,-448456.0,13485145.0,-34931.0,-0.25,2799697.0,0.2076134146,27470626.0,-15534898.0,8680046.0,23620934.0,43005524.0,512595.0,-33808344.0,2899448.46,30193061.46,-8.679766206294282,0.36747259867031506,1.00372208481889,-1.7748989404372015,-0.0030315946202470858,-8.679766206294282,0.028867650112668907,0.2150105512399014,-1.6163505784290992,-0.18664097183000497,0.0,20.845790536388378,0.0,0.49089325448935894,0.29487127816368314,-0.016324928307057875,3.5130224161348673,0.2076134146128944,-0.3157894736842105,-5.591463268537393,25112.07618371946,-28.0478396578998,-0.06425581736574879,-0.35420554538921,-1.3994762242400678,-0.600525166518646,0.6981182531915706,-210.9092784969939,Software—Application,Technology,OMQS
2017Q1,2017,Q1,2017-05-15,2017-03-31,-331158.0,14437556.0,87442.0,-0.19,2991947.0,0.2072336204,27783275.0,-15169173.0,8555960.0,23629481.0,42952448.0,629165.0,-33312864.0,3162740.4,31267133.4,-8.633181338563228,0.3620883590291298,1.021532378742247,-1.87099949351227,0.007991277683845423,-8.633181338563228,0.021830985776218653,0.21906342042933027,-2.3876370191872156,-0.20849787921859683,0.0,18.191744613893018,0.0,0.519649177427787,0.2780583289154764,-0.011919329164758295,0.7759730391639706,0.20723362042716925,0.8442622950819673,-3.581682660180483,32728.081561877647,-32.11250902469057,-0.0943743974622662,0.845139875787551,5.821813075362771,-2.275856982619173,0.4244986505183608,-31.964559305056834,Software—Application,Technology,OMQS
2016Q4,2016,Q4,2017-04-17,2016-12-31,-2138433.0,16607405.0,12818.0,-1.22,3303735.0,0.1989314405,32792557.0,-14825188.0,13121862.0,28445175.0,47617745.0,531593.0,-32935199.0,2316320.16,34514696.16,-8.448421119816183,0.46130361300290823,0.9907082268698961,-2.1913958865142216,0.0009939476564005756,-8.448421119816183,0.1442432298329033,0.13947514136013422,-0.2707964383265691,-0.1562422115658837,0.0,25.026044361005507,0.0,0.50643824450774,0.382460540320107,-0.06521092575976921,8.782389723446043,0.19893144052306788,-0.21999999999999997,-25.48413799935264,6639.831795945496,-37.54687751994734,0.24478440970859008,0.13328672349014506,1.0530326851468763,-2.187846837700521,7908.491427015377,-128.64566772428066,Software—Application,Technology,OMQS
2016Q3,2016,Q3,2016-11-22,2016-09-30,-2467290.0,13564151.0,-241700.0,-1.0,2654062.0,0.1956673883,42448848.0,-8861679.0,21772575.0,41168785.0,51310527.0,595913.0,-30749225.0,2789460.96,35761901.96,-4.955874786646952,0.5288612476661626,0.7843399896270448,-3.7571129579394604,-0.011672925656400704,-4.955874786646952,0.2784224073113007,0.20564950655592082,-0.28264421288133945,-0.3147779286521211,0.0,18.30819096076105,0.0,0.3195410862504443,0.193149008405276,-0.05812383883774655,0.9985434056552104,0.19566738825010133,0.4152046783625731,-28.3065652125224,4232.158781954921,-11.046980384683458,-0.3316664836808553,0.4285397304655128,0.3329359099615272,-6.856618123488464,11993.130480710157,-11.605314986558286,Software—Application,Technology,OMQS
2016Q2,2016,Q2,2016-08-22,2016-06-30,-4317518.0,18896354.0,-362334.0,-1.71,3971164.0,0.2101550384,48680900.0,-1824289.0,17112642.0,40569416.0,50505189.0,3419397.0,-24287916.0,6244752.9,28324670.9,-0.9903257677337401,0.42181139605263235,0.4636738227929229,-12.373071920074068,-0.017915158362669527,-0.9903257677337401,2.366685322336538,0.33047395809794844,-0.3615939122894219,-3.4231160194464803,0.0,4.364860237053493,0.0,0.3881677208104205,0.26476383096074146,-0.08869018444605585,5.709650193514056,0.2101550383740694,-1.7142857142857144,-86.75246434100565,4932.519267495705,-1.2191229908191823,0.0401124773245986,-1.873118173669371,0.6094217224362554,-8.533163574597525,12450.241079030706,-2.2923020718459335,Software—Application,Technology,OMQS
2016Q1,2016,Q1,2016-05-23,2016-03-31,-1502729.0,18394562.0,-927686.0,-0.63,3818014.0,0.2075621045,53420579.0,-2340613.0,18947336.0,40805400.0,55761192.0,3291354.0,-19959965.0,8823172.848,36173143.848,-1.266978203938729,0.464334034220961,0.5332504726315302,-12.170550620713463,-0.027445136234802554,-1.266978203938729,0.6420236920840823,0.4796620244613598,-1.4678582844944097,-3.7695991810692324,0.0,4.428739053896968,0.0,0.3443347553383875,0.313760678733697,-0.028130151865257767,5.9440522565128635,0.20756210449588308,0.44247787610619466,-7.388819023956608,463.82524649349403,-3.4383016130768347,-0.1004057112953804,0.28177511444442,0.6297180034725687,-55.48127135165275,46016.451226994264,-5.25965011262536,Software—Application,Technology,OMQS
2015Q4,2015,Q4,2016-04-18,2015-12-31,-2092282.0,22909208.0,-2505350.0,-1.13,4244151.0,0.1852596126,51870457.0,-471367.0,16962346.0,37055803.0,52341824.0,2731612.0,-18457236.0,9225905.612,36716389.612,-0.2551518405887632,0.45775140805881337,0.5462299859821941,-60.10857569579542,-0.05390048608294572,-0.2551518405887632,4.438753667524455,0.4027160437846651,-1.102373582050603,-19.572659121236743,0.0,6.832982502639467,0.0,0.44166196569272564,0.33063574415051805,-0.040336679509108624,2.215509786669151,0.1852596126413449,-3.173076923076923,-1.6061519407242988,1232.6445509002237,0.6224730139429326,0.33137513547765773,-4.000306873390349,-4.931897436541292,-28.610414306791796,40426.97311024128,0.32562505046478224,Software—Application,Technology,OMQS
2015Q3,2015,Q3,2015-11-12,2015-09-30,697356.0,16711339.0,637186.0,0.52,3187795.0,0.190756408,38313136.0,2325802.0,15040478.0,23981815.0,35987334.0,481282.0,-16752272.0,15204570.8,34958706.8,1.2696285119735178,0.6271617890472426,0.5225121483138315,8.60738747322429,0.04219497439488889,1.2696285119735178,0.29983463768626906,0.90983557930337,5.450792278262466,6.537345311423759,0.0,28.0990022481622,0.0,0.4361777903014778,0.5489651638126639,0.01820148577761946,12.142266822765018,0.19075640796946314,3.888888888888889,1.1595211093010862,365.3959179565683,37.35567110096512,-0.04293700331150681,3.4430143388135885,3.8122196208745565,10.19276882457118,51377.75319209937,4.743536509466503,Software—Application,Technology,OMQS
2015Q2,2015,Q2,2015-08-13,2015-06-30,-285449.0,13557615.0,132410.0,-0.18,3330810.0,0.2456781668,35368573.0,1196854.0,11652955.0,16780667.0,34171719.0,383350.0,-17449687.0,15228226.399999999,36649862.4,0.6759122257336547,0.6944274026771403,0.6147817442337863,18.167590198971638,0.007289633652298707,0.6759122257336547,-0.238499432679341,1.12322310376862,-13.33708158024726,12.72354556194824,0.0,26.677461849484803,0.0,0.38332377729799844,0.6216534777789227,-0.008070695981995089,10.194116713805164,0.24567816684571733,0.05263157894736847,0.10236449649336056,147.3156817767695,-0.20975379450140924,0.390964271769248,0.32371198013656116,2.395684666547206,-3.2407241971569425,25518.789953913536,3.262018295111174,Software—Application,Technology,OMQS
2015Q1,2015,Q1,2015-05-15,2015-03-31,-422082.0,10675970.0,-94871.0,-0.19,2394605.0,0.2242985883,33432207.0,791188.0,9977880.0,15094088.0,32641019.0,502964.0,-17164238.0,13661497.2,37172630.2,0.45172694541854463,0.6610455696296458,0.7115463540890375,30.06689307724586,-0.003438307123835671,0.45172694541854463,-0.5334787686365314,1.279649268403714,-8.091731701422946,17.267068256849193,0.0,16.46512474053809,0.0,0.3193318945410933,0.5822482285779704,-0.01262501156444742,103.84233201581027,0.2242985883249953,-3.1914648212226067,0.4491992914735412,107.92895379451133,-0.6289275735912264,0.03185711053895957,-3.7789943574988643,-0.3285022125133031,-4.858331357344593,24278.225438126115,2.732595664364535,Software—Application,Technology,OMQS
2014Q4,2014,Q4,2015-04-09,2014-12-31,151883.0,11169105.0,-71412.0,0.0867,2320675.0,0.2077762721,33989318.0,1193512.0,10507759.0,15601353.0,32795806.0,606231.0,-16742156.0,13311202.399999999,36415631.4,0.6814328959493546,0.6735158803214054,0.6866324884777035,19.55419803068591,0.00042318661940884316,0.6814328959493546,0.12725720394935283,1.1917877394831544,21.910290157555487,11.152969052678147,0.0,14.595805889174258,0.0,0.32860632861183037,0.5982154240084178,0.0044685509723966805,-27.266661477387714,0.20777627213639768,1.2345360824742266,1.0038923259662782,74.85302373215445,-0.5607487992065288,0.3941446136489111,1.4190583888127926,-3.543887147335423,2.884604927296555,4473.659964226211,4.109114709802049,Software—Application,Technology,OMQS
2014Q3,2014,Q3,2014-11-12,2014-09-30,62786.0,9084462.0,28072.0,0.0388,1664587.0,0.1832345163,21909982.0,242807.0,6675466.0,10416175.0,21667175.0,63552.0,-16996802.0,14480704.079999998,28147215.08,0.144268636142173,0.6408749852993061,0.6960850081939821,62.81206884480266,0.0028243485168499573,0.144268636142173,0.25858397822138574,1.5940078873135248,57.658968878412374,59.63874221089177,0.0,116.75281659113797,0.0,0.41462662999905703,0.6069717530667448,0.0028656344856878477,17.22755093955779,0.18323451625423717,1.2984615384615386,1.1499477332474595,77.0529453112383,-0.9886687303596777,0.22366950814658862,1.2393625741026668,1.0926425841710283,1.7923443232373872,3011.1567464999175,1.350695185926134,Software—Application,Technology,OMQS
2014Q2,2014,Q2,2014-08-14,2014-06-30,-262305.0,7434246.0,-303014.0,-0.13,1360324.0,0.1829807623,20896096.0,-68629.0,6112158.0,9147725.0,20964725.0,60167.0,-17059691.0,20106240.0,34474672.0,-0.04095982142857143,0.6681615374314379,0.7306325066653598,-222.46232642177506,-0.01703829324531839,-0.04095982142857143,3.8220723017966165,2.704543271772282,-19.163035397724023,-292.9700272479564,0.0,100.951052902754,0.0,0.35577200640732126,0.644839454618498,-0.01255282326421165,22.558659556349415,0.1829807622723273,-1.65,0.34776416583843683,88.97402576513674,-1.003211561770544,-0.31558642285879884,-2.0644674314886435,-2.5262344046701624,-4.8613503033707826,2132.9374445962235,0.9082171903493992,Software—Application,Technology,OMQS
2014Q1,2014,Q1,2014-05-20,2014-03-31,246419.0,9622160.0,198537.0,0.2,1987576.0,0.2065623519,21101412.0,465091.0,6315176.0,7836321.0,20636321.0,49586.0,-16797386.0,18683145.599999998,33967781.599999994,0.2788084678845515,0.8058853127634766,0.7511592589159436,34.08047242367623,0.014247834126449073,0.2788084678845515,0.5298296462412733,1.9416789577392184,18.95465203576023,40.170946330933084,0.0,153.96652280885735,0.0,0.455996025289682,0.7444841782259813,0.011677844117730131,-28.41387482966712,0.20656235190435412,1.5263157894736843,1.559124694375822,105.16736206955706,-0.977514298765414,994.7795591182364,1.3864280740931245,1.3613916354793145,2.5234311866605275,268.278280115753,1.9766829996795494,Software—Application,Technology,OMQS
2013Q4,2013,Q4,2014-04-02,2013-12-31,-637684.0,1996.0,-549368.0,-0.38,1996.0,1.0,2406238.0,-108705.0,192888.0,539943.0,2514943.0,0.0,-17043805.0,6839365.8,8943554.8,-0.0651654719213878,0.35723770842477814,0.8800006483149214,-19.479241985189272,-0.29382954166306,-0.0651654719213878,5.866188307805529,3426.5359719438875,-2.6813303297558035,-62.91675451911135,0.0,0.0,0.0,0.0008295106302867796,0.2164228446336002,-0.2650128540900775,287.96117216117216,1.0,-1.1111111111111112,-1.7646550017935387,0.0,-1.000148087324228,1.4825870646766168,-1.856200982697536,-2.9395621338267035,-1.2045951314253827,-0.8809665558356582,0.9035800637271537,Software—Application,Technology,OMQS
2013Q3,2013,Q3,2013-11-19,2013-09-30,-223263.0,804.0,-139449.0,-0.18,804.0,1.0,2364027.0,-499798.0,150677.0,888825.0,2863825.0,0.0,-16450279.0,1525489.2,3630024.2,-0.39315755234452004,0.16952380952380952,0.890233064173971,-4.210771151545225,-0.10697846592393787,-0.39315755234452004,0.4467064694136431,1897.3746268656716,-1.7081751118635868,-3.052211493443351,0.0,0.0,0.0,0.0003400976384787483,0.10863555818074425,-0.09444181475084676,-152.32043934098851,1.0,0.28,0.892751440495897,0.0,0.9849133412292651,-0.20238095238095238,0.25779395631794155,0.4319750059063618,0.9264049581114457,-0.9745982517449725,-12.877349654937039,Software—Application,Technology,OMQS
2013Q2,2013,Q2,2013-08-19,2013-06-30,-300810.0,1008.0,-245498.0,-0.25,1008.0,1.0,2386795.0,-368035.0,173445.0,779830.0,2754830.0,0.0,-16268923.0,4404668.4,6512531.4,-0.300800396234141,0.2224138594309016,0.8832195475522615,-5.727890010460961,-0.13781992045331212,-0.300800396234141,0.8173407420489899,4369.710714285715,-3.6606731824075,-11.968069341231134,0.0,0.0,0.0,0.0004223236599707977,0.12668273854558046,-0.12603093269426155,-181.83826941336747,1.0,-16.36111111111111,0.899529062524743,0.0,0.9887873507765607,2.8620689655172415,-16.315795533041676,-3.2234035232590146,-0.36900149091853524,-0.9840410445127001,-1.3516823082738136,Software—Application,Technology,OMQS
2013Q1,2013,Q1,2013-05-20,2013-03-31,-17372.0,261.0,-58128.0,-0.0144,261.0,1.0,2281737.0,-244148.0,68387.0,550885.0,2525885.0,0.0,-15960979.0,1568113.3,3608255.3,-0.2024039972111709,0.12414024705700827,0.8957658135008548,-8.371569703622393,-0.014589330363439927,-0.2024039972111709,0.07115356259318119,6008.096934865901,-22.56667769974672,-6.422798056916298,0.0,0.0,0.0,0.00011438653972828595,0.08601976819118327,-0.007613497962298021,-0.7846604462133612,1.0,0.6230366492146596,0.999350027653144,0.0,0.9927257060305978,-0.2945945945945946,0.6234692329366885,-0.28383064248956424,0.9670832394733364,-0.9961332499141777,-1.166265358136638,Software—Application,Technology,OMQS
2012Q4,2012,Q4,2013-04-12,2012-12-31,-46137.0,370.0,-45277.0,-0.0382,370.0,1.0,1005.0,-456385.0,1005.0,457390.0,457390.0,0.0,-15922521.0,241248.2,257270.2,-0.3783530820126326,0.0021972496119285513,0.0,0.0,0.10014122871648974,-0.3783530820126326,0.10109227954468267,652.0221621621622,-1.3072382252855625,-0.5286067684082518,0.0,0.0,0.0,0.3681592039800995,0.00012024749120006996,-45.907462686567165,0.0,1.0,0.0772946859903382,0.9977200834707889,0.0,0.9890465193326923,0.7209302325581395,0.07990985960433951,0.08704682017986047,0.9982832027967263,-0.9963514033348139,-1.2438861501783314,Software—Application,Technology,OMQS
2012Q3,2012,Q3,2012-11-19,2012-09-30,-50144.0,215.0,-49594.0,-0.0414,215.0,1.0,1005.0,-410678.0,55.0,411683.0,411683.0,0.0,-15876814.0,242179.2,258201.2,-0.33915216500839046,0.00013359793821945525,0.0,0.0,0.12076127769201174,-0.33915216500839046,0.1221005264465104,1126.4148837209302,-1.2074186343331208,-0.5897058035736027,0.0,0.0,0.0,0.21393034825870647,0.00013359793821945525,-49.89452736318408,16145.28,1.0,-0.08947368421052633,0.9970955229643058,0.0,0.986403285240915,-0.40607734806629836,-0.09327170453058911,-0.08128025116644137,0.833552032498507,-0.9974324969076572,-1.026637977134697,Software—Application,Technology,OMQS
2012Q2,2012,Q2,2012-08-20,2012-06-30,-45866.0,362.0,-45866.0,-0.038,362.0,1.0,990.0,-360535.0,40.0,361525.0,361525.0,0.0,-15826670.0,482628.80000000005,498665.80000000005,-0.29880935410402365,0.00011064241753682318,0.0,0.0,0.1272164977047998,-0.29880935410402365,0.1272164977047998,1333.228729281768,-2.6306457942702655,-1.338646178595698,0.0,0.0,0.0,0.3656565656565657,0.00011064241753682318,-46.329292929292926,321.75253333333336,1.0,0.07542579075425787,0.9998452907139342,0.0,0.992678112261419,0.19471947194719472,0.07615767317259854,0.07615767317259854,0.8416254745643901,-0.9939160565457148,-1.0234289277846318,Software—Application,Technology,OMQS
2012Q1,2012,Q1,2012-05-21,2012-03-31,-49647.0,303.0,-49647.0,-0.0411,303.0,1.0,950.0,-314668.0,0.0,315618.0,315618.0,0.0,-15780804.0,362072.1,378149.1,-0.26072265717242504,0.0,0.0,0.0,0.15777581450926056,-0.26072265717242504,0.15777581450926056,1194.9574257425743,-1.8232325216025136,-1.1506479845424384,0.0,0.0,0.0,0.31894736842105265,0.0,-52.26,15086.3375,1.0,0.10652173913043482,0.9999134859942194,0.0,0.9927819375211915,-0.8238372093023256,0.1060071307667375,0.00886386776067557,0.844301057409746,-0.9953791778815653,-1.0210270936845938,Software—Application,Technology,OMQS
2011Q4,2011,Q4,2012-04-16,2011-12-31,-55534.0,1720.0,-50091.0,-0.046,1720.0,1.0,966.0,-264521.0,16.0,265487.0,265487.0,0.0,-15731157.0,144828.84,160889.84,-0.21917264544824083,6.026660439117546e-05,0.0,0.0,0.20089004138585012,-0.21917264544824083,0.20994174375569424,84.20281395348837,-0.651982749306731,-0.547513581152347,0.0,0.0,0.0,1.7805383022774328,6.026660439117546e-05,-57.488612836438925,-419.79373913043474,1.0,0.02335456475583872,0.9923567996477508,0.0,0.9946579534510104,-0.06470908102229472,-0.14934392979841882,-0.03669439960263256,-1.0920401120647762,0.0,-1.0004980657647593,Software—Application,Technology,OMQS
2011Q3,2011,Q3,2011-11-21,2011-09-30,-48318.0,1839.0,-48318.0,-0.0471,1839.0,1.0,12349.0,-422174.0,361.0,396486.0,434523.0,0.0,-15678809.0,225773.02,263773.02,-0.41137900356738816,0.0009104987313549533,0.0,0.0,0.1144504398660268,-0.41137900356738816,0.1144504398660268,122.76945078847199,-1.1681620721056334,-0.5347866519491963,0.0,0.0,0.0,0.1489189408049235,0.0009104987313549533,-3.9127054822252814,-3369.746567164179,1.0,-0.7640449438202247,0.9889168034269735,0.0,0.9917040161118165,-0.1394478240524099,-0.7601544570325307,0.2125617248741057,0.9712483885365752,0.0,0.984214128368498,Software—Application,Technology,OMQS
2011Q2,2011,Q2,2011-08-15,2011-06-30,-27451.0,2137.0,-61361.0,-0.0267,2137.0,1.0,13017.0,-458665.0,465.0,433646.0,471682.0,0.0,-15617577.0,1130554.7000000002,1168450.7000000002,-0.44626898636571943,0.0010723032150648224,0.0,0.0,0.08273689229686516,-0.44626898636571943,0.05984978143089183,529.0382311651849,-10.296115806345853,-2.4648811223877996,0.0,0.0,0.0,0.16416993162787125,0.0010723032150648224,-2.1088576476914804,-8018.118439716313,1.0,0.7247422680412371,0.99282733915872,0.0,0.9920957128136797,-0.9312574388007849,0.8049260593656953,0.5785442981462021,0.9890851397890917,0.0,0.9833648570079552,Software—Application,Technology,OMQS
2011Q1,2011,Q1,2011-05-23,2011-03-31,-140721.0,31087.0,-145593.0,-0.097,31087.0,1.0,20571.0,-414278.0,13453.0,396813.0,434849.0,0.0,-15573190.0,8997694.200000001,8997125.200000001,-0.2854646471537119,0.03390261911782124,0.0,0.0,0.34468487160733635,-0.2854646471537119,0.3396777043434602,289.4359121176055,-15.984988381265056,-21.71897662921999,0.0,0.0,0.0,1.5112050945505808,0.019979184149712836,-6.840746682222546,45673.57461928935,1.0,-1.0518716577540106,0.9758659854130916,0.0,0.9988373837693728,1.7121793753271681,-1.0660510643570862,-1.5269991457570185,0.9956237863292784,0.0,0.9897405496438824,Software—Application,Technology,OMQS
2010Q4,2010,Q4,2011-04-15,2010-12-31,2130488.0,11462.0,276268.0,1.87,11462.0,1.0,192338.0,-770640.0,18243.0,556039.0,962978.0,0.0,-28731309.0,10376293.2,10744825.2,-0.6758506014459962,0.03280884973895716,1.917998523432707,-0.47869822485207103,-1.0348347517705843,-0.6758506014459962,-2.7645697082944047,905.2777176757983,1.217595827810342,-13.464514170040484,0.0,0.0,0.0,0.059593008141916835,0.03280884973895716,11.076791897596939,-36.801107974293856,1.0,1.7824267782426777,1.4775719452470368,0.0,0.9973105237216484,-0.5962662909475167,1.7829570549035878,3.1550102185681523,1.11137351624112,0.0,0.9804338411688163,Software—Application,Technology,OMQS
2010Q3,2010,Q3,2010-11-22,2010-09-30,-2721079.0,28390.0,-128198.0,-2.39,28390.0,1.0,973735.0,37744.0,99471.0,536203.0,935991.0,0.0,-27804926.0,10376293.2,10375989.2,0.03310145476613942,0.18550996544219261,0.0,0.0,-6.484353284653312,0.03310145476613942,-72.093021407376,365.4911306798168,-0.9533252434052815,274.91238872403557,0.0,0.0,0.0,0.02915577646895716,0.18550996544219261,-2.794475909770112,-74.02701881300429,1.0,-12.277777777777779,0.12320709660030724,0.0,1.0001310192834163,-0.6102255721679916,-9.738826380201036,-0.20764919221892517,0.8326228668895646,0.0,1.0013270475173137,Software—Application,Technology,OMQS
2010Q2,2010,Q2,2010-08-16,2010-06-30,-253387.0,72837.0,-106155.0,-0.18,72837.0,1.0,2380507.0,1206798.0,587457.0,781025.0,1173709.0,0.0,-26379621.0,12839499.4,12839444.4,0.8553185336805266,0.7521615825357703,0.0,0.0,-0.12398540595233805,0.8553185336805266,-0.20996637382561126,176.2771585869819,-12.667875029105675,10.639311135749312,0.0,0.0,0.0,0.03059726352411482,0.6853468198841266,-0.10644245112490743,108.5177903428924,1.0,0.5909090909090909,0.969608656175723,0.0,1.0033951084960238,0.14279214258817624,0.49153484489411786,-0.009673001198424928,0.9992691026475881,0.0,1.0209583341295145,Software—Application,Technology,OMQS
2010Q1,2010,Q1,2010-05-14,2010-03-31,-498337.0,63736.0,-105138.0,-0.44,63736.0,1.0,2419514.0,1386570.0,89570.0,647202.0,1032944.0,0.0,-26199849.0,10364918.2,10852514.2,1.2173551934061573,0.138395740433435,0.20206702668387122,0.35259958025920074,-0.09243850365538957,1.2173551934061573,-0.35940269874582603,162.62266536964978,-5.199753480074728,7.475221734207433,0.0,0.0,0.0,0.026342480349359418,0.138395740433435,-0.20596574353361874,-85.36980034922412,1.0,0.9802513464991023,0.9831971770421406,0.0,1.0031194326451591,-0.3035686968683756,0.979452351611576,0.4258299519968544,0.9990798346751043,0.0,1.0337022717557556,Software—Application,Technology,OMQS
2009Q4,2009,Q4,2010-03-31,2009-12-31,-24252751.0,91518.0,-183113.0,-22.28,91518.0,1.0,2476661.0,1688787.0,80026.0,407312.0,787874.0,0.0,-25897632.0,9906178.1,10276064.1,1.551351242110214,0.19647346505872648,0.14957880791921058,0.2193621812579088,-0.17719219031352448,1.551351242110214,-14.361047900060813,108.2429478353985,-0.10211396327781536,5.86585407159103,0.0,0.0,0.0,0.03695217068464356,0.19647346505872648,-9.79251944452632,45.2686232754957,1.0,-88.12,-4.753064255189404,0.0,1.161178815123642,0.21568523266162776,-88.549390579365,0.2494292214047097,-2.7007211546407435,0.0,1.0378121573166068,Software—Application,Technology,OMQS
2009Q3,2009,Q3,2009-11-20,2009-09-30,-270831.0,75281.0,-243965.0,-0.25,75281.0,1.0,14573801.0,13859836.0,53134.0,337290.0,713965.0,0.0,-13726583.0,9906178.1,9904833.1,12.731903901465289,0.15753209404370128,0.0,0.0,-0.01860578510526999,12.731903901465289,-0.019540707408081885,131.58935322325686,-9.14424318117202,0.7147399218865216,0.0,0.0,0.0,0.005165502122610292,0.15753209404370128,-0.018583415541353968,-51.546352898324486,1.0,-0.041666666666666706,0.9508677744700085,0.0,1.6065666788753519,0.41489681614855467,-0.04581682537475962,-0.15561881844708023,0.9414348740206088,0.0,1.2567551302242237,Software—Application,Technology,OMQS
2009Q2,2009,Q2,2009-08-14,2009-06-30,-258966.0,53206.0,-211112.0,-0.24,53206.0,1.0,14102490.0,13760437.0,553939.0,342053.0,342053.0,0.0,-13470358.0,9818199.299999999,9811338.299999999,12.753863806777685,1.6194537103899103,0.0,0.0,-0.017497543060832805,12.753863806777685,-0.01881960580176342,184.53180656316954,-9.478270603090753,0.7135092657304415,0.0,0.0,0.0,0.003772808915305028,1.6194537103899103,-0.01836314012631812,-73.96731355989662,1.0,0.07692307692307698,0.9995311429736551,0.0,1.014113183455349,-0.039932153232645845,0.039051541801180006,0.0270349989399847,0.9355425206711382,0.0,1.2258956040950908,Software—Application,Technology,OMQS
2009Q1,2009,Q1,2009-05-20,2009-03-31,-269490.0,55419.0,-216978.0,-0.26,55419.0,1.0,12980467.0,12647615.0,522411.0,332852.0,332852.0,0.0,-13243296.0,9282191.1,9275706.1,12.399367267928797,1.5694993570716114,0.0,0.0,-0.020153770354932724,12.399367267928797,-0.02130757459015,167.4911330049261,-8.610886396526771,0.7339084167252087,0.0,0.0,0.0,0.004269414960185947,1.3608991383557858,-0.020761194493233565,-59.35246337704855,1.0,-1.52,0.9996406674606645,0.0,1.0357185237254884,0.0,-20.235546038543898,-0.4634175951655111,0.9342427353847056,0.0,1.0504990925459154,Software—Application,Technology,OMQS
2008Q4,2008,Q4,2009-04-15,2008-12-31,14010.0,0.0,-148268.0,0.5,0.0,0.0,12651323.0,12331894.0,431282.0,319429.0,319429.0,0.0,-13013897.0,255018.4,253718.4,440.0476020553811,1.3501654514774801,0.0,0.0,0.0025092596552046573,440.0476020553811,0.0011360785293808072,0.0,4.550649536045682,0.020679580930552922,0.0,0.0,0.0,0.0,1.254497869636132,0.00110739406463656,-23.833495327102803,0.0,1.3048780487804876,-0.9157833925688966,0.0,46.71907971067158,0.0,1.305288618683402,-2.230873155956506,1.1277816723538219,0.0,2.751123080369097,Software—Application,Technology,OMQS
2008Q3,2008,Q3,2008-11-18,2008-09-30,-45891.0,0.0,-45891.0,-1.64,0.0,0.0,0.0,-730304.0,0.0,730303.0,730304.0,0.0,-12930583.0,255018.4,255018.4,-26.059948615472454,0.0,0.0,0.0,0.06283821531855227,-26.059948615472454,0.06283821531855227,0.0,-1.3892615109716502,-0.3491948558408553,0.0,0.0,0.0,0.0,0.0,0.0,33.62141067897166,0.0,0.33061224489795926,-1.0012977862039691,0.0,-0.1880310708484153,0.0,0.32389946372797457,0.32389946372797457,0.39833587740804216,0.0,0.896851790424613,Software—Application,Technology,OMQS
2008Q2,2008,Q2,2008-08-08,2008-06-30,-67876.0,0.0,-67876.0,-2.45,0.0,0.0,4089.0,-744124.0,4089.0,748213.0,748213.0,0.0,-13973453.0,252415.8,252415.8,-26.82688009229216,0.005465021324141655,0.0,0.0,0.09121598013234354,-26.82688009229216,0.09121598013234354,0.0,-0.9296945901349519,-0.3392120130515882,0.0,0.0,0.0,0.0,0.005465021324141655,-16.59965761799951,-10.842137365233452,0.0,0.8894404332129964,0.7895071056592666,0.0,0.9740262211196727,0.0,0.8739573197453743,0.8739573197453743,0.5858922385719825,0.0,0.8935131592072221,Software—Application,Technology,OMQS
2008Q1,2008,Q1,2008-05-15,2008-03-31,-538516.0,0.0,-538516.0,-22.16,0.0,0.0,4089.0,-676248.0,4089.0,680337.0,680337.0,0.0,-13905499.0,221166.4,225532.4,-27.824555628703095,0.0060102566816151405,1.0677427243824895,-0.006456211330754398,0.8015038354949232,-27.824555628703095,0.7963291573505578,0.0,-0.1026740152567426,-0.3270492482048006,0.0,0.0,0.0,0.0,0.0060102566816151405,-131.6987038395696,-4.673056118999324,0.0,-0.32061978545887954,-0.8322600582776876,0.0,0.9728073283183402,0.0,-0.35918183975002904,-1.6952752752752753,0.14904918316738922,0.0,0.9287004913312392,Software—Application,Technology,OMQS
2007Q4,2007,Q4,2008-03-31,2007-12-31,-396206.0,0.0,-199800.0,-16.78,0.0,0.0,503793.0,-815774.0,503793.0,1134938.0,1319567.0,0.0,-13366985.0,214914.69999999998,406659.69999999995,-34.541813100732526,0.44389473257570017,0.38060274755703233,-0.235046716369975,0.3782541167599349,-34.541813100732526,0.4856810832411918,0.0,-0.13560792870375513,-0.26344882283573634,0.0,0.0,0.0,0.0,0.0032539222406862754,-0.7864460204885737,-1.8070536697749113,0.0,-0.17671809256662002,-2.3988560798205936,0.0,0.9659072337648467,0.0,-0.17666310287479212,-0.021681325424422172,-3.826090400443378,0.0,-2.5887478971076434,Software—Application,Technology,OMQS
2007Q3,2007,Q3,2007-11-19,2007-09-30,-336720.0,0.0,-195560.0,-14.26,0.0,0.0,505100.0,-589095.0,505100.0,997641.0,1094195.0,0.0,-13031612.0,214914.69999999998,313309.69999999995,-24.94368463395012,0.5062943483677996,0.1948030093050881,-0.16702738947028917,0.5143323287594369,-24.94368463395012,0.5715886232271535,0.0,-0.15956484616298408,-0.3648218029350105,0.0,0.0,0.0,0.0,0.0,-0.6666402692536132,-3.093410579345088,0.0,0.9419641040250702,0.19048637016745115,0.0,0.9751620275064244,0.0,0.9400708001772674,0.9651102276666474,-1.8156390902011486,0.0,-0.18835392290292038,Software—Application,Technology,OMQS
2007Q2,2007,Q2,2007-08-21,2007-06-30,-5618630.0,0.0,-5605081.0,-245.71,0.0,0.0,102634.0,-933212.0,101922.0,992732.0,1035846.0,0.0,-12770703.0,208089.69999999998,149280.69999999998,-40.8104255040014,0.10266819242252692,0.4200654753785295,-0.04619850580575475,6.335205572063909,-40.8104255040014,6.020743410929135,0.0,-0.009258916319458658,-0.2229822376908998,0.0,0.0,0.0,0.0,0.10266819242252692,-54.744334236218016,-2.0701529064157023,0.0,0.4832379910826954,-15.682724753772405,-1.0,0.9588046060874711,0.0,0.46002836791644197,-2.127813532158318,0.5200352161603677,0.0,0.9548399582467907,Software—Application,Technology,OMQS
2007Q1,2007,Q1,2007-05-21,2007-03-31,-10405417.0,0.0,4969865.0,-475.48,0.0,0.0,8850.0,-790469.0,7196.0,783276.0,799319.0,0.0,-7131865.0,199144.4,341649.4,-36.12086455858161,0.009187055392990466,16.915367231638417,-0.18938250582881808,-29.695429228948523,-36.12086455858161,13.163599078521738,0.0,-0.004784632850370148,-0.2519319543207893,0.0,0.0,0.0,0.0,0.009187055392990466,-1175.7533333333333,-1.0591773128104756,0.0,-77.98338870431895,-12.648887322497488,-1.0,0.9632520466842408,0.0,-84.9355240989726,42.044431597638024,0.35331053153771463,0.0,0.8959475971763549,Software—Application,Technology,OMQS
