Year,Date,FillingDate,NetIncome,Revenue,OperatingIncome,EPSDiluted,GrossProfit,GrossProfitRatio,TotalAssets,CommonStockEquity,CurrentAssets,CurrentLiability,TotalLiability,Inventory,RetainedEarnings,EnterpriseValue,bookValuePerShare,currentRatio,debtToAssets,debtToEquity,roic,shareholdersEquityPerShare,roe,priceToSalesRatio,peRatio,pbRatio,payoutRatio,inventoryTurnover,dividendYield,assetTurnover,quickRatio,returnOnAssets,priceToFreeCashFlowsRatio,grossProfitMargin,epsdilutedGrowth,fiveYNetIncomeGrowthPerShare,fiveYRevenueGrowthPerShare,fiveYShareholdersEquityGrowthPerShare,grossProfitGrowth,netIncomeGrowth,operatingIncomeGrowth,threeYNetIncomeGrowthPerShare,threeYRevenueGrowthPerShare,threeYShareholdersEquityGrowthPerShare,Industry,Sector,Price,MarketCap,AvgVolume,Symbol
2022,2022-12-31,2023-03-22,-27410000.0,0.0,-30640000.0,-0.96,0.0,0.0,57422000.0,52191000.0,45596000.0,4819000.0,5231000.0,-22000.0,-101835000.0,-12373339.18,1.8245796266916585,9.461714048557791,0.007854132562432517,0.008641336628920694,-0.5461830355353696,1.8245796266916585,-0.5251863348086835,0.0,-1.1061897417001096,0.5809557360464449,0.0,0.0,0.0,0.0,8.957667565885039,-0.4773431785726725,-1.0943716458528838,0.0,-11.339331619537276,0.6975377405557661,0.0,-0.6701227611964692,0.0,-12.102294455066922,-0.3340299547196099,0.5074964704499689,0.0,-0.2047240836829205,Biotechnology,Healthcare,0.5899,17505577,283157,MBRX
2021,2021-12-31,2022-03-24,-2092000.0,0.0,-22968000.0,-0.0778,0.0,0.0,84090000.0,78993000.0,72497000.0,3622000.0,5097000.0,0.0,-72810000.0,-20754775.779999994,2.939173037640711,20.015737161789065,0.0018908312522297537,0.0020128365804564963,-0.03811695726614209,2.939173037640711,-0.02648335928499994,0.0,-23.895422667304018,0.6328310637651439,0.0,0.0,0.0,0.0,19.588072887907234,-0.02487810679034368,-2.6351725998945708,0.0,0.9392187499999999,0.9675286046629741,0.0,-0.6782075869261306,0.0,0.8342576453810806,-0.1634079627190761,0.9717025495644241,0.0,-0.11088162153034788,Biotechnology,Healthcare,0.5899,17505577,283157,MBRX
2020,2020-12-31,2021-03-24,-12622000.0,0.0,-19742000.0,-1.28,0.0,0.0,29031000.0,17760000.0,17198000.0,2920000.0,11271000.0,1860000.0,-56916000.0,32191973.081000008,1.8038358935919645,5.88972602739726,0.009541524577176122,0.015596846846846847,-0.7839917553348551,1.8038358935919645,-0.7106981981981982,0.0,-3.73062692766598,2.651349835641892,0.0,0.0,0.0,0.0,5.196575342465754,-0.43477661809789536,-2.5948075759629696,0.0,0.34358974358974353,0.0,0.0,0.0,0.0,0.04414994320333207,-0.12656927642090846,0.5953521917581304,0.0,-0.6738731513122528,Biotechnology,Healthcare,0.5899,17505577,283157,MBRX
2019,2019-12-31,2020-03-19,-13205000.0,0.0,-17524000.0,-1.95,0.0,0.0,25235000.0,15571000.0,13484000.0,3570000.0,9664000.0,2209000.0,-39561000.0,26908158.630599998,2.2942724521839937,3.77703081232493,0.015018823063205865,0.024340119452828976,-1.0548888867189772,2.2942724521839937,-0.8480508637852417,0.0,-2.821973391185157,2.3931769719735407,0.0,0.0,0.0,0.0,3.0100840336134453,-0.5232811571230434,-2.1602410800347824,0.0,0.29090909090909095,0.0,0.0,0.0,0.0,-0.11190636577972381,-0.16632279534109817,0.18834846349127654,0.0,-0.7488138809173985,Biotechnology,Healthcare,0.5899,17505577,283157,MBRX
2018,2018-12-31,2019-02-21,-11876000.0,0.0,-15025000.0,-2.75,0.0,0.0,19585000.0,14272000.0,7974000.0,3878000.0,5313000.0,0.0,-26356000.0,19806388.8,3.3057162114898655,2.0562145435791646,0.0,0.0,-1.0527606502242153,3.3057162114898655,-0.8321188340807175,0.0,-2.2684732906702596,1.8876393497757848,0.0,0.0,0.0,0.0,1.8396080453842187,-0.6063824355374011,-2.134737622820919,0.0,0.13249211356466875,0.0,0.0,0.0,0.0,-0.21121876593574707,-0.7363920027736045,0.0,0.0,0.0,Biotechnology,Healthcare,0.5899,17505577,283157,MBRX
2017,2017-12-31,2018-03-28,-9805000.0,0.0,-8653000.0,-3.17,0.0,0.0,19483000.0,17118000.0,8302000.0,2215000.0,2365000.0,0.0,-14480000.0,26824760.36,5.531086756120045,3.748081264108352,0.0,0.0,-0.5054912957121159,5.531086756120045,-0.572788877205281,0.0,-3.52256607445181,2.0176866666666666,0.0,0.0,0.0,0.0,3.4826185101580136,-0.5032592516552892,-4.697872736670294,0.0,-0.32083333333333336,0.0,0.0,0.0,0.0,-1.4972232558340917,-1.2283472657615073,0.0,0.0,0.0,Biotechnology,Healthcare,0.5899,17505577,283157,MBRX
2016,2016-12-31,2017-04-03,-3926361.0,0.0,-3883147.0,-2.4,0.0,0.0,16392936.0,14960369.0,5222268.0,1345067.0,1432567.0,0.0,-4674721.0,17695955.28,9.133754924688064,3.8825337325203875,0.01808169079657238,0.019813147656986267,-0.2545194166449659,9.133754924688064,-0.26245081254346064,0.0,-5.7067496544510306,1.4977410837927863,0.0,0.0,0.0,0.0,3.7226517340771874,-0.2395154229846319,-5.917733790234723,0.0,0.0,0.0,0.0,0.0,0.0,0.0,0.0,0.0,0.0,0.0,Biotechnology,Healthcare,0.5899,17505577,283157,MBRX
2015,,,,,,,,,28091.0,-744699.0,28091.0,772790.0,772790.0,0.0,-748360.0,421909.0,0.0,0.036350108050052406,16.019365633120927,-0.6042709873385086,,0.0,,0.0,0.0,0.0,0.0,0.0,,,0.036350108050052406,,0.0,0.0,0.0,0.0,0.0,0.0,0.0,0.0,0.0,0.0,0.0,0.0,Biotechnology,Healthcare,0.5899,17505577,283157,MBRX
TTM,,,,,,,,,,,,,,,,-19451423.0,1.589010132670033,7.8078298887122415,0.006031882809133994,0.006741966552841257,-0.6499403790589048,1.589010132670033,-0.5093352376589371,0.0,-0.5982014624739869,0.37123740615095,0.0,0.0,0.0,0.0,7.40560413354531,-0.5552269789667463,-0.6040780220159426,0.0,,,,,,,,,,,Biotechnology,Healthcare,0.5899,17505577,283157,MBRX
