Quarters,Year,Quarter,FillingDate,Date,NetIncome,Revenue,OperatingIncome,EPSDiluted,GrossProfit,GrossProfitRatio,TotalAssets,CommonStockEquity,CurrentAssets,CurrentLiability,TotalLiability,Inventory,RetainedEarnings,MarketCap,EnterpriseValue,bookValuePerShare,currentRatio,debtToAssets,debtToEquity,roic,shareholdersEquityPerShare,roe,priceToSalesRatio,peRatio,pbRatio,payoutRatio,inventoryTurnover,dividendYield,assetTurnover,quickRatio,returnOnAssets,priceToFreeCashFlowsRatio,grossProfitMargin,epsdilutedGrowth,fiveYNetIncomeGrowthPerShare,fiveYRevenueGrowthPerShare,fiveYShareholdersEquityGrowthPerShare,grossProfitGrowth,netIncomeGrowth,operatingIncomeGrowth,threeYNetIncomeGrowthPerShare,threeYRevenueGrowthPerShare,threeYShareholdersEquityGrowthPerShare,Industry,Sector,Symbol
2023Q1,2023,Q1,2023-04-14,2023-02-28,-2153000.0,8411000.0,-1994000.0,-0.0985,5246000.0,0.6237070503,54125000.0,44720000.0,38193000.0,7583000.0,9405000.0,17994000.0,-63536000.0,180783854.0,168654854.0,2.045726937539455,5.036660952129764,0.04243879907621247,0.051364042933810375,-0.03935626084637098,2.045726937539455,-0.04814400715563506,21.49374081559862,-20.992087087784483,4.042572763864043,0.0,0.175891963987996,0.0,0.15539953810623558,2.4532506923381248,-0.03977829099307159,-50.54063572826391,0.6237070502912853,-14.634920634920636,-1.1554940652720904,126.28841996299748,190.10133604442737,-0.39443610758397785,-15.067164179104477,-78.76,0.5487676272807899,26.102572646226683,8.848322604348787,Aerospace & Defense,Industrials,BYRN
2022Q4,2022,Q4,2023-02-09,2022-11-30,-134000.0,16018000.0,-25000.0,-0.0063,8663000.0,0.5408290673,57049000.0,45994000.0,42645000.0,8923000.0,11055000.0,15462000.0,-61383000.0,184798935.54,167279935.54,2.1553589518040575,4.779222234674437,0.044680888359129874,0.05542027220941862,0.0034509471047068857,2.1553589518040575,-0.0029134234900204375,11.536954397552753,-344.77413347014925,4.0178922368134975,0.0,0.475682317940758,0.0,0.2807761748672194,2.9119130337330494,-0.002348857999263791,-91.52993340267459,0.5408290672992883,0.9106382978723404,0.9858279946764871,50.58678013913922,36.43705067801516,0.25970626726770396,0.9126466753585397,0.9822190611664295,0.9755205561851787,14.610097431080568,12.3060817364006,Aerospace & Defense,Industrials,BYRN
2022Q3,2022,Q3,2022-10-03,2022-08-31,-1534000.0,12422000.0,-1406000.0,-0.0705,6877000.0,0.5536145548,57913000.0,47240000.0,44086000.0,8450000.0,10673000.0,15422000.0,-61250000.0,194244279.47,172305279.47,2.1717664023416092,5.217278106508876,0.043479011620879596,0.05330228619813717,-0.02981070458840737,2.1717664023416092,-0.032472480948348856,15.637117973756238,-31.65649926173403,4.111860276672312,0.0,0.35955129036441447,0.0,0.21449415502564192,3.2106508875739643,-0.026488007873879785,-215.3484251330377,0.5536145548220899,0.4576923076923078,0.3027913571145894,45.05119538505365,7.211572912258275,0.12295885042455912,0.48798397863818427,0.4623326959847036,0.4999999074558157,18.35290498212706,126.48478016765505,Aerospace & Defense,Industrials,BYRN
2022Q2,2022,Q2,2022-07-07,2022-05-31,-2996000.0,11619000.0,-2615000.0,-0.13,6124000.0,0.5270677339,56718000.0,45682000.0,43691000.0,9567000.0,11036000.0,13468000.0,-59715000.0,186163029.0,161897029.0,1.9778197743011583,4.566844360823665,0.027874748757008357,0.03460881747734337,-0.05446493385476287,1.9778197743011583,-0.06558381857186638,16.02229357087529,-15.53429814753004,4.075194365395561,0.0,0.408004158004158,0.0,0.2048556013963821,2.968119577715062,-0.0528227370499665,-38.695287674080234,0.5270677338841553,0.07142857142857148,-0.14871734928664065,28.088021358500033,8.263186432695019,0.32726484612050283,0.06985408258304875,0.23291287767673804,-0.8430000486161114,48.28860773584143,239.63195068194858,Aerospace & Defense,Industrials,BYRN
2022Q1,2022,Q1,2022-04-06,2022-02-28,-3221000.0,7977000.0,-3409000.0,-0.14,4614000.0,0.5784129372,70496000.0,61407000.0,59808000.0,7603000.0,9089000.0,12072000.0,-56719000.0,238141723.82,195009723.82,2.581169146422281,7.86636853873471,0.022256581933726736,0.025550832966925594,-0.05091885688248193,2.581169146422281,-0.05245330336932272,29.85354441770089,-18.48352404687985,3.8780875766606413,0.0,0.27857852882703776,0.0,0.11315535633227417,6.0242009733000135,-0.04569053563322742,-25.477877802503475,0.578412937194434,0.0,-50.879655269377295,42.78653081562459,13.051598648855528,-0.19052631578947368,-0.004052369077306733,-0.1000322684737012,-0.5692832657785419,308.23858469619586,60.91000874376463,Aerospace & Defense,Industrials,BYRN
2021Q4,2021,Q4,2022-02-11,2021-11-30,-3208000.0,11163000.0,-3099000.0,-0.14,5700000.0,0.510615426,75314000.0,66098000.0,66161000.0,8179000.0,9216000.0,6613000.0,-53498000.0,348089728.0,292876728.0,2.7951487267099133,8.089130700574643,0.014539129511113472,0.016566310629671094,-0.041870375117353045,2.7951487267099133,-0.04853399497715513,31.182453462330916,-27.12669326683292,5.266267179037187,0.0,0.8261001058521095,0.0,0.14821945455028282,7.087174471206749,-0.042595002257216456,-165.59929971455756,0.5106154259607633,-0.6766467065868265,-0.1615862752319251,35.227803048194374,16.36433834053082,0.16612111292962356,-0.7425312330255296,-0.717849223946785,0.06374036493294244,146.9227579716892,166.94999732633224,Aerospace & Defense,Industrials,BYRN
2021Q3,2021,Q3,2021-10-08,2021-08-31,-1841000.0,8703000.0,-1804000.0,-0.0835,4888000.0,0.5616454096,76278000.0,68258000.0,67956000.0,6887000.0,8020000.0,7551000.0,-50290000.0,645552878.88,588198878.88,3.095941952063563,9.867286191375054,0.013988305933558823,0.015631867326906735,-0.024637590848948242,3.095941952063563,-0.02697119751530956,74.17590243364357,-87.66334585551331,9.457541663687774,0.0,0.5052310952191763,0.0,0.11409580744120192,8.6409176709743,-0.024135399459870473,-558.4367464359862,0.5616454096288636,-2.67,0.1712039991314844,69.39159441102923,23.365541836445153,-0.35361015604337476,-1.9037800687285222,-1.8917449332674245,-6.9911201408964025,68.93725863970104,77.60567324275141,Aerospace & Defense,Industrials,BYRN
2021Q2,2021,Q2,2021-07-01,2021-05-31,2037000.0,13401000.0,2023000.0,0.05,7562000.0,0.5642862473,22033000.0,13150000.0,14428000.0,7978000.0,8883000.0,6607000.0,-48450000.0,421343728.83000004,419589728.83000004,0.7387329600569055,1.8084733015793433,0.11968411019833886,0.200532319391635,0.10968087858598376,0.7387329600569055,0.15490494296577947,31.441215493619882,51.71130692562593,32.0413482,0.0,0.8837596488572725,0.0,0.6082240275949712,0.7820255703183755,0.0924522307447919,150.96514827302045,0.564286247294978,3.73224043715847,2.1779972577096847,188.3111233819292,16.204448841984757,0.5953586497890295,8.488970588235293,5.922141119221411,2.8093394016208357,49.62350783199889,22.70254323405126,Aerospace & Defense,Industrials,BYRN
2021Q1,2021,Q1,2021-04-12,2021-02-28,-272000.0,8893000.0,-411000.0,-0.0183,4740000.0,0.5330034859,17525000.0,9044000.0,12919000.0,7529000.0,8481000.0,7585000.0,-50487000.0,220323456.0,219512456.0,0.6075213344511081,1.7158985257006243,0.06641940085592012,0.12870411322423705,-0.017672081583248848,0.6075213344511081,-0.03007518796992481,24.774930394692454,-202.50317647058824,24.361284387439188,0.0,0.5475280158206988,0.0,0.5074465049928674,0.3576836233231505,-0.015520684736091299,-38.96082334217507,0.5330034858877769,0.8336363636363636,0.7719049803764761,105.96057891586754,14.71946090512056,-0.03198315405620502,0.8342670031696435,0.6731002031391925,0.6001226395206244,196.62626644368189,55.75153245463925,Aerospace & Defense,Industrials,BYRN
2020Q4,2020,Q4,2021-02-26,2020-11-30,-1641194.0,11029154.0,-1257266.0,-0.11,4896609.0,0.4439695919,21216120.0,8409045.0,16605993.0,11864250.0,12807075.0,4816615.0,-50215448.0,209831295.744,207932134.744,0.564868889856194,1.3996664770213034,0.06013884725388054,0.1517310229639632,-0.14205099391083506,0.564868889856194,-0.19517008173936518,19.02514877786637,-31.963207235707664,24.95304707538133,0.0,1.2732063907951954,0.0,0.5198478326857126,0.38617013296247127,-0.07735599157621657,-79.18870319496497,0.44396959186534163,-1.619047619047619,0.5048904039775749,58.968409535559644,4.048539516543043,1.2993805217479506,-1.8978031563074946,-1.2199139060452928,0.7511893405046837,49.91607135902042,8.811370508972635,Aerospace & Defense,Industrials,BYRN
2020Q3,2020,Q3,2020-10-09,2020-08-31,-566358.0,4198157.0,-566358.0,-0.042,2129534.0,0.5072544929,21909431.0,8778918.0,17600639.0,12179570.0,13130513.0,3061254.0,-48574254.0,213200080.8,209856480.8,0.6505949898307919,1.4450952701942679,0.05982848208152918,0.1493131613713672,-0.050642905895122964,0.6505949898307919,-0.06451341725711529,50.78420859439035,-94.1101215132478,24.28546214920791,0.0,0.6757436658310614,0.0,0.19161415008906438,0.47760495649682216,-0.025849963880851128,38.66868077456313,0.5072544928643689,0.9669291338582677,0.5759120647890056,152.67562926405213,2.1811050426736918,3.125197103594162,0.9629094191193465,0.3362025013800839,0.5850507893948391,24.088492113420717,2.8607978331954267,Aerospace & Defense,Industrials,BYRN
2020Q2,2020,Q2,2020-07-20,2020-05-31,-15269591.0,1190404.0,-853209.0,-1.27,516226.0,0.4336561369,7662057.0,5777557.0,4557285.0,1209023.0,1884500.0,1142165.0,-48007896.0,51895663.699999996,50224934.699999996,0.4787200572983519,3.76939479232405,0.13667635205532927,0.18125688764299513,-0.2141741595261556,0.4787200572983519,-2.6429148167642484,43.59500110886724,-0.849657068417877,8.982285021160328,0.0,0.5902632281675589,0.0,0.15536350095020177,2.5902642050647504,-1.9928840257909854,-47.57460504736314,0.4336561369081421,-3.535714285714285,-10.252976926011424,11.150127607399957,0.4648032940258262,16.094768852890436,-5.68436853351007,0.47550249982019,-10.204553526114674,4.703423044659816,2.758013076017983,Aerospace & Defense,Industrials,BYRN
2020Q1,2020,Q1,2020-06-03,2020-02-29,-2284373.0,148580.0,-1626717.0,-0.28,-34199.0,-0.2301722978,3721498.0,-2728024.0,2262976.0,4390172.0,6449522.0,1377140.0,-39946496.0,19885246.099999998,24746212.099999998,-0.2606578552729101,0.5154640866007072,1.3867310959189014,-1.8917417881954117,-0.8409960874012286,-0.2606578552729101,0.8373727650489878,133.83528132992325,-2.176225828706608,-7.289248958220309,0.0,0.13272361560916102,0.0,0.03992478297717747,0.12056179120089144,-0.6138315807236763,-26.814086491719895,-0.23017229775205278,-0.07692307692307698,-0.8763820275625867,0.8225343033229117,-1.4319804200117545,-1.638732210227485,0.14431741988650199,-1.1092556286856805,-82.63680258499643,0.8538959080766264,-0.2170236347256635,Aerospace & Defense,Industrials,BYRN
2019Q4,2019,Q4,2020-05-18,2019-11-30,-2669650.0,500442.0,-771228.0,-0.26,53542.0,0.1069894214,3566419.0,-1983993.0,2949208.0,3675440.0,5550412.0,959748.0,-37662123.0,14570038.0,18121688.0,-0.1906371280569069,0.8024095074331237,1.2992163848386855,-2.3354669094094587,-0.4516734578391525,-0.1906371280569069,1.345594465303053,29.11433892439084,-1.364414623639803,-7.343795063793068,0.0,0.46564306463780075,0.0,0.14032058487799667,0.4537176501316849,-0.7485519788897491,-9.279327406552577,0.10698942135152525,-0.857142857142857,0.018306615712500206,16.696548203566973,-302.4287986056133,-0.09895324963818114,-0.8187088607939875,-0.09269428906608633,-1.1964543868486732,2.6903331391618215,-0.04789176609613672,Aerospace & Defense,Industrials,BYRN
2019Q3,2019,Q3,2019-10-15,2019-08-31,-1467882.0,307101.0,-705804.0,-0.14,59422.0,0.1934933458,4112436.0,-180117.0,3509711.0,3014877.0,4292553.0,666912.0,-35941684.0,14570038.0,15891294.0,-0.01730701045529188,1.164130742315524,0.778767864107794,-17.780848004352727,-0.31538413227995415,-0.01730701045529188,8.149602758207166,47.443798619997985,-2.4814729658106027,-80.89207570634642,0.0,0.37138183148601317,0.0,0.07467617733139191,0.7309100835622813,-0.3569373480827422,-14.178140031392285,0.19349334583736294,-0.9886363636363638,-0.43234311279432097,220.6657538079701,-1.1198687403007275,0.9492209283254059,-1.012512030798845,0.0032199569542596643,-0.3999518678978051,4.262124880215909,0.8749716007615645,Aerospace & Defense,Industrials,BYRN
2019Q2,2019,Q2,2019-08-05,2019-05-31,-729378.0,105769.0,-708084.0,-0.0704,30485.0,0.288222447,2782283.0,-85892.0,2204430.0,2868175.0,2868175.0,587476.0,-34854841.0,15026664.65,15878707.65,-0.008288159941068492,0.7685828096263303,0.5717452178660474,-18.520432636334,-0.47750016081517466,-0.008288159941068492,8.49180366041075,142.07059393584132,-5.1505065446174685,-174.94836131420854,0.0,0.12814821371426238,0.0,0.038015183933481966,0.2823126203945017,-0.26215090269393876,-25.124756555121206,0.2882224470307935,-0.08641975308641987,0.47587307455828326,0.9434736663303406,-1.038313124905168,4.484886649874055,0.17469890424227064,0.35828301255821665,0.2754813079174974,1.5664984602807195,0.8294148080133639,Aerospace & Defense,Industrials,BYRN
2019Q1,2019,Q1,2019-04-15,2019-02-28,-883772.0,11107.0,-1103421.0,-0.0648,5558.0,0.5004051499,1894260.0,-441336.0,1362931.0,2096447.0,2335596.0,315640.0,-34136110.0,14341028.799999999,15248622.799999999,-0.04308410565356371,0.6501146940514118,0.6643876764541299,-2.8516209871843676,-1.0146776140014029,-0.04308410565356371,2.002492432069897,1291.1703250202575,-4.0567671299837516,-32.494581905849515,0.0,0.01758015460651375,0.0,0.005863503426140023,0.17591525089830556,-0.4665526379694445,-17.352860717587326,0.500405149905465,0.5371428571428573,0.1479493123871542,0.12484708494163414,-1.1368407110378063,1.746942615239887,0.3535893458084741,-0.07924061404238046,-0.07704508766201872,-0.8058582357012052,-2.114790339116531,Aerospace & Defense,Industrials,BYRN
2018Q4,2018,Q4,2019-03-01,2018-11-30,-1367199.0,30112.0,-1022405.0,-0.14,-7441.0,-0.2471107864,2657085.0,157037.0,2231669.0,2332971.0,2500048.0,129121.0,-33252338.0,15097222.4,15060273.4,0.016642743502274963,0.9565781143443275,0.4310882038022871,7.294064456147278,-0.8982337306720539,0.016642743502274963,-8.70622210052408,501.3689691817216,-2.760611732454456,96.13799550424422,0.0,0.2908357277282549,0.0,0.011332719879115648,0.5149232459383336,-0.5145484619423165,-26.42617758157739,-0.24711078639744952,-11.071942446043167,0.30026081959818296,-0.6398864471803601,-0.9710664539383256,-1.3106240868294718,-11.396080936195451,-1.7721501140144191,0.3492785766036074,-0.7416896062015613,-0.8512547783321621,Aerospace & Defense,Industrials,BYRN
2018Q3,2018,Q3,2018-10-15,2018-08-31,131511.0,53257.0,-368813.0,0.0139,23955.0,0.4498000263,1171799.0,-381337.0,770470.0,1553136.0,1553136.0,159738.0,-32057536.0,14153646.0,14646151.0,-0.04041400357194182,0.4960737501416489,0.824719939170455,-2.5342571006747314,0.698698499376649,-0.04041400357194182,-0.3448681874562395,265.7612332651107,26.905821566256815,-37.11584766230394,0.0,0.18343787952772667,0.0,0.04544892084734669,0.32661724407907616,0.11222999848950203,-32.087232117959914,0.44980002628762417,1.2199367088607593,1.0943816709293193,0.0,-1.0652240040948386,-0.4051403029550534,1.222878467673462,0.02575014330583446,1.1408251316919773,1.7878938298943667,-1.1976055650086903,Aerospace & Defense,Industrials,BYRN
2018Q2,2018,Q2,2018-07-16,2018-05-31,-590057.0,138742.0,-378561.0,-0.0632,40270.0,0.2902509694,1508194.0,-317569.0,1366865.0,882502.0,1825763.0,179151.0,-31938885.0,15860255.4,15884715.4,-0.034039004189049815,1.548852013933113,0.6254241828305908,-2.9702552831038296,-0.7371344274750022,-0.034039004189049815,1.8580434488252946,114.31473814706433,-6.719798002565853,-49.94270662438714,0.0,0.5496592260160423,0.0,0.09199214424669505,1.1884890912428527,-0.3912341515746648,-29.955191457052955,0.2902509694252642,-0.3829321663019696,0.6570607243610586,0.0,0.9140991254609513,4.460338983050847,-0.3883596115792124,-0.32169428917572385,0.4374833903723741,0.831874731512687,-1.1041536587016336,Aerospace & Defense,Industrials,BYRN
2018Q1,2018,Q1,2018-04-16,2018-02-28,-425003.0,28116.0,-286421.0,-0.0457,7375.0,0.2623061602,1826976.0,99571.0,1800923.0,801677.0,1727405.0,190541.0,-31454576.0,13952119.5,13440260.5,0.010704932680658304,2.2464446404225145,0.5066995953969838,9.29716483715138,-0.3337703868670294,0.010704932680658304,-4.268341183677978,496.23415492957747,-8.207071185379869,140.12231975173495,0.0,0.10885321269438074,0.0,0.015389364720718827,1.8130444056646255,-0.23262648223074633,-29.324728866282737,0.26230616019348413,0.8961363636363636,0.7078957407262348,0.0,1.0424013805868007,-0.4420909297223693,0.8309281541224199,0.21398855097997244,0.6071971024805997,-0.6119413818601214,1.0998787726909172,Aerospace & Defense,Industrials,BYRN
2017Q4,2017,Q4,2018-03-15,2017-11-30,-2513742.0,82550.0,-364398.0,-0.44,13219.0,0.1601332526,2192357.0,326623.0,2165406.0,973558.0,1865734.0,157303.0,-31098864.0,7942492.6,6909982.6,0.05757288335402415,2.2242187933333195,0.4253563630375892,2.855074504857282,-0.5055163740043298,0.05757288335402415,-7.696157343481628,96.21432586311326,-0.7899072975667351,24.317003395351826,0.0,0.4407481103348315,0.0,0.03765353909057695,2.0558148564338232,-1.1465933696017574,-88.04448065624653,0.16013325257419744,-3.3999999999999995,-0.10557185227476959,0.0,1.1706002787950314,-0.4410098105548038,-3.380524357622703,0.1477764654980881,-0.6956886125477926,4.354954135660535,92.63624634104812,Aerospace & Defense,Industrials,BYRN
2017Q3,2017,Q3,2017-10-23,2017-08-31,-573845.0,70353.0,-427585.0,-0.1,23648.0,0.3361334982,541784.0,-1983537.0,511971.0,478877.0,2525321.0,210303.0,-29659794.0,7942492.6,9656170.6,-0.34963228042541705,1.0691075161262704,3.6334996972963394,-0.9924553965970889,32.74535781023247,-0.34963228042541705,0.28930390509478776,112.89486731198384,-3.460208157255008,-4.004206929338853,0.0,0.22208432594875013,0.0,0.1298543330921548,0.5897881919574337,-1.0591767198736028,-22.69685658602381,0.33613349821613864,0.09090909090909087,0.28513527449494963,0.0,-0.006958645286542234,-0.4744772106046801,0.09556074619055725,0.23059136418273557,-0.02719852408641409,92.15450414191713,-3.421560969835253,Aerospace & Defense,Industrials,BYRN
2017Q2,2017,Q2,2017-07-06,2017-05-31,-634476.0,97172.0,-555732.0,-0.11,44999.0,0.4630860742,915628.0,-1530046.0,868625.0,394644.0,2445674.0,232700.0,-29159079.0,7866345.199999999,9077576.2,-0.27230744971629267,2.201034349945774,1.9735296430428078,-1.181022662063755,-2.1391946284119085,-0.27230744971629267,0.41467772864345254,80.95279710204585,-3.09954403318644,-5.141247518048476,0.0,0.22420713364847444,0.0,0.10612606866544055,1.5661026140014798,-0.6929408012861118,-14.215267459742343,0.46308607417774666,-41.30769230769231,0.22971408204623886,0.0,0.5200559552290976,1.3288996998240348,-42.87497406818339,-0.07645134359812732,0.15909170374246828,2.2931463437853212,-2.2587775100588976,Aerospace & Defense,Industrials,BYRN
2017Q1,2017,Q1,2017-04-19,2017-02-28,-14461.0,42433.0,-516263.0,-0.0026,19322.0,0.455353145,1336820.0,-1186801.0,1276593.0,440749.0,2523621.0,45016.0,-28563975.0,7757720.6,8363079.6,-0.21417649405935038,2.8964172352064326,1.3130107269490283,-1.4789834184501025,-0.04949168183895376,-0.21417649405935038,0.012184856601907143,182.82281714703177,-134.11452527487725,-6.536665034828922,0.0,0.5133952372489782,0.0,0.0317417453359465,2.626072889558456,-0.010817462335991382,-15.53551308290311,0.45535314495793366,0.9783333333333333,0.9763892508013304,0.0,0.5105437238904312,-0.28884799411115203,0.9773284188841525,0.011870651622596729,0.9742267199208784,6.94413519563118,-1.6802523410914014,Aerospace & Defense,Industrials,BYRN
2016Q4,2016,Q4,2017-03-13,2016-11-30,-637847.0,71166.0,-522465.0,-0.12,27170.0,0.3817834359,405859.0,-993592.0,318489.0,1399451.0,1399451.0,7323.0,-28298613.0,10923128.0,11883842.0,-0.18192444508569341,0.22758138727258045,2.8422186030123764,-1.1609795570012642,-3.5912870331906572,-0.18192444508569341,0.6419606840634787,153.48801393924066,-4.281249265105895,-10.993574827494584,0.0,6.007920251263143,0.0,0.17534661052237355,0.16103457713060335,-1.5715975252489165,-34.94081594789807,0.38178343591040664,-0.1999999999999999,-0.2808931308803658,0.0,0.6026969964901677,1.2749727874068493,-0.1591885914297605,-0.20493861896711968,0.4359975116318236,0.47038974031078234,-1.3162771396982675,Aerospace & Defense,Industrials,BYRN
2016Q3,2016,Q3,2016-10-14,2016-08-31,-550253.0,30627.0,-433603.0,-0.1,11943.0,0.3899500441,725045.0,-756015.0,662921.0,1481060.0,1481060.0,16984.0,-27937161.0,10923128.0,11833496.0,-0.13842463440875177,0.44759901692031384,1.9289726844540684,-1.849952712578454,-0.7547931982265725,-0.13842463440875177,0.7278334424581523,356.65027590034936,-4.9627753051778,-14.448295338055463,0.0,1.1000942063118229,0.0,0.042241516043831764,0.33968779117658976,-0.7589225496348503,-20.5685383949083,0.38995004407875405,-0.02986611740473738,-0.13598719046872426,0.0,0.6349224055664822,0.19239217252396165,-0.03713888820825221,-0.04760581687803063,0.3177429318631483,0.0,-1.223402982222015,Aerospace & Defense,Industrials,BYRN
2016Q2,2016,Q2,2016-07-14,2016-05-31,-530549.0,21719.0,-413899.0,-0.0971,10016.0,0.461163037,1232619.0,-265359.0,1147369.0,99386.0,1497978.0,13258.0,-27445233.0,14200066.4,14584492.4,-0.04858663196110125,11.544573682409997,1.1346506909272045,-5.270565535745914,-0.41034827210618174,-0.04858663196110125,1.999363126933701,653.8084810534555,-6.691213441171315,-53.512661714884366,0.0,0.8827123246341831,0.0,0.017620205432497794,10.428259513412351,-0.43042416188619514,-32.38106036075069,0.4611630369722363,-0.21223470661672908,-0.420264422146256,0.0,0.8379785069783865,0.014895126152599048,-0.21270283181673763,-0.284957669871566,0.47326401677433727,0.0,0.8773867133954485,Aerospace & Defense,Industrials,BYRN
2016Q1,2016,Q1,2016-04-14,2016-02-29,-437493.0,30503.0,-322111.0,-0.0801,9869.0,0.3235419467,1708488.0,211077.0,1595587.0,98819.0,1497411.0,15042.0,-26973009.0,12506981.56,12441211.56,0.03864772068953142,16.146560884040518,0.8186138854940743,6.625980092572853,-0.23050631988500306,0.03864772068953142,-2.0726701630210775,410.02463888797826,-7.146960957089599,59.25317092814471,0.0,1.3717590745911448,0.0,0.017853798212220395,15.065513716997744,-0.2560702796858977,-33.09329364354869,0.32354194669376785,0.6359090909090909,0.3706498219275098,0.0,1.1533771089942244,-0.3309606128398075,0.6302196910531174,0.698322803245003,0.48790692415833015,0.0,1.1530805248995193,Aerospace & Defense,Industrials,BYRN
2015Q4,2015,Q4,2016-02-29,2015-11-30,-1183116.0,65643.0,-1067734.0,-0.22,14751.0,0.2247155066,2166418.0,594497.0,2026040.0,173329.0,1571921.0,44319.0,-26593207.0,13283355.0,12830926.0,0.11188758412313757,11.688984532305616,0.6455780925010778,2.352563595779289,-0.5631799038839299,0.11188758412313757,-1.9901126498535737,202.3575247931996,-2.806858118730539,22.343855393719394,0.0,1.1483111081026196,0.0,0.030300246766782772,10.908140011192588,-0.5461162157995364,-41.36312823067821,0.22471550660390294,-1.222222222222222,0.40419573000507214,0.0,1.4368128266477502,1.7953382603752133,-1.2498559510747096,-1.6092377319391125,0.4444097551454352,0.0,1.3315458933632789,Aerospace & Defense,Industrials,BYRN
2015Q3,2015,Q3,2015-10-15,2015-08-31,-525863.0,10757.0,-409213.0,-0.099,5277.0,0.4905642837,2545867.0,1086677.0,2437065.0,60598.0,1459190.0,68928.0,-25467782.0,19128031.2,18365675.2,0.2045185497188022,40.21692135053962,0.5493578415526027,1.2870356140785164,-0.18519604994301994,0.2045185497188022,-0.48391840445689016,1778.1938458678069,-9.093638076837504,17.60231531540651,0.0,0.07950324976787372,0.0,0.004225279639509841,35.93489884154592,-0.20655556633555483,-37.57711901366117,0.4905642837222274,0.09999999999999996,0.7606800867138842,0.0,1.519153102215732,-0.6048079083352056,0.002738442690880265,0.003516316536671724,0.3005399849674725,0.0,1.5890237637961595,Aerospace & Defense,Industrials,BYRN
2015Q2,2015,Q2,2015-07-15,2015-05-31,-527307.0,38073.0,-410657.0,-0.11,13353.0,0.3507209834,3056766.0,1532740.0,2936173.0,125434.0,1524026.0,91452.0,-25000244.0,18759712.0,19993578.0,0.32681525174800125,23.408111038474416,0.4575397658832897,0.9124783068230751,-0.1575148788034794,0.32681525174800125,-0.3440289938280465,492.73007117905075,-8.894112917143145,12.23933087151115,0.0,0.27030573415562265,0.0,0.012455320426882528,1.3872554490807916,-0.17250486298264245,-46.735239310021825,0.3507209833740446,0.0833333333333333,0.4145287371477413,0.0,1.596010404247776,6.929334916864608,0.03343964806158922,0.04816241574648383,0.23302874831501003,0.0,1.5760144791491233,Aerospace & Defense,Industrials,BYRN
2015Q1,2015,Q1,2015-04-14,2015-02-28,-545550.0,36532.0,-431436.0,-0.12,1684.0,0.0460965729,1011348.0,-502663.0,878963.0,115419.0,1514011.0,109333.0,-24531262.0,16129131.384799998,16966503.3848,-0.10717925733614674,7.6154099411708644,1.3828988636947914,-2.782365123353022,-0.5377977758753207,-0.10717925733614674,1.085319587874978,441.50693596846594,-7.391225086976446,-32.087365461153894,0.0,0.3187326790630459,0.0,0.03612208656169785,5.017085575165267,-0.5394285646483703,-31.797454065285873,0.046096572867622906,0.5384615384615385,0.6557452181525251,0.0,0.7415454043600156,-0.2668698302133217,0.5545959767904948,0.6115271543632017,-0.05241232361309417,0.0,0.7550638766296991,Aerospace & Defense,Industrials,BYRN
2014Q4,2014,Q4,2015-02-24,2014-11-30,-1224843.0,12737.0,-1110595.0,-0.26,2297.0,0.1803407396,1557052.0,-2945.0,1412876.0,161405.0,1559997.0,120246.0,-24042769.0,14999769.600000001,15313355.600000001,-0.0006282763169908956,8.75360738514916,0.8982307591525523,-474.9039049235993,-0.8346842243883122,-0.0006282763169908956,415.90594227504243,1177.6532621496428,-3.0615698501767166,-5093.300373514431,0.0,0.08682201486951749,0.0,0.00818020207417607,6.768061708125523,-0.7866423215152737,-24.856113372131563,0.18034073957760854,-1.6395939086294415,0.2631931169218965,0.0,0.9984098296510587,7.203571428571428,-1.6535934260440792,-1.590327162639039,-1.8658880475683934,0.0,0.9986279135403876,Aerospace & Defense,Industrials,BYRN
2014Q3,2014,Q3,2014-10-15,2014-08-31,-461579.0,624.0,-428747.0,-0.0985,280.0,0.4487179487,2145736.0,676785.0,1989536.0,70359.0,1468951.0,32886.0,-22875050.0,14062284.0,13754495.0,0.14438301772315223,28.276922639605452,0.6518005942949179,2.066523341977142,-0.2142057261615957,0.14438301772315223,-0.6820171841870017,22535.71153846154,-7.61640152606596,20.77806688978036,0.0,0.01046037827647023,0.0,0.00029080930738916626,24.254622720618542,-0.2151145341272179,-36.8298089665757,0.44871794871794873,0.2423076923076923,0.8317124580423364,0.0,4.882569462661968,-0.972650908380543,0.2662949228032751,0.3227612264465369,-0.1102977875895545,0.0,1.3807920823671525,Aerospace & Defense,Industrials,BYRN
2014Q2,2014,Q2,2014-07-15,2014-05-31,-629107.0,24603.0,-633081.0,-0.13,10238.0,0.4161281145,1106058.0,1013476.0,937835.0,92582.0,92582.0,33024.0,-22429888.0,11009580.8,10178767.8,0.21632691046692715,10.129776846471236,0.0,0.0,-0.6226962887417133,0.21632691046692715,-0.6207418823928736,447.48936308580255,-4.375082776061942,10.863188472149316,0.0,0.43498667635658916,0.0,0.02224386062937025,9.111760385388088,-0.5687830113791501,-21.596983761431538,0.41612811445758646,-0.3,0.7553466678039985,0.0,-0.41386789473819263,3.371477369769428,-0.32616958170576693,-0.3120985709696473,-0.9632804032677826,0.0,1.721383796322111,Aerospace & Defense,Industrials,BYRN
2014Q1,2014,Q1,2014-04-14,2014-02-28,-474379.0,4516.0,-482495.0,-0.1,2342.0,0.5186005314,1595339.0,1475043.0,1453344.0,120296.0,120296.0,23777.0,-21798794.0,10306841.600000001,8909686.600000001,0.3148485953252643,12.081399215269004,0.0,0.0,-0.32433127774208587,0.3148485953252643,-0.3216035057961022,2282.294419840567,-5.431754778352331,6.987485517371359,0.0,0.09143289733776339,0.0,0.002830746317867237,11.790159273791314,-0.2973531017545487,-23.1617540910664,0.5186005314437555,0.5238095238095237,0.8183969133471098,0.0,-0.6570077110417988,-0.8158370684909964,0.32543893203041346,-0.23346311459694097,0.20446221384872806,0.0,2.249506218227303,Aerospace & Defense,Industrials,BYRN
2013Q4,2013,Q4,2014-03-17,2013-11-30,-703241.0,30096.0,-391171.0,-0.21,12717.0,0.4225478469,2060009.0,1953480.0,1907872.0,106529.0,106529.0,0.0,-21320357.0,10528037.1,8685888.1,0.5752057997591973,17.909414337879827,0.0,0.0,-0.25734220226160076,0.5752057997591973,-0.3599939594979217,349.8151614832536,-3.742684620208435,5.389375422323239,0.0,0.0,0.0,0.014609644909318358,17.483502144955832,-0.3413776347579064,-13.56850938953522,0.42254784688995217,-0.4,0.5866402022565347,0.0,-0.5919546689471714,0.0,-0.4022360293032697,-0.009015260165705382,0.44593269393016643,0.0,3.2456224545922296,Aerospace & Defense,Industrials,BYRN
2013Q3,2013,Q3,2013-10-21,2013-08-31,-501514.0,0.0,-387676.0,-0.15,0.0,0.0,3064858.0,2104312.0,2902246.0,960546.0,960546.0,0.0,-20773151.0,13244949.9,10879067.9,0.6196185611845916,3.0214544644400165,0.1704271454011899,0.24822127137040514,-0.1664890562819069,0.6196185611845916,-0.2383268260600139,0.0,-6.602482632588522,6.29419491976475,0.0,0.0,0.0,0.0,3.0068492295007214,-0.16363368221300953,-60.35465568780417,0.0,0.16666666666666666,0.7589745489764117,0.0,-0.6759652358759467,0.0,0.18273342372174275,0.24263688862146301,0.6429152188853609,0.0,2.5728494978656506,Aerospace & Defense,Industrials,BYRN
2013Q2,2013,Q2,2013-07-15,2013-05-31,-613648.0,0.0,-511876.0,-0.18,0.0,0.0,352157.0,-1318509.0,179071.0,970005.0,1670666.0,0.0,-20328556.0,11645868.5,12799165.5,-0.396259111117389,0.18460832676120226,3.499890673761987,-0.9347763268965172,6.490392707230637,-0.396259111117389,0.46541055085706656,0.0,-4.744523122376346,-8.832604479757059,0.0,0.0,0.0,0.0,0.08166349657991454,-1.7425409689428295,-29.060255920788325,0.0,-0.12499999999999993,0.8512444957130401,0.0,-1.1561877360907369,0.0,-0.21254418741589817,-0.18158042348682982,0.03966289891859727,0.0,0.2773453755883843,Aerospace & Defense,Industrials,BYRN
2013Q1,2013,Q1,2013-04-15,2013-02-28,-506083.0,0.0,-433213.0,-0.16,0.0,0.0,254061.0,-816809.0,117227.0,374263.0,1070870.0,0.0,-19765794.0,12941260.0,13786454.0,-0.252466606806447,0.31322091684189995,3.5291012788267384,-1.0976948099249642,-5.850038789703575,-0.252466606806447,0.6195854844890298,0.0,-6.392854531766528,-15.843679489329817,0.0,0.0,0.0,0.0,0.13737131375530043,-1.9919743683603544,-33.961391704150024,0.0,0.6,0.7721786509853591,0.0,-1.0800401388581629,0.0,0.5396973233150546,0.5825977787391401,0.5370684558630052,0.0,0.3911960541944069,Aerospace & Defense,Industrials,BYRN
2012Q4,2012,Q4,2013-02-28,2012-11-30,-1099457.0,0.0,-1037879.0,-0.4,0.0,0.0,417219.0,-925788.0,272171.0,150368.0,1343007.0,0.0,-19296146.0,13716500.0,14676668.0,-0.33747238727080525,1.8100327197276016,2.858544313657815,-1.2882420165307824,-4.001412584045511,-0.33747238727080525,1.1875904634754393,0.0,-3.1189259789150463,-14.81602699538123,0.0,0.0,0.0,0.0,1.546013779527559,-2.635203574142117,-33.20310136065784,0.0,-1.857142857142857,0.7606196203720752,0.0,-1.0933755476976421,0.0,-1.8324548386764357,-2.3148906405703045,-0.13008940912495187,0.0,0.14585578142645217,Aerospace & Defense,Industrials,BYRN
2012Q3,2012,Q3,2012-10-03,2012-08-31,-388164.0,0.0,-313096.0,-0.14,0.0,0.0,558948.0,-952518.0,405142.0,322712.0,1511466.0,0.0,-18227478.0,6858250.0,7797674.0,-0.3472161265628987,1.2554289893155508,2.3888698054201822,-1.401814978824547,-0.9056166289166603,-0.3472161265628987,0.40751355879888884,0.0,-4.417108490225782,-7.200126401810779,0.0,0.0,0.0,0.0,1.2265735392548154,-0.6944545825371948,-31.717384266752994,0.0,0.06666666666666654,0.5302835419761334,0.0,-1.0867707282673609,0.0,0.01302109157481216,-0.03286676145454306,0.7581854180888363,0.0,-8.336906453373794,Aerospace & Defense,Industrials,BYRN
2012Q2,2012,Q2,2012-07-16,2012-05-31,-393285.0,0.0,-303133.0,-0.15,0.0,0.0,339331.0,-1522152.0,320524.0,294706.0,1861483.0,0.0,-17876848.0,5365610.0,6896827.0,-0.5673733275433734,1.0876059530515156,5.0489846197370705,-1.125562361708949,-1.7913609791805403,-0.5673733275433734,0.25837432792520065,0.0,-3.4107644583444574,-3.525015898543641,0.0,0.0,0.0,0.0,0.6177682164597939,-1.1590010933277537,-12.47236169223617,0.0,-0.3636363636363636,0.8454912446292429,0.0,-1.1198595045931004,0.0,-0.326281817813929,-0.4550616809868958,0.7329160355194015,0.0,-2.5372831897085537,Aerospace & Defense,Industrials,BYRN
2012Q1,2012,Q1,2012-04-16,2012-02-29,-296532.0,0.0,-208330.0,-0.11,0.0,0.0,710629.0,-1173943.0,689420.0,376519.0,1884572.0,0.0,-17528639.0,9389817.5,10484409.5,-0.43758044285738246,1.831036415160988,2.3244928084837517,-1.4070972781472355,-0.5120772520125186,-0.43758044285738246,0.2525948874860193,0.0,-7.9163610504093995,-7.998529315307473,0.0,0.0,0.0,0.0,1.4800315521925853,-0.41728102849728904,-24.543729987584133,0.0,-0.20614035087719296,0.7329279400024579,0.0,-1.2718433541883802,0.0,-0.25676311406278474,-0.21443353056049433,0.801763714647324,0.0,-1.4766948937597932,Aerospace & Defense,Industrials,BYRN
2011Q4,2011,Q4,2012-03-13,2011-11-30,-235949.0,0.0,-171545.0,-0.0912,0.0,0.0,251869.0,-1184952.0,233455.0,704993.0,1436821.0,0.0,-17276208.0,3622927.0,4375918.0,-0.45789848926020316,0.33114513193748024,3.445545104796541,-0.7323722817464337,0.6264308433232977,-0.45789848926020316,0.19912114583544313,0.0,-3.8386759426825288,-3.0574462087915797,0.0,0.0,0.0,0.0,0.16288814215176606,-0.936792538978596,-23.439656064801635,0.0,-0.028184892897407013,0.9441860770057353,0.0,-1.2817005261262724,0.0,-0.028050943092052232,0.05144623415114267,0.8179895348814583,0.0,-1.3248286799559206,Aerospace & Defense,Industrials,BYRN
2011Q3,2011,Q3,2011-10-17,2011-08-31,-229511.0,0.0,-180849.0,-0.0887,0.0,0.0,208957.0,-981205.0,187846.0,658334.0,1190162.0,0.0,-17072461.0,6210732.0,6801780.0,-0.3791649679941108,0.2853354072552838,3.160683777045038,-0.6730978745522088,0.6306771473140791,-0.3791649679941108,0.2339072874679603,0.0,-6.765179011027794,-6.329698686818759,0.0,0.0,0.0,0.0,0.10541609578116883,-1.0983647353283212,-12.9764132907941,0.0,-0.2967836257309941,0.5195502478763463,0.0,-2.341672620700135,0.0,-0.29667964225786586,-0.2096194877900327,0.8552436867761997,0.0,-1.1982875250431269,Aerospace & Defense,Industrials,BYRN
2011Q2,2011,Q2,2011-07-15,2011-05-31,-176999.0,0.0,-149509.0,-0.0684,0.0,0.0,152528.0,-776025.0,128721.0,878553.0,928553.0,0.0,-16867281.0,5693171.0,5798624.0,-0.29987769557598043,0.14651478055393358,1.1253081401447602,-0.22117973003447053,0.2682015971345953,-0.29987769557598043,0.228084146773622,0.0,-8.041247408177448,-7.336324216359009,0.0,0.0,0.0,0.0,0.07533751520966862,-1.1604361166474353,-26.869535873741043,0.0,0.47384615384615386,-1.402844531199044,0.0,-3.7013138246827473,0.0,0.46262489487729863,0.5460854886649644,0.9448307825014628,0.0,-1.1181984642423637,Aerospace & Defense,Industrials,BYRN
2011Q1,2011,Q1,2011-04-14,2011-02-28,-329377.0,0.0,-329377.0,-0.13,0.0,0.0,115027.0,-652071.0,88523.0,767098.0,767098.0,0.0,-16704027.0,6469512.5,6397942.5,-0.25197841413862326,0.11539985764530739,0.0,0.0,,-0.25197841413862326,0.5051244419702763,0.0,-4.910416103735233,-9.921484776964473,0.0,0.0,0.0,0.0,0.09329968270025472,-2.8634755318316567,-19.859872973188686,0.0,0.6486486486486487,0.1896130414387158,0.0,-3.1819214430662193,0.0,0.522422620247273,0.522422620247273,0.8146250856452952,0.0,-1.0798853658788117,Aerospace & Defense,Industrials,BYRN
2010Q4,2010,Q4,2011-03-15,2010-11-30,-689683.0,0.0,-689683.0,-0.37,0.0,0.0,314947.0,-472694.0,285747.0,787641.0,787641.0,0.0,-16374650.0,5720780.3,5473452.3,-0.2561453723367073,0.3627883769382244,0.0,0.0,,-0.2561453723367073,1.4590475021895772,0.0,-2.073699184987886,-12.102502464596546,0.0,0.0,0.0,0.0,0.3140110786513145,-2.189838290252011,-12.76882933394639,0.0,0.09756097560975606,-6.3662304601180555,0.0,-6.436868274998456,0.0,0.09628823049214655,0.09628823049214655,0.7767766858535778,0.0,-1.07087310053893,Aerospace & Defense,Industrials,BYRN
2010Q3,2010,Q3,2010-10-15,2010-08-31,-763167.0,0.0,-763167.0,-0.41,0.0,0.0,332527.0,-726994.0,309335.0,1059521.0,1059521.0,0.0,-15684967.0,5167156.399999999,4921801.399999999,-0.39394650411588084,0.2919574033926652,0.0,0.0,,-0.39394650411588084,1.0497569443489216,0.0,-1.6926689702253896,-7.107564023912164,0.0,0.0,0.0,0.0,0.23157162529105133,-2.295052732560063,-9.559301953427793,0.0,-1.157894736842105,-4.715045967059158,0.0,0.0,0.0,-1.3732383416466607,-1.3732383416466607,-0.3728397118279421,0.0,-1.0984488404927921,Aerospace & Defense,Industrials,BYRN
2010Q2,2010,Q2,2010-07-15,2010-05-31,-321572.0,0.0,-321572.0,-0.19,0.0,0.0,41290.0,-918195.0,15854.0,959485.0,959485.0,0.0,-14921800.0,4018812.0,4017920.0,-0.5483381656071495,0.016523447474426384,0.0,0.0,0.3502219027548614,-0.5483381656071495,0.3502219027548614,0.0,-3.12434851293023,-4.376861124270988,0.0,0.0,0.0,0.0,0.0009296653934141754,-7.788132719786874,-24.887212737102196,0.0,0.44117647058823534,-0.2269631582934008,0.0,0.0,0.0,0.4116222051450946,0.4116222051450946,0.7975925019347987,0.0,-1.115838263253815,Aerospace & Defense,Industrials,BYRN
2010Q1,2010,Q1,2010-04-14,2010-02-28,-546540.0,0.0,-546540.0,-0.34,0.0,0.0,106781.0,-670749.0,79101.0,777530.0,777530.0,0.0,-14600228.0,3558412.0000000005,3506839.0000000005,-0.41469278992989006,0.1017336951628876,0.0,0.0,0.8148204469928394,-0.41469278992989006,0.8148204469928394,0.0,-1.627699710908625,-5.305132024050726,0.0,0.0,0.0,0.0,0.06632927346854783,-5.118326294003615,-9.847331455232762,0.0,0.02857142857142844,-1.1513898955184916,0.0,-5.882385844125139,0.0,-0.05856239734729927,-0.039401166174104545,0.18354096426559002,0.0,-1.257624582662211,Aerospace & Defense,Industrials,BYRN
2009Q4,2009,Q4,2010-03-01,2009-11-30,-516304.0,0.0,-525822.0,-0.35,0.0,0.0,116527.0,-575202.0,86603.0,691729.0,691729.0,0.0,-14053688.0,4513100.9,4457669.9,-0.39510000762446945,0.12519787373378882,0.0,0.0,0.9058027177424142,-0.39510000762446945,0.897604667577651,0.0,-2.1852924343022715,-7.846114756207385,0.0,0.0,0.0,0.0,0.0801339831061008,-4.4307671183502535,-16.990497505882356,0.0,0.4067796610169492,-5.9900695494133815,0.0,-10.471246524382304,0.0,0.393916200730394,0.38274312130151467,0.7829058624847152,0.0,-1.2430667115764613,Aerospace & Defense,Industrials,BYRN
2009Q3,2009,Q3,2009-10-15,2009-08-31,-851869.0,0.0,-851869.0,-0.59,0.0,0.0,383837.0,-54139.0,351936.0,437976.0,437976.0,0.0,-13532625.0,5095436.5,4774380.5,-0.03718749119923288,0.8035508795002466,0.0,0.0,15.734849184506547,-0.03718749119923288,15.734849184506547,0.0,-1.4953697399482784,-94.11766933264374,0.0,0.0,0.0,0.0,0.733044733044733,-2.2193509223967465,-8.83918485237484,0.0,-0.07272727272727258,-7.086362116190896,0.0,0.0,0.0,-0.07429406638695414,-0.07429406638695414,-2.1698264210492866,0.0,-1.1315876807883605,Aerospace & Defense,Industrials,BYRN
2009Q2,2009,Q2,2009-07-10,2009-05-31,-792957.0,0.0,-792957.0,-0.55,0.0,0.0,755583.0,533205.0,730833.0,222378.0,222378.0,0.0,-12680756.0,6934584.0,6234068.0,0.3690753475623051,3.2864447022637133,0.0,0.0,-1.487152221003179,0.3690753475623051,-1.487152221003179,0.0,-2.1863051842659815,13.005474442287676,0.0,0.0,0.0,0.0,3.150113770247057,-1.0494637915358074,-8.458532408429521,0.0,0.01785714285714287,-2.5067936046825876,0.0,0.0,0.0,0.015601024922907325,0.023009196286001538,-18.282212663357075,0.0,2.3246498603529395,Aerospace & Defense,Industrials,BYRN
2009Q1,2009,Q1,2009-04-09,2009-02-28,-805524.0,0.0,-811632.0,-0.56,0.0,0.0,1582342.0,1326162.0,1555428.0,256180.0,256180.0,0.0,-11887799.0,8668230.0,7147881.0,0.9179465704071074,6.0716215161214775,0.0,0.0,-0.6097041425094546,0.9179465704071074,-0.6074099544399553,0.0,-2.6902457282464582,6.536328140905862,0.0,0.0,0.0,0.0,5.93469045202592,-0.50907073186454,-13.390329806132694,0.0,-0.1200000000000001,-2.5500137074869853,0.0,16.2345607043257,0.0,-0.12212320838272804,-0.08824550794631927,-2.5500137074869853,0.0,16.2345607043257,Aerospace & Defense,Industrials,BYRN
2008Q4,2008,Q4,2009-02-27,2008-11-30,-717857.0,0.0,-745817.0,-0.5,0.0,0.0,2239133.0,2020052.0,2213683.0,219081.0,219081.0,0.0,-11079221.0,4442315.5,2274616.5,1.4096615154866872,10.104404307082769,0.0,0.0,-0.3621540165554985,1.4096615154866872,-0.35536560444978643,0.0,-1.5470753576269367,2.1991094783698637,0.0,0.0,0.0,0.0,9.894509336729337,-0.3205959628123921,-5.374930428511969,0.0,0.180327868852459,-8.873692335847588,0.0,41.927801690785564,0.0,0.18237193541957344,0.1830360614866915,-8.873692335847588,0.0,41.927801690785564,Aerospace & Defense,Industrials,BYRN
2008Q3,2008,Q3,2008-10-10,2008-08-31,-877975.0,0.0,-912913.0,-0.61,0.0,0.0,3033308.0,2740189.0,3007213.0,293119.0,293119.0,0.0,-10347384.0,16479557.5,13497070.5,1.9121977941458683,10.259358826961064,0.0,0.0,-0.3266574683397103,1.9121977941458683,-0.3204067310685504,0.0,-4.692490532190552,6.014022207957188,0.0,0.0,0.0,0.0,10.175004008610838,-0.2894447250328684,-18.550435350334602,0.0,0.5080645161290323,-7.466972801174013,0.0,0.0,0.0,0.5058122190563784,0.4941116296699387,-7.466972801174013,0.0,0.0,Aerospace & Defense,Industrials,BYRN
2008Q2,2008,Q2,2008-07-15,2008-05-31,-1776602.0,0.0,-1804574.0,-1.24,0.0,0.0,3923498.0,3635633.0,3900688.0,287865.0,287865.0,0.0,-9451940.0,35825125.0,31954273.0,2.537069305410658,13.55040730898164,0.0,0.0,-0.49248060999650883,2.537069305410658,-0.48866373476090685,0.0,-5.041242354787397,9.853889267701113,0.0,0.0,0.0,0.0,13.446761502787766,-0.45281073164813646,-40.042210434075045,0.0,-0.7971014492753624,-6.921039616094776,0.0,0.0,0.0,-0.8056421425790996,-0.7829415699320149,-6.921039616094776,0.0,0.0,Aerospace & Defense,Industrials,BYRN
2008Q1,2008,Q1,2008-04-14,2008-02-29,-983917.0,0.0,-1012133.0,-0.69,0.0,0.0,4811254.0,4520056.0,4786438.0,291198.0,291198.0,0.0,-7661352.0,20062070.0,15296535.0,3.1542499851710217,16.43705657319075,0.0,0.0,-0.21767805531612883,3.1542499851710217,-0.21767805531612883,0.0,-5.09750060218494,4.438456072225653,0.0,0.0,0.0,0.0,16.365273799957418,-0.20450323346054897,-38.02226897126829,0.0,0.5868263473053892,-3.3716106970690376,0.0,53.34903035194597,0.0,0.5898956604883238,0.5963697995074922,-3.3716106970690376,0.0,53.34903035194597,Aerospace & Defense,Industrials,BYRN
2007Q4,2007,Q4,2008-02-28,2007-11-30,-2399187.0,0.0,-2507575.0,-1.67,0.0,0.0,5353924.0,5179082.0,5329964.0,174842.0,174842.0,0.0,-6677435.0,17912562.5,12619386.5,3.6141409136744116,30.484460255545006,0.0,0.0,-0.4734784814653586,3.6141409136744116,-0.4632456099362783,0.0,-1.8665242121602026,3.4586365884919372,0.0,0.0,0.0,0.0,30.274053145125315,-0.4481174928893275,-32.59668420315147,0.0,-4.566666666666666,-31.99937772309132,0.0,105.93217057596392,0.0,-4.557893493207806,-3.3218254706900234,-31.99937772309132,0.0,105.93217057596392,Aerospace & Defense,Industrials,BYRN
2007Q3,2007,Q3,2007-10-15,2007-08-31,-431672.0,0.0,-580212.0,-0.3,0.0,0.0,5889998.0,5734220.0,5879857.0,155778.0,155778.0,0.0,-4224054.0,28660100.0,22817403.0,4.001535235396946,37.74510521382994,0.00028013591855209456,0.0002877461973904036,-0.08630591340385238,4.001535235396946,-0.07527998576964261,0.0,-16.598308437888026,4.998081692017397,0.0,0.0,0.0,0.0,37.51715261461824,-0.07328898923225441,-67.61546609919574,0.0,0.6774193548387097,-3.162937535839162,0.0,0.0,0.0,0.6548647872887339,0.5650653175624671,-3.162937535839162,0.0,0.0,Aerospace & Defense,Industrials,BYRN
2007Q2,2007,Q2,2007-07-13,2007-05-31,-1250733.0,0.0,-1334021.0,-0.93,0.0,0.0,6398446.0,6240162.0,6390826.0,158284.0,158284.0,0.0,-3718112.0,42184160.0,35917594.0,4.733653200632655,40.37569179449597,0.0002555307960714211,0.00026201242852349024,-0.2068370877644861,4.733653200632655,-0.20043277722597586,0.0,-8.431887541145871,6.760106548515887,0.0,0.0,0.0,0.0,39.600976725379695,-0.1954744949007931,-74.45546791299913,0.0,-1.2682926829268293,-5.0618463743776925,0.0,0.0,0.0,-1.252700305287141,-1.2335720349128267,-5.0618463743776925,0.0,0.0,Aerospace & Defense,Industrials,BYRN
2007Q1,2007,Q1,2007-04-16,2007-02-28,-555215.0,0.0,-597259.0,-0.41,0.0,0.0,2298615.0,2159466.0,2290366.0,139149.0,139149.0,0.0,-2425735.0,44271183.0,41996423.0,1.6096786480722687,16.45980926920064,0.002149555275676875,0.002288065660677223,-0.26587886915279724,1.6096786480722687,-0.2571075441799037,0.0,-19.934252046504508,20.500986354959974,0.0,0.0,0.0,0.0,16.383164808945807,-0.24154327714732568,-124.52655576682906,0.0,0.7484662576687117,-1.6350249079959083,0.0,27.71478697026791,0.0,0.5937954516854985,0.563035360496797,-1.6350249079959083,0.0,27.71478697026791,Aerospace & Defense,Industrials,BYRN
