Quarters,Year,Quarter,FillingDate,Date,NetIncome,Revenue,OperatingIncome,EPSDiluted,GrossProfit,GrossProfitRatio,TotalAssets,CommonStockEquity,CurrentAssets,CurrentLiability,TotalLiability,Inventory,RetainedEarnings,MarketCap,EnterpriseValue,bookValuePerShare,currentRatio,debtToAssets,debtToEquity,roic,shareholdersEquityPerShare,roe,priceToSalesRatio,peRatio,pbRatio,payoutRatio,inventoryTurnover,dividendYield,assetTurnover,quickRatio,returnOnAssets,priceToFreeCashFlowsRatio,grossProfitMargin,epsdilutedGrowth,fiveYNetIncomeGrowthPerShare,fiveYRevenueGrowthPerShare,fiveYShareholdersEquityGrowthPerShare,grossProfitGrowth,netIncomeGrowth,operatingIncomeGrowth,threeYNetIncomeGrowthPerShare,threeYRevenueGrowthPerShare,threeYShareholdersEquityGrowthPerShare,Industry,Sector,Symbol
2023Q1,2023,Q1,2023-05-04,2023-03-31,-918255.0,8323025.0,-2108306.0,-0.0127,2126802.0,0.2555323335,183924259.0,162093460.0,172533682.0,18476491.0,21830799.0,42577787.0,-72280191.0,415132968.5,299988912.5,2.2451538801356365,9.33801131394484,0.0029176520972146475,0.003310602414187469,-0.0097439102738908,2.2451538801356365,-0.005664972541150026,49.877654879085426,-113.02224559082173,2.5610716712444783,0.0,0.14552712662121214,0.0,0.045252459057073056,6.927580945970748,-0.004992571425828063,16.980855105292985,0.2555323334965352,-0.15454545454545457,0.913205501405206,4.212885977432932,1.53032267545695,-0.47757001999518545,-0.13114287614838246,-0.16823332018245732,0.8838698504384326,2.574949894209373,1.0693458794125301,Drug Manufacturers—Specialty & Generic,Healthcare,SIGA
2022Q4,2022,Q4,2023-03-02,2022-12-31,-811794.0,11358139.0,-1804696.0,-0.011,4070980.0,0.3584196319,195035923.0,170160042.0,185786344.0,21517721.0,24875881.0,39273090.0,-63804993.0,536761488.0,438499036.0,2.3332111880575157,8.634108788751373,0.002708065221400265,0.0031039602117634646,-0.007589309753228724,2.3332111880575157,-0.004770767510741447,47.25787279060417,-165.3010147894663,3.154450843400709,-0.004827579410540113,0.18555094595306862,7.301194455292217e-06,0.05823613837539047,6.701340815786207,-0.004162279376604894,-66.21596217721566,0.35841963194850845,-1.0244444444444445,0.9146051427840861,7.715653991970428,1.5706989367375157,-0.9348947069840411,-1.024569599064036,-1.0420939661535027,0.7991605931688875,1.9672231133636138,0.9384643181937837,Drug Manufacturers—Specialty & Generic,Healthcare,SIGA
2022Q3,2022,Q3,2022-11-03,2022-09-30,33040588.0,72211127.0,42873033.0,0.45,62529171.0,0.8659215497,204224075.0,173138127.0,196900524.0,27455902.0,31085948.0,31261346.0,-60140526.0,752148714.1,642918357.1,2.3709708926829367,7.171519041698211,0.002542295760184004,0.002998750240609915,0.18855700962943944,2.3709708926829367,0.19083369199205905,10.415966975560428,5.691096615017869,4.344211914109479,0.0,0.30971014491826426,0.0,0.35358772955637086,5.997803787324124,0.16178595985806277,-157.30816832661594,0.8659215497356799,14.000000000000002,4.637107608118875,55.12671520710033,1.5980648258154173,5.990522032230837,15.219726252809194,12.961923802011977,31.417902731730223,8.882774298340085,0.8684659479909586,Drug Manufacturers—Specialty & Generic,Healthcare,SIGA
2022Q2,2022,Q2,2022-08-04,2022-06-30,2037062.0,16667045.0,3070711.0,0.03,8944850.0,0.5366788174,159940495.0,139768854.0,153643457.0,16694066.0,20171641.0,16431382.0,-93181114.0,841615096.14,727591310.14,1.9231158480203447,9.203477271504736,0.003170804241915095,0.003628419247109231,0.013916890321920802,1.9231158480203447,0.014574505991155942,50.495759514659014,103.28785968959217,6.021478119438541,16.172465050155566,0.46996625116499635,0.039144157645337456,0.1042077867772011,8.034534426783745,0.012736374237181146,-381.2089016026702,0.5366788173908452,7.122448979591837,1.2945799322413702,3.239627044792225,1.4997155521364927,2.9362887018038584,6.642065204445934,3.1340965653170763,1.7177655556972102,3.752860703043447,0.5054590903308216,Drug Manufacturers—Specialty & Generic,Healthcare,SIGA
2022Q1,2022,Q1,2022-05-05,2022-03-31,-361049.0,10539299.0,-1438881.0,-0.0049,2272407.0,0.2156127272,184546643.0,167736796.0,177109304.0,7240550.0,16809847.0,16277501.0,-58696989.0,518070305.84999996,365297143.84999996,2.2955453540013,24.460752843361348,0.0026375554281960036,0.0029018796805919673,-0.0028928247226724987,2.2955453540013,-0.002152473450130763,49.15604973822263,-358.7257587266548,3.088590686148554,0.0,0.507872307917536,0.0,0.05710913419324566,21.904249539054355,-0.001956410553618144,9.136009433748152,0.21561272718422733,-1.0050000000000001,0.9548173859778515,1.1843237632694041,1.6106480625402526,-0.9767991973551656,-1.00493188987265,-1.015327899677918,-1.245310149847286,0.11582382590144301,0.7511167204122462,Drug Manufacturers—Specialty & Generic,Healthcare,SIGA
2021Q4,2021,Q4,2022-03-03,2021-12-31,73207028.0,115357248.0,93873331.0,0.98,97945189.0,0.849059688,214726575.0,174314407.0,208753092.0,30487858.0,40412168.0,19510379.0,-51763255.0,562803161.92,460131172.91999996,2.329134641262607,6.847089487231277,0.002174067182881299,0.002678091891739046,0.41773372598740277,2.329134641262607,0.41997118459634836,4.878784572946816,1.9219574175310052,3.2286669335369393,0.0,0.8924510897507424,0.0,0.5372285568286087,6.126677348077389,0.3409313821542583,35.00810829512092,0.8490596880397147,25.5,8.381047173650437,15.962936043575107,1.6383817412460053,63.1107019403031,24.513848391351075,32.88752395215988,0.5106990926682011,78.47271159822526,0.8312062354284429,Drug Manufacturers—Specialty & Generic,Healthcare,SIGA
2021Q3,2021,Q3,2021-11-04,2021-09-30,-3113358.0,4846172.0,-2943889.0,-0.04,1527751.0,0.31524902541634925,135563352.0,106555862.0,128937547.0,18942093.0,29007490.0,29673044.0,-119213388.0,553073851.9399999,460751109.93999994,1.4237661343379255,6.806932422937634,0.0036638441929349756,0.004661245197378254,-0.021389790646334565,1.4237661343379255,-0.02921808281181189,114.12592288098729,-44.41136001224402,5.190459178491747,0.0,0.11183284734791618,0.0,0.035748393120288144,5.101983661467611,-0.02296607419385735,339.58869937089304,0.31524902541634925,-10.841326228537596,0.7557011250273095,-0.2454261264919543,1.246796915657251,-0.7167331562256181,-19.400460992907803,-2672.405626134301,-1.0085786172563447,-0.9890001985033333,1.1712566872906154,Drug Manufacturers—Specialty & Generic,Healthcare,SIGA
2021Q2,2021,Q2,2021-08-05,2021-06-30,169200.0,8653289.0,1102.0,-0.003378,5393328.0,0.6232691407856596,133686025.0,116720962.0,127066257.0,7970458.0,16965063.0,19599891.0,-108965453.0,476090825.48,378038249.48,1.5396382415497583,15.942152508676415,0.0032422012697288292,0.003713446090343224,3.3910912801849257e-06,1.5396382415497583,0.0014496110818552027,55.01848204538182,703.4438910756501,4.078880239866426,0.0,0.16632546578958016,0.0,0.06472844861682438,13.26048616026833,0.001265652112851736,-330.3956117676124,0.6232691407856596,0.8311000000000001,1.012649661058837,2.254838950332122,1.2745180804729794,1.386311114808078,1.2083474427567864,1.0005539339109595,1.025035024307738,2.392467659660508,1.3567834018969618,Drug Manufacturers—Specialty & Generic,Healthcare,SIGA
2021Q1,2021,Q1,2021-05-06,2021-03-31,-812105.0,4813744.0,-1989407.0,-0.02,2260111.0,0.4695120887193004,138766538.0,122684867.0,132889274.0,7511517.0,16081671.0,20410371.0,-102534239.0,498920565.0,392787006.0,1.5983539093041794,17.69140294829926,0.0028388400091094008,0.0032109583653866618,-0.01252081680141426,1.5983539093041794,-0.006619439054370088,103.64501415114721,-153.58868773126628,4.066683831511184,0.0,0.1251144822404257,0.0,0.034689515710192326,14.71457150399846,-0.005852311455662315,-103.50971756227547,0.4695120887193004,-1.0774552960688397,0.9452039294081582,1.67278821307996,1.2935164554032894,-0.9256334207788707,-1.0402801369307906,-1.0742223765313954,0.9277991330055553,1.8358375463775225,1.3775435300933845,Drug Manufacturers—Specialty & Generic,Healthcare,SIGA
2020Q4,2020,Q4,2021-03-04,2020-12-31,20161426.0,37729355.0,26803332.0,0.25821346008702484,30391488.0,0.8055130547553755,149831391.0,129793269.0,143608091.0,10483510.0,20038122.0,20265519.0,-95192881.0,567644951.4699999,450204651.4699999,1.6623015199666917,13.698474175156985,0.0,0.0,0.15806041024688697,1.6623015199666917,0.1553349118589501,15.045180376658967,7.038750030255796,4.3734544621878655,0.0,0.3620863102494439,0.0,0.2518120852258523,11.563923056304615,0.1345607610357165,12.354509238356066,0.8055130547553755,-0.1670533545579844,1.6953820161240507,5.242328903099152,1.3162631757350924,-0.17027936027766732,-0.1664684206276702,-0.18526495309670107,2.980926175712805,26.041659947536147,1.4065957315985413,Drug Manufacturers—Specialty & Generic,Healthcare,SIGA
2020Q3,2020,Q3,2020-11-05,2020-09-30,24187957.0,44261407.0,32898219.0,0.31,36628579.0,0.8275511666405001,141422152.0,112960414.0,131100154.0,16300744.0,28461738.0,10747532.0,-108634747.0,536412767.07,458191233.07,1.4467180720154815,8.042587135900055,0.0,0.0,0.22171209341399328,1.4467180720154815,0.21412772973725114,12.119198268369553,5.544213253211091,4.748679188357083,0.0,0.7101935588561169,0.0,0.3129736492766706,7.304098144231944,0.17103372178921447,17.116419902948635,0.8275511666405001,0.19230769230769226,3.966588845784513,22.02656186516682,1.29473519740208,0.11528781235740554,0.1578637653195347,0.14241287744725725,3.490185468818666,31.174724889743672,1.3649269564692459,Drug Manufacturers—Specialty & Generic,Healthcare,SIGA
2020Q2,2020,Q2,2020-08-06,2020-06-30,20890158.0,40348777.0,28797136.0,0.26,32842266.0,0.8139593921273004,120416954.0,94133018.0,105066979.0,15561535.0,26283936.0,14006986.0,-127255672.0,474813507.45,422181806.45,1.1716729361128877,6.751710483573761,0.0,0.0,0.23379244850030084,1.1716729361128877,0.2219216853325578,11.76772984841647,5.682263239105229,5.044069738101885,0.0,0.5359119370862511,0.0,0.335075549245333,5.762766590827962,0.1734818670135104,-52.2423416149246,0.8139593921273004,3.3636363636363638,3.119783269976575,17.340296139308137,1.2420649379096236,52.36146341921137,3.3478606251241216,8.202786354865053,3.7328135880524784,8.284719642540573,1.3044554953856544,Drug Manufacturers—Specialty & Generic,Healthcare,SIGA
2020Q1,2020,Q1,2020-05-06,2020-03-31,-8897529.0,2619765.0,-3998055.0,-0.11,-639434.0,-0.24408067135792713,118574463.0,88142122.0,98022808.0,21424515.0,30432341.0,16342014.0,-132923290.0,388327701.90000004,311377465.90000004,1.0849582481460358,4.575263804104783,0.0,0.0,-0.034623919038863415,1.0849582481460358,-0.10094525520953535,148.2299755512422,-10.911110879773474,4.4056994895130845,0.0,0.19943680136365077,0.0,0.022093838198533524,3.6903025342697373,-0.07503748087815502,117.42789325861385,-0.24408067135792713,-0.9847203008036459,0.18081876094201882,0.44734058448902964,1.229266778908056,-4.047172913340799,-0.976084733171131,-0.15236818781210143,-0.0014899796859320648,-0.5116405342800997,1.2886144902398073,Drug Manufacturers—Specialty & Generic,Healthcare,SIGA
2019Q4,2019,Q4,2020-03-05,2019-12-31,-4502605.0,4264066.0,-3469425.0,-0.05542342664377403,209845.0,0.04921241838189184,198566190.0,97783756.0,180041785.0,91735809.0,100782434.0,9652855.0,-123032408.0,387515300.84999996,402730803.84999996,1.203638966247028,1.9626118411404645,0.4031142764032487,0.818590625624976,-0.013560896549185766,1.203638966247028,-0.04604655399001036,90.87929240541773,-21.516172351894067,3.9629823674394338,0.0,0.42000226875882835,0.0,0.02147428018838454,0.7567063369986741,-0.022675587419993305,-27.16679027477124,0.04921241838189184,-0.8474475547924678,0.844387502975649,2.3416957380671297,1.2612543951321633,-0.9479361145894248,-2.7340389624713994,-6.2520970239744225,0.581787252589582,-0.42237195885390155,1.3298998372579207,Drug Manufacturers—Specialty & Generic,Healthcare,SIGA
2019Q3,2019,Q3,2019-11-05,2019-09-30,-1205827.0,8111324.0,660579.0,-0.03,4030529.0,0.49690149228412034,203011437.0,102866516.0,98621732.0,11795874.0,100144921.0,3931161.0,-118529803.0,415052426.24,416280938.24,1.2689398462050054,8.360697308228284,0.38870375071528607,0.7671233562532632,0.0027855066621921103,1.2689398462050054,-0.01172224983297772,51.169504046441745,-86.05140418982158,4.034864233566538,0.0,1.0380635644279133,0.0,0.03995501002241563,6.893336771823775,-0.00593969984065479,1097.1921409727033,0.49690149228412034,0.4000000000000001,0.9966849465203679,3.869453456357897,1.2978102149004618,1.1561840658047342,0.6187098655111223,1.387379563113913,0.9126459387702349,0.1660049159923954,1.2199591861648058,Drug Manufacturers—Specialty & Generic,Healthcare,SIGA
2019Q2,2019,Q2,2019-08-06,2019-06-30,-3162492.0,3907611.0,-1705250.0,-0.05,1869288.0,0.4783710558701979,203092260.0,103454467.0,121534950.0,11123209.0,99637793.0,2390487.0,-117323976.0,453524534.4,431443611.4,1.277428168172769,10.92624889094505,0.38296756360877565,0.751806570130993,-0.006933412767171235,1.277428168172769,-0.03056892652107521,116.06184300330816,-35.851832542185086,4.383808138511796,0.0,0.8526810645696881,0.0,0.01924057076325804,9.385073228418166,-0.01557170125538019,-104.31105285443772,0.4783710558701979,-1.5,0.2925298666860359,2.9612659774514922,4.898060871421483,-0.6629749266015149,-2.9404446129746584,-1.7779588440268363,0.7786775977457335,0.3758688213756164,1.2277659252708097,Drug Manufacturers—Specialty & Generic,Healthcare,SIGA
2019Q1,2019,Q1,2019-05-02,2019-03-31,1629777.0,10459084.0,2191954.0,-0.02,5546436.0,0.5302984467855885,206439348.0,106069569.0,123538666.0,12107341.0,100369779.0,2017077.0,-114161484.0,493571252.0,468142548.0,1.3109036806300867,10.203616632256415,0.3713270349991611,0.7227003156767801,0.009153181357429168,1.3109036806300867,0.015365170381714288,47.19067673612718,75.71147034226153,4.653278566635827,0.0,2.4355282421047884,0.0,0.050664197990007216,8.770312903551655,0.007894701353154825,1153203.8598130841,0.5302984467855885,-1.0308882907107555,1.3171683582119085,11.528823894219627,4.008819693256517,4.681980492215407,-0.9688920033378294,1.3955774523339017,1.1043190069546711,4.509005875728119,1.240730040746216,Drug Manufacturers—Specialty & Generic,Healthcare,SIGA
2018Q4,2018,Q4,2019-03-06,2018-12-31,52390934.0,1569308.0,-5541150.0,0.6474945534307578,-1506373.0,-0.9598963364744205,203443741.0,102914687.0,121289845.0,11337405.0,100529054.0,2908210.0,-115791261.0,639215228.0,614110016.0,1.271912795075026,10.698201660785692,0.3713439235272419,0.7340798403244427,-0.024051218235796715,1.271912795075026,0.5090714991923359,407.3229907704542,3.050218707687097,6.21111764154712,0.0,1.057585593887649,0.0,0.007713719735423072,9.050743269734124,0.25752050047093855,-174.3821551724138,-0.9598963364744205,-0.8625276956622594,8.947636756789452,0.10565566291477285,2.989998821229466,-1.0040473676787098,-0.8649893615755538,-1.0150213420492025,2.743735852663428,-0.7494480408854216,1.2419892991715398,Drug Manufacturers—Specialty & Generic,Healthcare,SIGA
2018Q3,2018,Q3,2018-11-06,2018-09-30,388050413.0,471075324.0,368885149.0,4.71,372185855.0,0.7900771618425931,143727321.0,52473805.0,113663346.0,5205709.0,91253516.0,2908249.0,-168182195.0,516948864.24,487377635.24,0.6557336784139328,21.834364156736385,0.5177445421110994,1.4181177827679925,3.110904645654422,0.6557336784139328,7.395126253947089,1.097380478031577,0.3330423360739987,9.85156049270679,0.0,34.00309567715832,0.0,3.2775628232853515,20.270976153296314,2.6999070900375304,5.996242179306095,0.7900771618425931,53.333333333333336,52.98359769201237,133.95780639001433,0.7831695706280096,572.7448019478774,56.03274490928151,100.43824135217731,47.43801237143621,238.1231037164845,1.133590503145698,Drug Manufacturers—Specialty & Generic,Healthcare,SIGA
2018Q2,2018,Q2,2018-08-07,2018-06-30,-7051264.0,2661216.0,-3709691.0,-0.09,-650965.0,-0.2446118616452028,128340625.0,-341317731.0,122376221.0,381264030.0,469658356.0,2908249.0,-556232609.0,469819726.20000005,532519091.20000005,-4.31533034710623,0.3209749973004272,0.5709842616085125,-0.21469871133064575,0.013845800976745787,-4.31533034710623,0.020658944319537857,176.54325173153927,-16.657287480655953,-1.3764878983096251,0.0,1.1388918211611179,0.0,0.02073556989456768,0.033336659112584,-0.05494179259295332,-90.07665132155766,-0.2446118616452028,0.4,-0.5206921749086616,0.8211751670201739,-10.62628006371591,0.4833172340825769,0.39120116150083367,0.18197049512107294,0.2732124278140948,0.22870287991293461,0.10846266023922195,Drug Manufacturers—Specialty & Generic,Healthcare,SIGA
2018Q1,2018,Q1,2018-05-04,2018-03-31,-11582256.0,1747934.0,-4534911.0,-0.15,-1259893.0,-0.7207898009879091,133135253.0,-334616500.0,30932438.0,4018402.0,467751753.0,2983249.0,-549181345.0,484509070.0,542733503.0,-4.233561912473589,7.697696248409193,0.5419994958059681,-0.2156475846229938,0.017275156671255617,-4.233561912473589,0.03461352324227885,277.1895677983265,-10.458002957282243,-1.4479533137188392,0.0,1.008238668646164,0.0,0.013129009489319858,3.7822216393481787,-0.08699616171533471,-56.59026831460984,-0.7207898009879091,-0.15074917572762067,-0.554223619764464,-0.1390541178943837,-9.58581203946435,0.07915415318475272,-0.12419367190596117,0.06893620743071241,-0.09605610205736706,-0.007426962376800302,0.1053894427373353,Drug Manufacturers—Specialty & Generic,Healthcare,SIGA
2017Q4,2017,Q4,2018-03-06,2017-12-31,-10302723.0,1412359.0,-4870677.0,-0.13034986525639242,-1368191.0,-0.9687274977537581,144670379.0,-323138291.0,37364493.0,6810446.0,467808670.0,2983249.0,-537375776.0,383339150.0,434531641.0,-4.088339819582738,5.486350379989798,0.491118669150649,-0.21987590446221678,0.01562612554612726,-4.088339819582738,0.031883324529930125,271.4176423982854,-9.301889170464934,-1.186300604653504,0.0,0.9320542804170889,0.0,0.009762599709509297,3.1803996390251092,-0.07121515178998736,-68.40116603780184,-0.9687274977537581,-0.08624887713660351,-1.1142649124299095,-0.6324379655128649,-8.303864504376719,-0.2661623700583297,-0.04954424126699278,0.13805303156995002,0.6340163492649455,0.13767215184959017,0.11261036190098243,Drug Manufacturers—Specialty & Generic,Healthcare,SIGA
2017Q3,2017,Q3,2017-11-07,2017-09-30,-9816378.0,1390254.0,-5650785.0,-0.12,-1080581.0,-0.7772543722226298,148726158.0,-312826914.0,40894746.0,13038358.0,461553072.0,2983249.0,-527073053.0,250141304.93,294259944.93,-3.9644045099129404,3.1364951016071196,0.4701040216476244,-0.22349983927533806,0.023586436244978394,-3.9644045099129404,0.03137958264038624,179.92489496883303,-6.3705091870443455,-0.7996156779847913,0.0,0.8282362618742184,0.0,0.009347743656499215,2.0255841264674586,-0.06600303626481092,-49.358846438827335,-0.7772543722226298,-0.1999999999999999,-1.1847647689505696,-0.6026700485820935,-7.450027508862026,-0.3452159093314012,-0.3085996723027868,-0.3923203380133437,0.9722755042856472,-0.1425881723545224,0.06958540030053315,Drug Manufacturers—Specialty & Generic,Healthcare,SIGA
2017Q2,2017,Q2,2017-08-03,2017-06-30,-7501437.0,4264561.0,-4058538.0,-0.1,-803277.0,-0.18836100597458919,156030474.0,-303410716.0,58945660.0,13632279.0,459441190.0,15416808.0,-517256676.0,239674548.48,277591818.48,-3.8484210463297,4.323976937385158,0.4408318723687272,-0.22669998906696492,0.01751452245422504,-3.8484210463297,0.0247237048806147,56.20145859796588,-7.987621187780422,-0.7899343557793127,0.0,0.3287216134494248,0.0,0.027331590366122968,2.3939443287509006,-0.048076743008548445,292.6911621329523,-0.18836100597458919,0.09090909090909087,-0.13037651608821046,0.034063996315350537,-6.803037636456945,0.30674529474309226,0.1292531607278792,0.04933792751284208,-0.7238027367091733,3.440802268600227,-18.76868723865673,Drug Manufacturers—Specialty & Generic,Healthcare,SIGA
2017Q1,2017,Q1,2017-05-04,2017-03-31,-8614946.0,5201786.0,-4269170.0,-0.11,-1158704.0,-0.22275118584270864,160820485.0,-296138673.0,65172653.0,12561063.0,456959158.0,19119555.0,-509755238.0,247360232.16,284918627.15999997,-3.75919534478173,5.188466374223264,0.4207297907353034,-0.22848069221948597,0.018938321868589396,-3.75919534478173,0.029090918496821928,47.552942808489234,-7.178229328425274,-0.8352851373788658,0.0,0.33266935344468007,0.0,0.03234529481738598,2.784971701837655,-0.05356871047864332,155.10403934783128,-0.22275118584270864,0.1699646701596759,-0.39333218284768434,1.3262652492456801,-6.115062534014446,-0.15988940697392737,0.1748056973725802,0.353983646707135,-0.7220034556132886,5.400131906622186,-15.363474564882384,Drug Manufacturers—Specialty & Generic,Healthcare,SIGA
2016Q4,2016,Q4,2017-03-07,2016-12-31,-10439900.0,7158226.0,-6608455.0,-0.13252447943530424,-998978.0,-0.13955664434176848,160981977.0,-287418269.0,69159474.0,13829233.0,448400246.0,26209964.0,-501140292.0,226878174.72,264729403.72,-3.6484982116132567,5.0009623816447375,0.41341927984894855,-0.23155470677474577,0.0299356471343889,-3.6484982116132567,0.03632302162393164,31.694748771553176,-5.432958522591212,-0.7893658795920171,0.0,0.31122530347618943,0.0,0.04446600876320459,2.303540189105209,-0.06485135910587059,-9.18871084889378,-0.13955664434176848,0.2204442386158575,-0.18868884210999365,-0.054013127013134425,-5.519503267511419,0.2916114740195091,-0.12941414217469693,0.1803125066669445,-0.6266645307728378,4.180085181011562,-12.445362936801033,Drug Manufacturers—Specialty & Generic,Healthcare,SIGA
2016Q3,2016,Q3,2016-11-02,2016-09-30,-9243642.0,4658355.0,-8062164.0,-0.17,-1410212.0,-0.30272746495275693,162837339.0,-313164944.0,86577814.0,108327773.0,476002283.0,17751519.0,-490700392.0,162310045.04000002,141817257.04000002,-5.768978637947152,0.7992208424703793,0.0,0.0,0.025732810078980085,-5.768978637947152,0.029516847837221524,34.84278141962131,-4.389775292033162,-0.5182893173381501,0.0,0.34186184292172406,0.0,0.028607412947223364,0.5468575911737796,-0.05676610817129602,-2.886278148117082,-0.30272746495275693,0.055555555555555455,-42.0965490932836,0.21854558059145537,-7.374566054177179,-0.3468083054063837,0.033683255154193806,0.13169333479950893,-0.8254172814239288,0.9673475756776454,-16.687873750319493,Drug Manufacturers—Specialty & Generic,Healthcare,SIGA
2016Q2,2016,Q2,2016-08-08,2016-06-30,-9565851.0,1901314.0,-9284927.0,-0.18,-1047077.0,-0.5507122968641687,201668556.0,-304074532.0,143567275.0,216882489.0,505743088.0,28931893.0,-481456750.0,54216604.0,-23805752.0,-5.608513067325279,0.6619588130971699,0.0,0.0,0.03053972980955054,-5.608513067325279,0.03145890231938267,28.515334132079182,-1.4169310184739445,-0.1783003780139009,0.0,0.1019079878388877,0.0,0.009427914979467598,0.518765210224049,-0.04743352751531577,-2.082131283566485,-0.5507122968641687,0.05263157894736847,-1.3765248508265537,-0.2837218154371741,-7.6441962968001675,0.1731065374270105,0.08448201557208754,-0.31525519621962794,-2.0096115134112225,0.8981823527896321,-13.511004531388302,Drug Manufacturers—Specialty & Generic,Healthcare,SIGA
2016Q1,2016,Q1,2016-05-04,2016-03-31,-10448567.0,1269733.0,-7059411.0,-0.19,-1266278.0,-0.997278955496943,184796318.0,-294681252.0,128458981.0,13538816.0,479477570.0,22841861.0,-471890899.0,28680576.880000003,-75380773.12,-5.445534244777018,9.488199041925084,0.0,0.0,0.02398201386613914,-5.445534244777018,0.035457182732480046,22.587880192134882,-0.6862323053486665,-0.09732745699071485,0.0,0.1110247102895863,0.0,0.006870986466299615,7.760243140906856,-0.05654099125503139,-3.315797059728698,-0.997278955496943,0.4883203105715683,-1.051850899591445,-0.30911351868731246,-24.943848663063395,-0.7007567108730515,0.4800168189107541,0.6067724447921772,-1.047889413204488,-0.08653343877898133,-12.043734436094327,Drug Manufacturers—Specialty & Generic,Healthcare,SIGA
2015Q4,2015,Q4,2016-03-04,2015-12-31,-20094048.0,4188923.0,-17952483.0,-0.3713260540246149,-744538.0,-0.17773971973225577,185732936.0,-284428550.0,129458829.0,7333084.0,470161486.0,12447088.0,-461442332.0,22728004.32,-89983023.68,-5.2560704106729945,17.654076920433475,0.0,0.0,0.06382892632471339,-5.2560704106729945,0.07064708518184971,5.425739341592099,-0.2827703546841333,-0.0799076053370873,0.0,0.39635463330861004,0.0,0.022553474306786385,15.871597543407384,-0.1081878552762446,-1.3722389685363199,-0.17773971973225577,-2.7132605402461483,-0.3663570877542942,0.26298922253871776,-22.75776349630997,0.3226324734070621,-2.5687730440527696,-3.947772528750299,-5.022880388491966,0.5922723234418112,-10.39002817748583,Drug Manufacturers—Specialty & Generic,Healthcare,SIGA
2015Q3,2015,Q3,2015-10-27,2015-09-30,-5630520.0,1327403.0,-3628397.0,-0.1,-1099164.0,-0.8280559860117839,197165006.0,-264667704.0,139510700.0,6238230.0,461832710.0,1091948.0,-441348284.0,63625477.279999994,-65663797.720000006,-4.9085351351567885,22.363827560061107,0.0,0.0,0.013871634044079786,-4.9085351351567885,0.021273921656871288,47.93229884217528,-2.8250266973565497,-0.2403975865525323,0.0,2.222236773179675,0.0,0.006732447237619844,20.8822866422046,-0.02855740029242309,4.666976740842617,-0.8280559860117839,0.1666666666666666,-0.07267116655069046,-0.8310650657825925,-29.903761228199,0.2632257718552679,0.14344352885712602,0.16254942102675718,-0.8339142237922591,-0.44481586299406733,-8.986114073579321,Drug Manufacturers—Specialty & Generic,Healthcare,SIGA
2015Q2,2015,Q2,2015-08-04,2015-06-30,-6573437.0,1467460.0,-4332670.0,-0.12,-1491860.0,-1.016627369740913,182462827.0,-259389466.0,133168731.0,8023712.0,441852293.0,8770488.0,-435717764.0,69130155.72,-46525994.28,-4.840324857581559,16.596898168827597,0.0,0.0,0.01693089207452294,-4.840324857581559,0.02534195818113909,47.10871554931651,-2.629148028649244,-0.26651103757621364,0.0,0.337417940712079,0.0,0.008042514873454197,14.510162378709506,-0.03602617096357934,3.4395968361751033,-1.016627369740913,0.07692307692307698,-0.17039439451102292,-0.7313831744101092,-56.124143009206975,0.07858060921913496,0.08106474770662402,0.14029463967704522,-0.45727553685968103,-0.47650821855293546,-8.29873030603354,Drug Manufacturers—Specialty & Generic,Healthcare,SIGA
2015Q1,2015,Q1,2015-05-06,2015-03-31,-7153319.0,1192092.0,-5039715.0,-0.13,-1619089.0,-1.3581913140932076,173238862.0,-253198163.0,131307728.0,6976888.0,426437025.0,14815835.0,-429144327.0,103798334.24,8252715.239999995,-4.732295944983558,18.820386395768427,0.0,0.0,0.020140259316989293,-4.732295944983558,0.0282518597893619,87.07241910859229,-3.62762845610548,-0.4099490020391657,0.0,0.1897416514155294,0.0,0.006881204287753864,15.74024636772154,-0.0412916531395825,-16.82767796041379,-1.3581913140932076,0.6349986668419372,-0.30972736127756717,-0.810366880697025,-28.47974773155962,0.21490987961481783,0.6246209446714478,0.7129005847246954,-0.70341818508995,-0.2150751064266851,-7.4391412171902855,Drug Manufacturers—Specialty & Generic,Healthcare,SIGA
2014Q4,2014,Q4,2015-03-06,2014-12-31,-19056255.0,840379.0,-17553902.0,-0.3561630826803141,-2062297.0,-2.4540082510391144,166385335.0,-246502477.0,129804671.0,7460253.0,412887812.0,19044477.0,-421991008.0,77046186.24,-20677794.760000005,-4.607152984500535,17.399499856104075,0.011959876151344709,-0.00807273023873103,0.07028488632067907,-4.607152984500535,0.0773065456863543,91.68028501426141,-1.0107729225915585,-0.31255745247541666,0.0,0.1524156321016324,0.0,0.005050799699384564,13.43192529797582,-0.1145308569412082,-17.241255082282116,-2.4540082510391144,0.9206763735678589,-15.67522616280901,-0.8284593635052567,-19.97434512818531,-0.25527847099640877,0.9206243248175112,0.9034057169574599,-2.194633053135423,-0.8364816586475387,-6.707017452029466,Drug Manufacturers—Specialty & Generic,Healthcare,SIGA
2014Q3,2014,Q3,2014-11-04,2014-09-30,-240076761.0,1099429.0,-181728167.0,-4.49,-1642900.0,-1.4943211430660825,164715384.0,-227976509.0,128102788.0,4591176.0,392691893.0,18126911.0,-402934753.0,77313707.72,-24884848.28,-4.2609010125093505,27.901955403147255,0.015081080708284055,-0.010896236681999547,1.0623653883541577,-4.2609010125093505,1.053076749236475,70.32169218749004,-0.08050936229517025,-0.3391301501155981,0.0,0.15128495969335315,0.0,0.0066747195878194355,22.924780709778933,-1.4575248235465366,7.640966674787254,-1.4943211430660825,-73.83333333333334,-117.32642000645568,-0.802605311125516,-12.966426428236645,0.04552312641284829,-80.42992753018558,-37.2867001832294,-1083.923846593628,-0.7082156857921478,-5.708180885935203,Drug Manufacturers—Specialty & Generic,Healthcare,SIGA
2014Q2,2014,Q2,2014-07-31,2014-06-30,-2948262.0,650612.0,-4746509.0,-0.06,-1721257.0,-2.645596761203298,209471589.0,11568705.0,129734471.0,8396869.0,197902884.0,16845607.0,-162857992.0,150628314.72,54575911.72,0.21658443275186104,15.450338810811505,0.014211588379176328,0.2573256038597233,-0.20368745297690144,0.21658443275186104,-0.2548480577558162,231.5178858059796,-12.772636448185404,13.02032636496479,0.0,0.14080044726200724,0.0,0.003105967750118132,11.882052226847888,-0.014074758367350716,-18.64278726835493,-2.645596761203298,0.0,0.8040838092627897,-0.8883482388117229,1.612132869530662,0.23974124143511535,0.12821261915413978,0.1581868018341969,-1.1177906749264568,-0.7512146805639259,-0.7434204986669027,Drug Manufacturers—Specialty & Generic,Healthcare,SIGA
2014Q1,2014,Q1,2014-05-01,2014-03-31,-3381859.0,549415.0,-5638435.0,-0.06,-2264041.0,-4.1208212371340425,214787829.0,13937105.0,133333724.0,11135819.0,200850724.0,17075545.0,-159909729.0,165081680.5,61483090.5,0.26171907972550595,11.97340976896266,0.016148401034399393,0.24886660464996138,-0.19482535343382199,0.26171907972550595,-0.24265146886674097,300.4680987959921,-12.203471559577144,11.844761196819569,0.0,0.16476522418464534,0.0,0.0025579428897714684,9.669471998422388,-0.015745114682452516,9.957528358882366,-4.1208212371340425,0.26353325617840634,0.6694068886492026,-0.8079982056858798,2.47453637017685,-0.20093367719869257,0.22049267746574416,0.13430528906644992,0.32513114022106254,-0.6962126918577948,0.15077084368612556,Drug Manufacturers—Specialty & Generic,Healthcare,SIGA
2013Q4,2013,Q4,2014-03-10,2013-12-31,-4338457.0,934126.0,-6513191.0,-0.08147007384020422,-1885234.0,-2.018179560359095,193824234.0,16975468.0,123941842.0,12189024.0,176848766.0,20515349.0,-156527870.0,174134546.85,86783566.85,0.3187752307864348,10.168315527149671,0.020424556405057172,0.23320558820528542,-0.22414271563898694,0.3187752307864348,-0.25557215859969223,186.41440967278504,-10.034359384569214,10.258011552317733,0.0,0.13742686024985487,0.0,0.004819448944655703,7.571711812200879,-0.022383460057940948,-11.893455700066259,-2.018179560359095,0.09477695733106424,-0.8579920118226584,-0.7473800812913648,6.348761331477831,0.04245827591758951,0.11495751917186049,-0.17067586979403324,0.7002170690019784,-0.7137947783729967,0.31958583847144534,Drug Manufacturers—Specialty & Generic,Healthcare,SIGA
2013Q3,2013,Q3,2013-11-06,2013-09-30,-4901976.0,2292143.0,-5563616.0,-0.09,-1968827.0,-0.8589459732660658,201569656.0,19324100.0,143853152.0,17249699.0,182245556.0,16988019.0,-152189412.0,200737168.54,99994337.53999999,0.36773489701430456,8.339458676931116,0.022065940321890513,0.23016978798495144,-0.17403898134362042,0.36773489701430456,-0.253671632831542,87.57619770668758,-10.237563818141908,10.387918119860691,0.0,0.2508220646562733,0.0,0.011371468530957853,6.167281991413299,-0.024319017541013215,2.525883543725933,-0.8589459732660658,-0.5,-0.08130538760607418,-0.1777733798163811,4.653613136168127,0.09104520058318567,-0.6013877455015877,0.012276033577831417,0.041760880078180296,-0.7006749970471101,1.16539585964241,Drug Manufacturers—Specialty & Generic,Healthcare,SIGA
2013Q2,2013,Q2,2013-08-05,2013-06-30,-3061080.0,964667.0,-5632764.0,-0.06,-2166034.0,-2.2453696456912073,177014114.0,23407195.0,145613525.0,30963067.0,153606919.0,18452502.0,-147287434.0,149334396.64,128307317.63999999,0.44828639085329486,4.702813355020677,0.06742766850783435,0.5099136825236855,-0.09703980580641541,0.44828639085329486,-0.1307751740437075,154.8040895355599,-12.196218053758804,6.37985015462126,0.0,0.16966268314183086,0.0,0.00544966148857486,2.9448855631775754,-0.017292858353656477,134.45360900928802,-2.2453696456912073,0.3333333333333333,0.3558933761281069,-0.6319095210851107,2.0810402389912976,0.06519816754096168,0.37219162565304414,0.029939327766114826,0.44063097415638985,-0.818770718395309,4.105319135712967,Drug Manufacturers—Specialty & Generic,Healthcare,SIGA
2013Q1,2013,Q1,2013-05-15,2013-03-31,-4875819.0,1328364.0,-5806610.0,-0.09,-2317105.0,-1.744329867415859,128726504.0,25499631.0,103530458.0,15151839.0,103226873.0,13148805.0,-144226355.0,182033793.92,162266129.92,0.49308811944801334,6.832864182360966,0.03824177498054324,0.19305102885606462,-0.1300806018611958,0.49308811944801334,-0.1912113551760808,137.03607890608296,-9.333498327152833,7.138683454674305,0.0,0.27724717189128595,0.0,0.01031927348854281,3.692260127632032,-0.03787735119412549,-21.76821133918048,-1.744329867415859,-0.45979316314912916,-2.7289967821916146,-0.5601741926917314,2.6843182045083296,0.852403700963957,-0.529280088824487,-0.1042096279398442,0.0763654289481713,-0.7813745031218744,1.863290311803951,Drug Manufacturers—Specialty & Generic,Healthcare,SIGA
2012Q4,2012,Q4,2013-03-06,2012-12-31,-3188310.0,2514099.0,-5258612.0,-0.06165256987904238,-15698937.0,-6.244359112349991,105836130.0,28947005.0,84946176.0,15715540.0,76889125.0,17641922.0,-123398462.0,135491062.52,108383572.52000001,0.5597502277229909,5.4052343094796615,0.0463924748571211,0.16962031132409036,-0.09966491001910528,0.5597502277229909,-0.11014300097713045,53.892492905012894,-10.624050242918663,4.680659105147494,0.0,1.032372549884304,0.0,0.023754638420735906,2.0990546936344536,-0.03012496772132541,30.54653785022056,-6.244359112349991,-0.027542831317373003,-2.946374334348093,-0.06362691431553599,2.634432419328841,-7.855969901564315,-0.08431497715779976,0.025424779536821145,-3.540312150502795,-0.4690501555120389,1.3053052594796286,Drug Manufacturers—Specialty & Generic,Healthcare,SIGA
2012Q3,2012,Q3,2012-11-05,2012-09-30,-2940391.0,2289820.0,-5395799.0,-0.06,2289820.0,1.0,92051992.0,31739570.0,42540233.0,15796769.0,60312422.0,17357337.0,-120210152.0,164214598.98000002,141542670.98000002,0.6146337367501209,2.6929705055508504,0.0,0.0,-0.09238540875828634,0.6146337367501209,-0.09264117314758832,71.71506886130788,-13.961969596900548,5.173812971631311,0.0,0.0,0.0,0.024875290042609834,1.5045641295381353,-0.03194271993592491,-13.38480283256587,1.0,0.25000000000000006,0.2345105744832221,-0.07632316279046479,2.8919703081694377,-0.15228397831453402,0.3235126100957609,0.1479011863343905,-0.5015531058473968,-0.5740352813791068,3.0146529664572665,Drug Manufacturers—Specialty & Generic,Healthcare,SIGA
2012Q2,2012,Q2,2012-08-06,2012-06-30,-4346557.0,2701164.0,-6332363.0,-0.08,2701164.0,1.0,92640990.0,34245189.0,46578955.0,14511271.0,58395801.0,8859970.0,-117269759.0,147685686.72,112752910.72,0.6631735458947257,3.2098466771105025,0.0,0.0,-0.133793173913703,0.6631735458947257,-0.1269246024602171,54.6748315615046,-8.49440641868955,4.312596631310751,0.0,0.0,0.0,0.0291573308963991,2.5118904470876466,-0.046918291784230716,-23.413392604392314,1.0,0.0,-6.321268886245565,0.19333354993010962,2.102571574044956,0.8428519967907259,-0.07245787145133119,-0.14117994341643417,0.7012315268834857,-0.5205099528222001,2.874328272293034,Drug Manufacturers—Specialty & Generic,Healthcare,SIGA
2012Q1,2012,Q1,2012-05-07,2012-03-31,-4052893.0,1465752.0,-5548961.0,-0.08,1465752.0,1.0,89027621.0,37949969.0,46636330.0,7138481.0,51077652.0,923195.0,-112923202.0,173502907.2,130914431.19999999,0.7349265663486243,6.533088762161025,0.0,0.0,-0.0990049305777244,0.7349265663486243,-0.10679568671057413,118.37125734776414,-10.702411043173356,4.571885347258123,0.0,0.0,0.0,0.016464014016503933,6.236773061383787,-0.045523995300290006,-26.011868289500196,1.0,0.2824336471721589,0.18579575950076874,-0.504614420523793,3.4220000598840583,-0.7044894756461959,0.2960047344193293,0.28575001409459777,0.5914237199455727,-0.4717555058190476,5.140607374238089,Drug Manufacturers—Specialty & Generic,Healthcare,SIGA
2011Q4,2011,Q4,2012-03-01,2011-12-31,-5756989.0,4960067.0,-7768934.0,-0.11148794767860812,4960067.0,1.0,90380477.0,41686066.0,52978703.0,6922777.0,48694411.0,0.0,-108870309.0,130127180.4,80870250.4,0.8072785869722879,7.65281085899488,0.0,0.0,-0.1456528326200224,0.8072785869722879,-0.13810343724927174,26.234964245442654,-5.650835028519249,3.121598963068379,0.0,0.0,0.0,0.05487984977109603,7.49612951565535,-0.06369726285025028,3.506895037055233,1.0,-28.532383320912444,0.14532007459289603,0.32170842097085783,2.613091313408252,0.3862881741154427,-28.347297566907663,-0.2855781692443536,-1.5425743028986203,0.3833095729956452,17.610284271573537,Drug Manufacturers—Specialty & Generic,Healthcare,SIGA
2011Q3,2011,Q3,2011-11-08,2011-09-30,210514.0,3577948.0,-6043144.0,0.0040493387869522555,3577948.0,1.0,50784094.0,45979658.0,14538719.0,3695756.0,4804436.0,0.0,-103113320.0,166136548.68,153726590.68,0.9049994288108141,3.9338957983156897,0.0,0.0,0.021012185913172967,0.9049994288108141,0.004578415959509747,46.433472113065925,197.29869353107156,3.6132619490123217,0.0,0.0,0.0,0.07045410714622574,3.820125571060427,0.004145274305769834,-56.95734647440963,1.0,-0.9907969573023813,1.1744724564139855,-0.043236082071896824,322.61037512097636,0.4363177704555819,-0.9911704280937707,0.4559607429618455,1.0480291796898225,0.3274887485872432,12.913601076458193,Drug Manufacturers—Specialty & Generic,Healthcare,SIGA
2011Q2,2011,Q2,2011-08-01,2011-06-30,23841926.0,2491056.0,-11107919.0,0.44,2491056.0,1.0,51968582.0,42948595.0,17240832.0,3248027.0,9019987.0,0.0,-103323833.0,495567294.26,490566930.26,0.844122120537939,5.308093805870456,0.0,0.0,0.6801526492786122,0.844122120537939,0.5551270303487227,198.9386405845553,5.1963848711299585,11.538614808237615,0.0,0.0,0.0,0.047933884361131884,5.175096758739998,0.45877576571167555,-110.03417462927627,1.0,5.888888888888889,6.813336613022826,-0.10196595763292678,30.83179621253515,0.46815887821274094,6.07137446756465,-0.7191088983260697,6.148427007709664,-0.024537021558775747,4.801590842518295,Drug Manufacturers—Specialty & Generic,Healthcare,SIGA
2011Q1,2011,Q1,2011-05-05,2011-03-31,-4701275.0,1696721.0,-6461440.0,-0.09,1696721.0,1.0,22627346.0,11362222.0,20423847.0,3286176.0,11265124.0,0.0,-127165760.0,604508074.5,600672159.5,0.2274293628149048,6.215080080920803,0.0,0.0,,0.2274293628149048,-0.41376369868499313,356.28018660699075,-32.14596436604963,53.203332455570745,0.0,0.0,0.0,0.07498541808659309,6.110660536745445,-0.20776961646319458,-139.01642867080682,1.0,0.6688297614318903,0.11994933819733035,-0.354574677651106,10.617354617569719,-0.44588107965471113,0.6537357050964162,-0.5213805217219319,-2.72179724834995,-0.418477306178021,0.699335491182984,Drug Manufacturers—Specialty & Generic,Healthcare,SIGA
2010Q4,2010,Q4,2011-03-09,2010-12-31,-13577129.0,3062016.0,-4247090.0,-0.271763550943272,3062016.0,1.0,27031803.0,12068788.0,24702564.0,4263180.0,14963015.0,0.0,-122464485.0,699430830.0,693098777.0,0.24157218234146186,5.794398547563087,0.0,0.0,,0.24157218234146186,-1.1249786639718917,228.42167709117132,-12.878842610982042,57.95369261602739,0.0,0.0,0.0,0.11327457513655305,5.707839453178144,-0.5022650172465374,-202.85893485481463,1.0,-1.7176355094327196,-25.338269971648955,-0.2762277778045768,0.9813555958387563,-0.5382867875468365,-2.0646029867914315,-0.7610635321201727,-16.39555552279417,0.18050171936876785,0.5685170413978298,Drug Manufacturers—Specialty & Generic,Healthcare,SIGA
2010Q3,2010,Q3,2010-11-02,2010-09-30,-4430306.0,6631857.0,-2411662.0,-0.1,6631857.0,1.0,23671813.0,7728557.0,21203288.0,2820919.0,15943256.0,0.0,-108887356.0,385009312.50000006,379297535.50000006,0.1698234045182998,7.516446945126748,0.0,0.0,,0.1698234045182998,-0.5732384454174304,58.05452567810193,-21.725887133981267,49.816455063991896,0.0,0.0,0.0,0.28015838922012437,7.3812119383789465,-0.1871553311104646,-156.14604878939045,1.0,0.0,-4.295453941546463,0.22689999073750156,0.6272129277530203,0.4913931581088493,0.030911355075147307,0.20214814996159056,-0.3087346704135015,2.0355517058336425,0.07535204870502965,Drug Manufacturers—Specialty & Generic,Healthcare,SIGA
2010Q2,2010,Q2,2010-08-05,2010-06-30,-4571621.0,4446753.0,-3022694.0,-0.1,4446753.0,1.0,22159862.0,3830191.0,19341053.0,9834614.0,18329671.0,0.0,-99914571.0,335875632.40000004,329335629.40000004,0.08780771170942497,1.9666306171243733,0.0,0.0,,0.08780771170942497,-1.1935752029076356,75.53278367384023,-18.367425493058153,87.69161443907106,0.0,0.0,0.0,0.20066699873853006,1.9050213867061787,-0.20630187137446976,-159.26315054755128,1.0,0.0,-0.5749012651500662,0.3399483632467136,0.17352174827073807,-0.12382894031400862,-0.036776175212463756,0.006000772129162608,-7.62559134710995,1.3256186746366372,-0.5892029891451026,Drug Manufacturers—Specialty & Generic,Healthcare,SIGA
2010Q1,2010,Q1,2010-05-04,2010-03-31,-4409458.0,5075211.0,-3040942.0,-0.1,5075211.0,1.0,23715450.0,7438859.0,21239333.0,8889859.0,16276591.0,0.0,-95342950.0,286391880.06,277883853.06,0.17221031252585575,2.3891642150904757,0.0,0.0,,0.17221031252585575,-0.5927599918213263,56.429551413724475,-16.237362962749614,38.49943654799748,0.0,0.0,0.0,0.21400441484348812,2.313522295460479,-0.18593187141715634,-85.4180817847636,1.0,-5.120367010631824,-1.2584021868999191,0.9735980776294679,0.22227154141586397,0.2831794930400204,-5.206045240098363,0.18451979340416516,-0.0589458162429067,1.0504881988829706,0.036177010290236365,Drug Manufacturers—Specialty & Generic,Healthcare,SIGA
2009Q4,2009,Q4,2010-03-10,2009-12-31,1048362.0,3955184.0,-3729020.0,0.024269682710780133,3955184.0,1.0,25915287.0,10488491.0,23486546.0,9028580.0,15426796.0,0.0,-90933492.0,250538899.6,236042586.6,0.24280959123363213,2.6013554733967026,0.0,0.0,,0.24280959123363213,0.09995355861963365,63.34443596050146,59.745321654161444,23.887030040832375,0.0,0.0,0.0,0.1526197259555721,2.425793867917214,0.04045342040780795,-116.11457064903297,1.0,1.6067420677695035,1.1913963032160837,1.6495094908863237,0.304772113292508,0.008476931557816569,1.733793522448568,-0.42361500831105725,1.1860542869503705,0.2598972066619229,0.0867292147420234,Drug Manufacturers—Specialty & Generic,Healthcare,SIGA
2009Q3,2009,Q3,2009-11-09,2009-09-30,-1428688.0,3921938.0,-2619402.0,-0.04,3921938.0,1.0,8165314.0,-11494069.0,5673519.0,9744560.0,19659383.0,0.0,-91981854.0,297258756.09,295816500.09,-0.3050816924718027,0.5822242358813533,0.0,0.0,,-0.3050816924718027,0.12429784439261675,75.79384378080428,-52.01603780706495,-25.861925493052112,0.0,0.0,0.0,0.4803168622786582,0.42790100322641555,-0.17497036856145398,-139.1311061264092,1.0,0.8571428571428571,0.5072379928929969,3.665421456322226,-1.9501398843578452,-0.02170663256970201,0.8620039908777178,-0.04397076852195789,-0.5967725856504731,0.41426654001305235,-110.09134061341047,Drug Manufacturers—Specialty & Generic,Healthcare,SIGA
2009Q2,2009,Q2,2009-08-05,2009-06-30,-10353111.0,4008959.0,-2509076.0,-0.28,4008959.0,1.0,8423519.0,-13002120.0,5925949.0,10811853.0,21425639.0,0.0,-90553166.0,310152351.96,308544080.96,-0.35381931527042804,0.5480974445361031,0.0,0.0,,-0.35381931527042804,0.7962633016769572,77.36481015645208,-7.4893515572275815,-23.85398319350998,0.0,0.0,0.0,0.47592449188990965,0.4126245519616295,-1.2290719591182735,-125.80331672058003,1.0,-0.47368421052631593,-1.652968329495508,7.567030763842751,-2.0465259921650762,1.0817358396117516,-0.5038288178039337,0.1466970114554752,-2.495151884313281,1.001022498140575,-11.504192761208108,Drug Manufacturers—Specialty & Generic,Healthcare,SIGA
2009Q1,2009,Q1,2009-05-11,2009-03-31,-6884501.0,1925777.0,-2940428.0,-0.19,1925777.0,1.0,7406263.0,-6361036.0,4969840.0,8059032.0,13767299.0,0.0,-80200054.0,181700414.22,180136754.22,-0.17749245459039878,0.6166795218085745,0.0,0.0,,-0.17749245459039878,1.0822924127453453,94.3517417748784,-6.598169359696513,-28.564594544033397,0.0,0.0,0.0,0.2600200668002203,0.3487927582369694,-0.9295512460197538,-88.54972941467155,1.0,-3.33310620214629,-1.279010809780863,6.669624262594381,-1.3922111576381364,-0.2261489863829045,-3.38096962307567,-0.15427143884508007,-0.7965249918600108,0.021198900685304608,-10.066519649873538,Drug Manufacturers—Specialty & Generic,Healthcare,SIGA
2008Q4,2008,Q4,2009-03-06,2008-12-31,-1571456.0,2488563.0,-2547432.0,-0.04384845215792046,2488563.0,1.0,8797300.0,1554599.0,6255092.0,4319169.0,7242701.0,0.0,-70605553.0,117191391.42,114869872.42,0.04337809004913341,1.4482165435064014,0.0,0.0,,0.04337809004913341,-1.0108433107187127,47.09199301765718,-18.643759580287327,75.38367863352543,0.0,0.0,0.0,0.28287804212656154,0.9911922872200648,-0.178629352187603,-137.44146747136034,1.0,0.512794976023106,0.3746402160164447,13.971084645081822,-0.8201962028481107,0.3361003180036906,0.4811760514856807,-0.1935242960712676,-3.249622021664395,-0.1800037371564993,-0.6442163968442302,Drug Manufacturers—Specialty & Generic,Healthcare,SIGA
2008Q3,2008,Q3,2008-11-06,2008-09-30,-3028881.0,1862557.0,-2134378.0,-0.09,1862557.0,1.0,9797509.0,2283666.0,7190484.0,3347829.0,7513843.0,0.0,-69034097.0,131660377.5,128702622.5,0.0650442271441915,2.1478050402215882,0.0,0.0,,0.0650442271441915,-1.326323989585167,70.68797223386989,-10.867080738728264,57.65307952213677,0.0,0.0,0.0,0.19010515836219186,1.5745822143245667,-0.30914807018804474,-52.25905967303847,1.0,0.0,0.07572104909663378,4.061756682211679,-0.7839935274685002,0.07540540821428696,0.03561426366303949,-0.032493601269732546,-3.92038948560274,-0.5533569038808409,-0.37675959574036716,Drug Manufacturers—Specialty & Generic,Healthcare,SIGA
2008Q2,2008,Q2,2008-08-08,2008-06-30,-3140736.0,1731958.0,-2067207.0,-0.09,1731958.0,1.0,9995522.0,5020726.0,7408692.0,1721510.0,4974796.0,0.0,-66005216.0,107662120.8,102239306.8,0.1454983888818211,4.303600908504743,0.0,0.0,,0.1454983888818211,-0.625554152925294,62.162085223775634,-8.569816183213106,21.44353641286141,0.0,0.0,0.0,0.17327339182485918,3.9474926082334694,-0.31421430516585325,-44.89638746745743,1.0,-2.0,-0.06781523021097484,1.9269653989121713,-0.6490926398166226,-0.1263944233155447,-2.6592349563790916,-0.039898002609797104,-0.36770986951078893,-0.3402766624813108,0.9445390429510895,Drug Manufacturers—Specialty & Generic,Healthcare,SIGA
2008Q1,2008,Q1,2008-05-09,2008-03-31,-858304.0,1982540.0,-1987894.0,-0.03,1982540.0,1.0,8247088.0,4543205.0,5763514.0,1547224.0,3703883.0,0.0,-62864480.0,78076936.19999999,72986763.19999999,0.1338342922836155,3.7250676049492513,0.0,0.0,,0.1338342922836155,-0.18892037669442607,39.38227536392708,-22.741632393650733,17.185431033818634,0.0,0.0,0.0,0.24039273013698895,3.6465980362248778,-0.10407358330601056,-44.15986418951478,1.0,-0.9202967575028471,0.6204647295481012,2.7701610631637528,-0.1490308361205719,0.12487155729580092,-0.6184277018923995,0.04014697929542645,0.44061675110004617,-0.01897784716157477,-0.050104234035138084,Drug Manufacturers—Specialty & Generic,Healthcare,SIGA
2007Q4,2007,Q4,2007-12-31,2007-12-31,-530332.0,1762459.0,-2071040.0,-0.01562258535446989,1762459.0,1.0,10588672.0,5228205.0,7948894.0,2117670.0,5360467.0,0.0,-62006176.0,104555201.52,97722911.52,0.1540131066259744,3.7536037248485363,0.0,0.0,,0.1540131066259744,-0.10143672637167059,59.32348016038954,-49.287616775906415,19.998297985637517,0.0,0.0,0.0,0.166447596072482,3.6921611960314875,-0.05008484538948794,-67.94160595439074,1.0,0.7768202092218587,0.8006251975915412,4.958491487634252,-0.06141748592966298,0.09529165887256599,0.787296815139478,-0.306763617273933,0.8767966965552821,0.5023463122363974,-0.17238851403625016,Drug Manufacturers—Specialty & Generic,Healthcare,SIGA
2007Q3,2007,Q3,2007-11-13,2007-09-30,-2493296.0,1609123.0,-1584862.0,-0.07,1609123.0,1.0,11669867.0,5293458.0,9197313.0,1671113.0,6376409.0,0.0,-61475844.0,140445108.61,132379375.61000001,0.1579235420835494,5.503705015758959,0.0,0.0,,0.1579235420835494,-0.4710145995302126,87.28053020806988,-14.082273886654454,26.531826380789273,0.0,0.0,0.0,0.13788700419636316,5.435063936430391,-0.21365247778745036,-83.0019985059711,1.0,-8.0,-0.201968192567754,4.442806840782365,0.174840780430469,0.1023700857851029,-5.733375352160806,0.21161146222742885,0.03341797084184506,1.1515153978461807,-0.5081663052380199,Drug Manufacturers—Specialty & Generic,Healthcare,SIGA
2007Q2,2007,Q2,2007-08-14,2007-06-30,526748.0,1459694.0,-2010255.0,0.01,1459694.0,1.0,12485229.0,7117877.0,10338641.0,1660130.0,5367352.0,0.0,-58982548.0,109557217.14,100366627.14,0.21374963641213204,6.227609283610319,0.006949091602564919,0.012189168202822275,,0.21374963641213204,0.07400352661334271,75.05492051073718,51.99697822298329,15.39183904695178,0.0,0.0,0.0,0.11691367455094336,6.110845536192949,0.042189694718454906,-75.3794817150575,1.0,1.0999999999999999,1.1685934947620222,2.1904107872863703,0.11672849023907683,0.0,1.1676645944188406,-0.11870453752443726,1.1489538142074756,2.4422948934681394,-0.3677717957535514,Drug Manufacturers—Specialty & Generic,Healthcare,SIGA
2007Q1,2007,Q1,2007-05-07,2007-03-31,-3141677.0,1867441.0,-1796949.0,-0.1,0.0,0.0,13564698.0,5416546.0,11164921.0,2014861.0,8148152.0,0.0,-59509296.0,157414365.78,147778171.78,0.16619777394754118,5.541285974565987,0.008002021128667958,0.02003952334199691,,0.16619777394754118,-0.5800148286380288,84.29415750216472,-12.526300903943977,29.061761089077798,0.0,0.0,0.0,0.13766919101332,5.4710131368863655,-0.23160685184439786,-78.45123573341972,0.0,0.23338805386306635,-0.3722183203563394,0.0,-0.41830695933736084,-1.0,0.26100775315968133,0.08223968473502175,-0.14363167439800628,7.178350273005305,-0.6327470851238512,Drug Manufacturers—Specialty & Generic,Healthcare,SIGA
