Year,Date,FillingDate,NetIncome,Revenue,OperatingIncome,EPSDiluted,GrossProfit,GrossProfitRatio,TotalAssets,CommonStockEquity,CurrentAssets,CurrentLiability,TotalLiability,Inventory,RetainedEarnings,EnterpriseValue,bookValuePerShare,currentRatio,debtToAssets,debtToEquity,roic,shareholdersEquityPerShare,roe,priceToSalesRatio,peRatio,pbRatio,payoutRatio,inventoryTurnover,dividendYield,assetTurnover,quickRatio,returnOnAssets,priceToFreeCashFlowsRatio,grossProfitMargin,epsdilutedGrowth,fiveYNetIncomeGrowthPerShare,fiveYRevenueGrowthPerShare,fiveYShareholdersEquityGrowthPerShare,grossProfitGrowth,netIncomeGrowth,operatingIncomeGrowth,threeYNetIncomeGrowthPerShare,threeYRevenueGrowthPerShare,threeYShareholdersEquityGrowthPerShare,Industry,Sector,Price,MarketCap,AvgVolume,Symbol
2022,2022-12-31,2022-12-31,-306658000.0,4142862000.0,-410242000.0,-4.98,803116000.0,0.1938553589,5267643000.0,2672522000.0,2958548000.0,1668668000.0,2582722000.0,1021923000.0,942848000.0,1413463268.81144,43.40565025985031,1.77299978186194,0.31975173716214256,0.6302428941651369,-0.07694999910715601,43.40565025985031,-0.11474479910736002,0.14863089062861373,-2.007960884149248,0.23040306826714244,-0.13048738333909438,3.268099455634133,0.06498502255156256,0.7864735708171567,1.0437456701992247,-0.05821541057357152,-0.7720484385702947,0.19385535892819988,-4.43448275862069,-2.7653411266290537,0.9518270738817776,10.426315812642558,-0.38488804741269045,-4.196885033985239,-5.366971109833727,-1.5274321596229696,-0.29484600205473155,0.05725361003215592,Consumer Electronics,Technology,1.18,72024958,38837,ZEPP
2021,2021-12-31,2021-12-31,95924000.0,6250109000.0,93942000.0,1.45,1305642000.0,0.2088990768,6085501000.0,2920347000.0,3930953000.0,2152132000.0,3152062000.0,1249327000.0,1271171000.0,1819895983.85771,46.32390374262503,1.82653898552691,0.20701056494773395,0.4313744222861187,0.019871679010900537,46.32390374262503,0.03284678156397168,0.3245754568212666,21.148325589609588,0.6946544310856586,0.0,3.9577044280640696,0.0,1.0270492109030958,1.0805787005629766,0.015762712059368654,-7.105118027499973,0.2088990768001006,-0.5880681818181819,2.776598441584785,2.785747726705811,90.22967344630088,-0.020277414053794466,-0.5806656087570436,0.20099718742009717,-0.7629841606882383,0.44058174185305,0.35495275450385966,Consumer Electronics,Technology,1.18,72024958,38837,ZEPP
2020,2020-12-31,2020-12-31,228753000.0,6433363000.0,78220000.0,3.52,1332665000.0,0.2071490448,5903719000.0,2730258000.0,4827866000.0,2789674000.0,3173461000.0,1217537000.0,1133368000.0,3052646745.2647552,43.95300010523575,1.7306201369765786,0.11533679025034897,0.2493962109075406,0.01957390490048502,43.95300010523575,0.08378438960713602,0.7220297914581775,20.30609323272156,1.7013336268091719,0.0,4.1893576950844205,0.0,1.089713619499844,1.2385067215739187,0.03874727099985619,64.04533070351802,0.2071490447531097,-0.6071428571428572,6.782120581276198,5.8663946389222295,125.25951342603786,-0.09203109808733545,-0.6023042580268291,-0.8710271004676133,0.3052719235247232,2.004268787508779,10.570402864810514,Consumer Electronics,Technology,1.18,72024958,38837,ZEPP
2019,2019-12-31,2019-12-31,575196000.0,5812255000.0,606484000.0,8.96,1467743000.0,0.2525255688,5174743000.0,2500750000.0,4392452000.0,2481800000.0,2677155000.0,893806000.0,910612000.0,3242702514.5451975,41.05509770596115,1.769865420259489,0.021516624110608003,0.044523842847145854,0.19626090046901615,41.05509770596115,0.23000939718084576,0.8489779809291226,8.578774043187362,1.9731986462242115,0.007889484627848595,4.860687889765788,0.0009196517577140116,1.123196842819054,1.3822282214521717,0.11115450564404841,12.921604581948156,0.252525568819675,0.6592592592592593,15.826825623526648,5.326264416027885,117.06685442146824,0.5623428601841503,0.6915240879175171,0.6583333105471687,22.437727817896693,2.643634945777208,79.85335764944256,Consumer Electronics,Technology,1.18,72024958,38837,ZEPP
2018,2018-12-31,2019-04-12,340046000.0,3645335000.0,365719000.0,5.4,939450000.0,0.2577129399629938,3258481000.0,1810915000.0,2857456000.0,1387692000.0,1448903000.0,484622000.0,340046000.0,2061993876.8857894,34.18857490686999,2.0591428069052786,0.01194912598845904,0.02150073305483692,0.17109227628527127,34.18857490686999,0.18777579290027416,0.9504914848390585,10.189385779823287,1.9133199939730963,0.0,5.583496003070434,0.0,1.118722189879272,1.6911007629935173,0.10435721429709119,5.426970041421734,0.2577129399629938,5.958897401367294,11.079897431755718,3.5627454988326064,97.65450987386076,0.8990220375094501,1.0279218997865007,1.0097873813671558,11.079897431755718,3.5627454988326064,97.65450987386076,Consumer Electronics,Technology,1.18,72024958,38837,ZEPP
2017,2017-12-31,2017-12-31,167682000.0,2048896000.0,181969000.0,0.775985,494702000.0,0.2414480774036359,1465517000.0,225775000.0,1295360000.0,877249000.0,1237353000.0,249735000.0,131192000.0,3885337173.715438,3.7987441421691206,1.4766161032956435,0.024048168666757193,0.15609788506256228,0.5968434913660754,3.7987441421691206,0.7426951611117263,2.0579034629944313,25.145395294160604,18.67536340921465,0.0,6.22337277514165,0.0,1.3980704420351315,1.1639352110974193,0.11441832472772408,19.44901691797484,0.2414480774036359,0.9259994688150422,5.429820696412672,1.28554604284127,11.739428425949871,0.7914119760132101,6.0025056376847905,12.597026077859972,5.429820696412672,1.28554604284127,11.739428425949871,Consumer Electronics,Technology,1.18,72024958,38837,ZEPP
2016,2016-12-31,2016-12-31,23946000.0,1556476000.0,13383000.0,0.4028999034342514,276152000.0,0.1774213029947137,972896000.0,30179000.0,859843000.0,634370000.0,942717000.0,192372000.0,-36490000.0,4352597689.309145,0.5077723288124226,1.3554282201239025,0.013014751833700622,0.419563272474237,0.27896587644000514,0.5077723288124226,0.7934656549256105,2.886705409726295,187.6341639233753,148.88126476388035,0.0,6.655459214438691,0.0,1.5998380094069664,1.0423112694484291,0.02461311383745025,778.8330194676971,0.1774213029947137,1.6326050775367869,1.6326050775367869,0.7362508896122295,2.435522998620558,1.4970567225181073,1.632605077536787,1.3336241711123298,1.6326050775367869,0.7362508896122295,2.435522998620558,Consumer Electronics,Technology,1.18,72024958,38837,ZEPP
2015,2015-12-31,2015-12-31,-37853000.0,896458000.0,-40114000.0,-0.6368900878934569,110591000.0,0.12336439632420035,529079000.0,-21023000.0,519649000.0,277823000.0,550102000.0,89946000.0,-60436000.0,3992723426.333235,-0.3537193965546758,1.8704318936877076,0.0,0.0,1.8639311991628218,-0.3537193965546758,1.8005517766256005,4.699283654486027,-111.2913223874788,-200.38578824778742,0.0,8.737097814244102,0.0,1.6943745641010133,1.532122970380422,-0.07154508116935278,-435.10745985676874,0.12336439632420035,0.0,0.0,0.0,0.0,0.0,0.0,0.0,0.0,0.0,0.0,Consumer Electronics,Technology,1.18,72024958,38837,ZEPP
TTM,,,,,,,,,,,,,,,,1172551517.2304,41.52212236774576,2.155316243745889,0.32860576844566813,0.6326358740824257,-0.08025632018665341,41.52212236774576,-0.1296006936368863,0.12880529924507472,-1.4968104631730645,0.20486390181749786,0.0,4.096935618358038,0.0,0.82283205631926,1.3481837329984518,-0.07109187969286342,4.434500723665713,0.1869813780468594,,,,,,,,,,,Consumer Electronics,Technology,1.18,72024958,38837,ZEPP
