Quarters,Year,Quarter,FillingDate,Date,NetIncome,Revenue,OperatingIncome,EPSDiluted,GrossProfit,GrossProfitRatio,TotalAssets,CommonStockEquity,CurrentAssets,CurrentLiability,TotalLiability,Inventory,RetainedEarnings,MarketCap,EnterpriseValue,bookValuePerShare,currentRatio,debtToAssets,debtToEquity,roic,shareholdersEquityPerShare,roe,priceToSalesRatio,peRatio,pbRatio,payoutRatio,inventoryTurnover,dividendYield,assetTurnover,quickRatio,returnOnAssets,priceToFreeCashFlowsRatio,grossProfitMargin,epsdilutedGrowth,fiveYNetIncomeGrowthPerShare,fiveYRevenueGrowthPerShare,fiveYShareholdersEquityGrowthPerShare,grossProfitGrowth,netIncomeGrowth,operatingIncomeGrowth,threeYNetIncomeGrowthPerShare,threeYRevenueGrowthPerShare,threeYShareholdersEquityGrowthPerShare,Industry,Sector,Symbol
2023Q1,2023,Q1,2023-03-31,2023-03-31,-133983000.0,645183000.0,-150908000.0,-2.19,102845000.0,0.159404386,4898928000.0,2544617000.0,2595018000.0,1204008000.0,2342106000.0,799933000.0,806128000.0,551564363.482496,1204902363.482496,41.52212236774576,2.155316243745889,0.32860576844566813,0.6326358740824257,-0.030544073766903334,41.52212236774576,-0.05265350345454738,0.8548959961475985,-1.0291685577321303,0.2167573208394411,,0.6779792807647641,,0.13169881247489246,1.3481837329984518,-0.027349452778240465,0.0,0.15940438604240967,-0.7804878048780488,-6.6586491509100885,-0.31320148671451264,0.1725956421469513,-0.536412646610712,-0.7856543121026748,-1.1269326718439487,-8.061889665369034,-0.40114997272795033,0.01281607352388036,Consumer Electronics,Technology,ZEPP
2022Q4,2022,Q4,2022-12-31,2022-12-31,-75033000.0,1071731000.0,-70951000.0,-1.23,221846000.0,0.2069978381,5267643000.0,2672522000.0,2958548000.0,1668668000.0,2582722000.0,1021923000.0,942848000.0,612203396.301035,1409909396.301035,43.65762231388786,1.77299978186194,0.31975173716214256,0.6302428941651369,-0.015645188044608026,43.65762231388786,-0.028075727720856928,0.5712285977554397,-2.0397804842570437,0.2290732859452738,0.0,0.8316526783329077,0.0,0.20345551131692105,1.0437456701992247,-0.01424413157839284,5.228709025930179,0.2069978380769055,-2.617647058823529,-2.00754530812004,0.38251062930476404,10.492646169362416,-0.038324656352546956,-2.637787258799573,0.03151788151788152,-1.3651668073665402,-0.4881244426728002,0.07771220617996125,Consumer Electronics,Technology,ZEPP
2022Q3,2022,Q3,2022-09-30,2022-09-30,-20626000.0,1205793000.0,-73260000.0,-0.34,230687000.0,0.1913155907,5821069000.0,2770907000.0,3456282000.0,2096127000.0,3037568000.0,1375119000.0,1018396000.0,598069272.524829,1357791272.524829,45.21773887953471,1.6488895949529776,0.2920822618663342,0.6136008895282303,-0.006175181234719575,45.21773887953471,-0.007443772021219045,0.49599663667381466,-7.248973050092468,0.2158388110913968,,0.7091066300443816,,0.20714288045718063,0.8780040522353846,-0.0035433354251598803,0.0,0.19131559065279033,0.8238341968911916,-1.3985846086426157,1.4668613856941866,4.599060772566164,0.16307104359619448,0.8261346011194282,0.3375950523070246,-1.1017761002775561,-0.35044421809953286,0.20548975553600848,Consumer Electronics,Technology,ZEPP
2022Q2,2022,Q2,2022-06-30,2022-06-30,-118632000.0,1108288000.0,-110597000.0,-1.93,198343000.0,0.1789634102,6101735000.0,2761094000.0,3777229000.0,2274506000.0,3327920000.0,1515675000.0,1035486000.0,761371650.6600001,1615037650.66,44.95013716406818,1.6606810445872642,0.2963491531507022,0.6549012818831955,-0.021574032977001823,44.95013716406818,-0.042965578136782014,0.6869799642872612,-1.6044820340633221,0.2757499928144424,,0.6003562769063289,,0.18163489564853275,0.9202982977402565,-0.01944233894130112,0.0,0.1789634102327193,-0.304054054054054,-3.3084087101681425,1.1837317747228453,0.0,0.30283105622701,-0.2843548020396895,0.28846327058429944,-2.316134228845427,0.05783311766647709,0.32779548647294005,Consumer Electronics,Technology,ZEPP
2022Q1,2022,Q1,2022-03-31,2022-03-31,-92367000.0,757050000.0,-155434000.0,-1.48,152240000.0,0.2010963609,5906004000.0,2799274000.0,3654672000.0,2158685000.0,3093772000.0,1530587000.0,1142431000.0,1142941760.95104,1630540760.95104,44.87530998846501,1.6930084750669967,0.25560649806535857,0.5392873295004348,-0.030120099870017684,44.87530998846501,-0.0329967698767609,1.5097308776844858,-3.0934797085296695,0.40829935224313163,,0.3951490506583422,,0.12818311670632124,0.8237014664019994,-0.015639508540800175,0.0,0.20109636087444688,-5.625,-18.39750735291683,1.178502198084924,0.0,-0.5252173696094208,-5.315005138746146,-16.441486191138488,-2.170328186892731,-0.0968758336328311,0.4143763880289432,Consumer Electronics,Technology,ZEPP
2021Q4,2021,Q4,2021-12-31,2021-12-31,21406000.0,1661648000.0,10066000.0,0.32,320652000.0,0.1929722781,6085501000.0,2920347000.0,3930953000.0,2152132000.0,3152062000.0,1249327000.0,1271171000.0,2039616771.85693,1830880771.85693,46.07441655026108,1.82653898552691,0.20701056494773395,0.4313744222861187,0.002313003623323418,46.07441655026108,0.007329950858579477,1.2274662093637942,23.820620058125407,0.6984158977878073,,1.0733747049411404,,0.2730503207541992,1.0805787005629766,0.0035175411194575436,0.0,0.19297227812388665,-0.5789473684210527,-0.533105051608383,1.541935656459752,89.73833672271955,-0.009566052713676335,-0.5661971830985916,-0.8388795518207283,-0.8425912106652523,0.2567656261020178,0.49360210718730996,Consumer Electronics,Technology,ZEPP
2021Q3,2021,Q3,2021-09-30,2021-09-30,49345000.0,1606057000.0,62475000.0,0.76,323749000.0,0.20158001864192865,6096139000.0,2902426000.0,3907137000.0,2125162000.0,3189964000.0,1271432000.0,1234855000.0,3267230386.901624,3305521386.901624,45.979794925361446,1.838512546337644,0.2079289858712211,0.43672569085310015,0.013005467496808703,45.979794925361446,0.01700129477891943,2.0343178273882088,16.552996184525405,1.1256894704297797,,1.0085541342360425,,0.26345478671007994,1.1439043235292181,0.008094467662236704,0.0,0.20158001864192865,-0.45714285714285713,-0.07430557836284178,2.189715329206006,4.693421928572938,-0.1967243620917238,-0.46694393431997405,-0.1274197603285008,-0.6032377439259369,0.3675591825556916,0.5889587396125899,Consumer Electronics,Technology,ZEPP
2021Q2,2021,Q2,2021-06-30,2021-06-30,92570000.0,1835141000.0,71598000.0,1.4,403036000.0,0.21962127160801267,6361749000.0,2837475000.0,4212143000.0,2431369000.0,3520247000.0,1305510000.0,1185510000.0,4780028295.240096,4901863295.240096,45.072622284253285,1.7324161819945882,0.2380488447437961,0.5337164204089904,0.013738223636208727,45.072622284253285,0.03262407598304831,2.6047199072115417,12.909226248352859,1.6846063120345012,,1.0969697666046219,,0.2884648545549345,1.1320428943529346,0.014551029913314719,0.0,0.21962127160801267,3.1875,0.7575677242857873,2.5281501011411613,0.0,0.5609147770182606,3.2898063175600467,2.426340219535032,-0.022159749344386227,1.1807771638543465,0.7174622513814151,Consumer Electronics,Technology,ZEPP
2021Q1,2021,Q1,2021-03-31,2021-03-31,-40427000.0,1147263000.0,-50197000.0,-0.64,258205000.0,0.22506173388316367,5638054000.0,2714709000.0,3500885000.0,2375328000.0,2919049000.0,1452143000.0,1092940000.0,4432700297.920572,4329594297.920572,43.29778244221172,1.4738532952080723,0.17513436373614016,0.3637284880257884,-0.01112300273367259,43.29778244221172,-0.014891835552171521,3.8637176461897336,-27.411756362830364,1.6328454718058445,,0.612238601845686,,0.20348563529189326,0.7701951056864568,-0.00717038183742121,0.0,0.22506173388316367,-1.3636363636363635,-7.446580418296266,2.284556570175854,0.0,-0.3108027311115026,-1.350916634839068,-1.787947760022604,-2.668859731880803,0.1936985594118361,0.22274074905676833,Consumer Electronics,Technology,ZEPP
2020Q4,2020,Q4,2020-12-31,2020-12-31,115204000.0,1972535000.0,63706000.0,1.76,374646000.0,0.18993123062455167,5903719000.0,2730258000.0,4827866000.0,2789674000.0,3173461000.0,1217537000.0,1133368000.0,4666801541.780344,3122488541.780344,43.74841927702009,1.7306201369765786,0.1234875846902605,0.26702091890216967,0.015168290964500643,43.74841927702009,0.04219527971349228,2.3658903602624766,10.12725587171527,1.7092895769485317,,1.3123946130589872,,0.3341173589054628,1.282148380061613,0.019513801385194655,0.0,0.18993123062455167,0.41935483870967744,1.552022526158039,2.0646687005523994,85.15754895375817,-0.1856867126300872,0.4209734316797,-0.20941661185639296,0.5173987410943164,1.4959006314068366,10.516548006320665,Consumer Electronics,Technology,ZEPP
2020Q3,2020,Q3,2020-09-30,2020-09-30,81074000.0,2235093000.0,80581000.0,1.24,460076000.0,0.20584199404678016,6434492000.0,2653066000.0,5449183000.0,3404661000.0,3783581000.0,1100458000.0,1024161000.0,5249524543.033768,3693190543.0337677,42.66260246207103,1.6005067758581544,0.15529229036262693,0.376631037448748,0.01929825721661312,42.66260246207103,0.030558606532969778,2.348682825740928,16.187447711454254,1.9786633815494103,0.0,1.6129802318670954,0.0,0.347361221367592,1.2466260223851948,0.01259990687687544,0.0,0.20584199404678016,5.2,0.5438301213887431,3.505883777275705,4.282672460410839,0.8157334943543963,5.092582851130984,7.562426947189459,0.5438301213887431,3.505883777275705,4.282672460410839,Consumer Electronics,Technology,ZEPP
2020Q2,2020,Q2,2020-08-19,2020-06-30,13307000.0,1137274000.0,9411000.0,0.2,253383000.0,0.22279855162432272,5200414000.0,2556277000.0,4359857000.0,2397579000.0,2647714000.0,840224000.0,943087000.0,5236425890.473341,3532613890.473341,41.25880465696868,1.8184414361320316,0.18178802687632176,0.36982416224845743,0.0023684269940731245,41.25880465696868,0.005205617388099959,4.604366133819415,98.37728057551178,2.04845792943149,0.0,1.051970664965533,0.0,0.21868912744254593,1.4414599060135245,0.0025588347389265548,0.0,0.22279855162432272,-0.28571428571428575,-0.7432857900207811,1.2216245860034687,0.0,0.036077036310107946,-0.3057700333889816,-0.540882037271929,-0.7432857900207811,1.2216245860034687,0.0,Consumer Electronics,Technology,ZEPP
2020Q1,2020,Q1,2020-04-23,2020-03-31,19168000.0,1088461000.0,20498000.0,0.28,244560000.0,0.22468421009112866,4711732000.0,2538282000.0,3895420000.0,1990504000.0,2177838000.0,719092000.0,929780000.0,5581836056.174426,3908369056.174426,40.99670557486146,1.9570018447589153,0.18127092118142543,0.33648743520223523,0.0053300310676069875,40.99670557486146,0.007551564404585463,5.128191139760108,72.8014928027758,2.199060646600506,,1.1735647177273563,,0.23101080451944211,1.5762108491115818,0.004068143094726101,0.0,0.22468421009112866,-0.9125,5.055579557156394,2.1556828464275783,0.0,-0.5139180124223602,-0.907495258456356,-0.9058230034825916,5.055579557156394,2.1556828464275783,0.0,Consumer Electronics,Technology,ZEPP
2019Q4,2019,Q4,2020-03-16,2019-12-31,207211000.0,2111413000.0,217654000.0,3.2,503125000.0,0.23828829319512573,5174743000.0,2500750000.0,4392452000.0,2481800000.0,2677155000.0,893806000.0,910612000.0,5000931416.645406,3309157416.645406,40.50953683510356,1.769865420259489,0.021516624110608003,0.044523842847145854,0.07077717802993252,40.50953683510356,0.0828595421373588,2.3685235511221188,6.033622028566781,1.999772634867702,,1.7993703331595448,,0.40802277523734026,1.403924973809332,0.040042761543906624,0.0,0.23828829319512573,0.012658227848101276,3.640428383519833,2.3163497733818046,78.7789374026096,0.07079540544969683,0.019052115453655753,-0.006663198152559855,3.640428383519833,2.3163497733818046,78.7789374026096,Consumer Electronics,Technology,ZEPP
2019Q3,2019,Q3,2019-11-13,2019-09-30,203337000.0,1862531000.0,219114000.0,3.16,469861000.0,0.25227016355700926,4764417000.0,2306246000.0,3977739000.0,2262837000.0,2460522000.0,854010000.0,703493000.0,4251810969.660391,2643446969.660391,37.50984914793333,1.7578548521170547,0.023390689773796037,0.048322251832631904,0.07621968061553354,37.50984914793333,0.08816795779808398,2.2828135315119003,5.227542170953135,1.8436068700652013,,1.6307420287818644,,0.3909252695555406,1.3612036571790191,0.04267825423341408,0.0,0.25227016355700926,1.2571428571428573,2.916288868954753,2.797766803763421,3.644635714947738,0.6944506552612029,1.27537934738821,1.378881313240978,2.916288868954753,2.797766803763421,3.644635714947738,Consumer Electronics,Technology,ZEPP
2019Q2,2019,Q2,2019-08-20,2019-06-30,89364000.0,1038715000.0,92108000.0,1.4,277294000.0,0.26695869415575973,3552051000.0,2061631000.0,2907729000.0,1362947000.0,1492848000.0,541956000.0,500156000.0,4152991982.6949716,2739274982.6949716,33.85320828546456,2.133413111441604,0.010249852831504954,0.01765980430057561,0.03797412023327703,33.85320828546456,0.043346263225572376,3.9982016074620774,11.618190721920941,2.0144206129491513,,1.4049498483271705,,0.2924268260787922,1.701135113837882,0.02515842255643289,0.0,0.26695869415575973,0.20689655172413793,0.7539310653695134,1.0643443074840009,0.0,0.2751318615120733,0.18702513150204558,0.1868364086176683,0.7539310653695134,1.0643443074840009,0.0,Consumer Electronics,Technology,ZEPP
2019Q1,2019,Q1,2019-04-08,2019-03-31,75284000.0,799596000.0,77608000.0,1.16,217463000.0,0.2719660928769028,2885565000.0,1887878000.0,2419389000.0,932448000.0,999396000.0,372569000.0,415330000.0,5310475426.47299,3781508426.47299,31.727982995391113,2.5946637238752186,0.015043847565381477,0.022994070591425927,0.03485474456429563,31.727982995391113,0.039877576834943786,6.64144821443953,17.634807616734598,2.812933582823143,,1.5624837278463855,,0.2771020580025056,2.1416422149009917,0.0260898645499235,0.0,0.2719660928769028,-0.40816326530612246,17.574416962833308,1.412184591237308,0.0,-0.2962248580074111,-0.4022802337398374,-0.4086739203315961,17.574416962833308,1.412184591237308,0.0,Consumer Electronics,Technology,ZEPP
2018Q4,2018,Q4,2019-02-12,2018-12-31,125952000.0,1224569000.0,131244000.0,1.96,308995000.0,0.25232959514735387,3258481000.0,1810915000.0,2857456000.0,1387692000.0,1448903000.0,484622000.0,340046000.0,3840093046.1776,2437227046.1776,30.847851866670517,2.0591428069052786,0.01194912598845904,0.02150073305483692,0.06467660150352174,30.847851866670517,0.069551580278478,3.13587314898352,7.62213590530043,2.1205263892438904,,1.889253892724639,,0.375809771485548,1.6911007629935173,0.03865359349954779,0.0,0.25232959514735387,0.08888888888888884,1.9661301021680042,1.02260119441985,59.751344876979495,0.07702791255367798,0.10666713527571785,0.03646960339898599,1.9661301021680042,1.02260119441985,59.751344876979495,Consumer Electronics,Technology,ZEPP
2018Q3,2018,Q3,2018-11-27,2018-09-30,113812000.0,1074707000.0,126626000.0,1.8,286896000.0,0.26695276014764957,2814065000.0,1671567000.0,2479563000.0,1078290000.0,1143041000.0,423535000.0,378615000.0,3957469301.747382,3015141301.747382,28.937060339635977,2.299532593272682,0.00889602763262398,0.014976366487254176,0.0624642087187852,28.937060339635977,0.06808701057151763,3.6823704523627203,8.692996568348201,2.367520596989162,,1.8600847627704913,,0.3819055352310625,1.8615381761863692,0.040443984058648255,0.0,0.26695276014764957,0.32352941176470584,1.3331211763861932,1.332414837978034,2.5831150215776355,0.4571755085455977,0.33091657506373223,0.27875342092241195,1.3331211763861932,1.332414837978034,2.5831150215776355,Consumer Electronics,Technology,ZEPP
2018Q2,2018,Q2,2018-06-30,2018-06-30,85514000.0,760139000.0,99023000.0,1.36,196885000.0,0.25901183862425164,2262939000.0,1492381000.0,1999389000.0,755275000.0,769953000.0,440459000.0,264803000.0,3591691670.1300373,2717841670.1300373,26.24373388585385,2.6472331270067193,0.008838064128109507,0.013401403528991591,0.05522441166244763,26.24373388585385,0.05730038106890935,4.725045906248774,10.50030307940816,2.406685471156519,,1.2787887181326751,,0.33590786141385165,2.0268405547648207,0.03778891079255782,0.0,0.25901183862425164,5.800000000000001,0.7973976046776441,0.6178407219311866,0.0,0.3423306107421902,4.790492957746479,10.219465216406073,0.7973976046776441,0.6178407219311866,0.0,Consumer Electronics,Technology,ZEPP
2018Q1,2018,Q1,2018-03-31,2018-03-31,14768000.0,585920000.0,8826000.0,0.2,146674000.0,0.2503311032222829,2132206000.0,1353502000.0,1955797000.0,762693000.0,777363000.0,405068000.0,179289000.0,2472299806.2747116,1354589806.2747116,35.41043551187115,2.5643306022213395,0.0,0.0,0.0054335895394353045,35.41043551187115,0.01091095543264805,4.219517692303918,41.852312538507434,1.8265948674436472,,1.0843759566295041,,0.2747952120948914,1.9774312862449241,0.006926160042697563,0.0,0.2503311032222829,-0.5018518656893,6.061288409647813,1.7515795711391609,0.0,-0.12078070769618099,-0.7957512724053994,-0.8820589571585108,6.061288409647813,1.7515795711391609,0.0,Consumer Electronics,Technology,ZEPP
2017Q4,2017,Q4,2017-12-31,2017-12-31,72304000.0,752648000.0,74834000.0,0.401487,166823000.0,0.2216481011043675,1465517000.0,225775000.0,1295360000.0,877249000.0,1237353000.0,249735000.0,131192000.0,4216430173.715438,3885337173.715438,3.7987441421691206,1.4766161032956435,0.024048168666757193,0.15609788506256228,0.24310752786350365,3.7987441421691206,0.32024803454766915,5.602127652920672,14.57882749818626,18.67536340921465,0.0,2.3457865337257493,0.0,0.5135716610588619,1.1639352110974193,0.049336855184893794,-36.011702384724245,0.2216481011043675,0.6163378195037702,0.6818404134944606,0.22788089477142823,6.481195659191629,0.31455025412710297,0.4406056983462841,0.3759285136427153,0.6818404134944606,0.22788089477142823,6.481195659191629,Consumer Electronics,Technology,ZEPP
2017Q3,2017,Q3,2017-09-30,2017-09-30,50190000.0,474079000.0,54388000.0,0.248393,126905000.0,0.26768745293505936,1090430000.0,479987000.0,937170000.0,598850000.0,607730000.0,191101000.0,-161857000.0,4311754632.520618,3858910632.5206184,8.07595072035814,1.564949486515822,0.04726942582284053,0.107386241710713,0.08897068613786287,8.07595072035814,0.10456533197774107,9.095012925104504,21.477159954774947,8.983065442440354,,1.8167042558646997,,0.4347633502379795,1.2117809134173834,0.04602771383766037,0.0,0.26768745293505936,0.04413310129721644,0.0,0.0,0.0,-0.0007952380202510118,0.009351432880844645,-0.06504847693048202,0.0,0.0,0.0,Consumer Electronics,Technology,ZEPP
2017Q2,2017,Q2,2017-06-30,2017-06-30,49725000.0,491065000.0,58172000.0,0.237894,127006000.0,0.25863378575137713,,,,,,,,4389838471.102049,,,0.0,0.0,0.0,0.0,,0.0,8.93942445725525,22.070580548527147,0.0,,0.0,,0.0,0.0,0.0,0.0,0.25863378575137713,4.116380830856954,0.0,0.0,0.0,0.7170398009950248,11.959885386819485,11.72294930875576,0.0,0.0,0.0,Consumer Electronics,Technology,ZEPP
2017Q1,2017,Q1,2017-03-31,2017-03-31,-4537000.0,331104000.0,-5425000.0,-0.07633662665502375,73968000.0,0.2233980864018556,,,,,,,,4456665815.9691725,,,0.0,0.0,0.0,0.0,,0.0,13.460018048616666,-245.57338637696566,0.0,,0.0,,0.0,0.0,0.0,0.0,0.2233980864018556,-1.1060230925764218,0.0,0.0,0.0,-0.402775871395929,-1.105533716359238,-1.1263508477734303,0.0,0.0,0.0,Consumer Electronics,Technology,ZEPP
2016Q4,2016,Q4,2016-12-31,2016-12-31,42991000.0,612965000.0,42936000.0,0.72,123853000.0,0.20205558229262682,972896000.0,30179000.0,859843000.0,634370000.0,942717000.0,192372000.0,-36490000.0,4493087689.309145,4352597689.309145,0.5077723288124226,1.3554282201239025,0.013014751833700622,0.419563272474237,0.8668427986467696,0.5077723288124226,1.424533616090659,7.330088486796383,26.128071510950807,148.88126476388035,0.0,2.5425321772399307,0.0,0.6300416488504423,1.0423112694484291,0.04418869026082952,-99.37381539587616,0.20205558229262682,0.0,0.0,0.0,0.0,0.0,0.0,0.0,0.0,0.0,0.0,Consumer Electronics,Technology,ZEPP
