Quarters,Year,Quarter,FillingDate,Date,NetIncome,Revenue,OperatingIncome,EPSDiluted,GrossProfit,GrossProfitRatio,TotalAssets,CommonStockEquity,CurrentAssets,CurrentLiability,TotalLiability,Inventory,RetainedEarnings,MarketCap,EnterpriseValue,bookValuePerShare,currentRatio,debtToAssets,debtToEquity,roic,shareholdersEquityPerShare,roe,priceToSalesRatio,peRatio,pbRatio,payoutRatio,inventoryTurnover,dividendYield,assetTurnover,quickRatio,returnOnAssets,priceToFreeCashFlowsRatio,grossProfitMargin,epsdilutedGrowth,fiveYNetIncomeGrowthPerShare,fiveYRevenueGrowthPerShare,fiveYShareholdersEquityGrowthPerShare,grossProfitGrowth,netIncomeGrowth,operatingIncomeGrowth,threeYNetIncomeGrowthPerShare,threeYRevenueGrowthPerShare,threeYShareholdersEquityGrowthPerShare,Industry,Sector,Symbol
2023Q1,2023,Q1,2023-05-03,2023-03-31,3151000.0,381625000.0,14638000.0,0.0863,340827000.0,0.8930940059,4307958000.0,400647000.0,1725064000.0,665513000.0,3766401000.0,0.0,51201000.0,532139323.22,542681323.22,10.969733931101834,2.5920815972039613,0.09808498597247234,1.054659088923666,0.006537664431368917,10.969733931101834,0.007864778720419721,1.394403729367835,42.21987648524278,1.3281999446395456,1.0936210726753413,0.0,0.006475747702966382,0.0885860539958839,4.5513821668397165,0.0007314370288661124,13.967277965825875,0.8930940058958402,-0.460625,-0.8906499774109448,1.1072188127827767,0.023191354950403142,0.4495073001237597,-0.4849624060150376,3.848625372639947,1.0496974332032778,1.7853605988157553,0.13577964875158607,Insurance—Specialty,Financial Services,TIPT
2022Q4,2022,Q4,2023-03-08,2022-12-31,6118000.0,369528000.0,3019000.0,0.16,235133000.0,0.6363063151,4039563000.0,397365000.0,1652356000.0,649150000.0,3505990000.0,0.0,54113000.0,502816237.52,284745237.52,10.93745823946517,2.545414773164908,0.07921500419723619,0.8052898468662313,0.0009768393685164964,10.93745823946517,0.015396423942722686,1.3606986142322097,20.54659355671788,1.2653762599121714,0.5017979731938542,0.0,0.006105610302367946,0.09147722166976972,4.357153200338905,0.001514520258750761,8.85193101631956,0.6363063150830248,-0.7090909090909091,-0.5001879975950368,2.248191197916688,0.08841685789965996,-0.27710995240847547,-0.6949693373884429,-0.878236670162136,0.40347231833738767,0.6854974070303107,-0.05034183876946393,Insurance—Specialty,Financial Services,TIPT
2022Q3,2022,Q3,2022-11-02,2022-09-30,20057000.0,363478000.0,24794000.0,0.55,325268000.0,0.8948767188,3994084000.0,387279000.0,985473000.0,628876000.0,3474510000.0,0.0,54717000.0,390635182.59999996,222244182.59999996,10.667554346396448,1.5670386530890033,0.0838983356384092,0.8652599288884758,0.025967875297574904,10.667554346396448,0.051789536742245255,1.074714790441237,4.869062953083712,1.008666058836136,0.09428129829984544,0.0,0.004840833811777608,0.0910040950565887,4.425902721681222,0.005021677060372291,3.4232312059099312,0.8948767188110422,1.8870967741935483,6.225816081556909,0.7925398671122108,-0.038051040777305714,0.11553221917751842,1.9222457237447121,0.8667369372082517,14.101550010580016,0.8285535637352054,-0.06633611062381527,Insurance—Specialty,Financial Services,TIPT
2022Q2,2022,Q2,2022-08-08,2022-06-30,-21748000.0,339843000.0,13282000.0,-0.62,291581000.0,0.8579873648,3732709000.0,390405000.0,1415840000.0,490732000.0,3207369000.0,0.0,41964000.0,374129590.5,364870590.5,11.081991922796066,2.8851593130262545,0.08804784943053423,0.8418360420588875,-0.07904273528903887,11.081991922796066,-0.055706253762118824,1.1008895004457941,-4.300735590629023,0.9583114727014255,-0.06510943535037704,0.0,0.0037847848337994533,0.09104460058365117,5.024610174188763,-0.005826331492757673,2.8151634373730228,0.8579873647537245,-23.50592885375494,-3.0062211985427028,0.7618569074480079,0.09852852861153816,-0.10255984093714124,-24.113163972286372,0.4511089260351797,-2.8146527190123,0.8153818767778582,-0.0339687592902483,Insurance—Specialty,Financial Services,TIPT
2022Q1,2022,Q1,2022-05-05,2022-03-31,-866000.0,324903000.0,9153000.0,-0.0253,324903000.0,1.0,3600198000.0,366633000.0,2251999000.0,605328000.0,3217045000.0,0.0,65788000.0,439842791.34999996,714077791.3499999,10.711177135675934,3.7202954431316577,0.1256033695924502,1.2333777919608981,0.009772308423378154,10.711177135675934,-0.0023620350595827434,1.353766482150057,-126.97540165993071,1.1996814017014288,-1.6143187066974596,0.0,0.003178408348376357,0.09024586981049376,3.7202954431316577,-0.00024054232572764053,2.961266200886004,1.0,-1.8461538461538463,-1.6537754980045223,0.6461029896945205,0.03310166305092684,0.014412074170977904,-1.8523622047244095,-0.5476202243859042,-1.2234992015331876,0.7896275323466279,-0.03192038466548419,Insurance—Specialty,Financial Services,TIPT
2021Q4,2021,Q4,2022-03-14,2021-12-31,1016000.0,320287000.0,20233000.0,0.0299,320287000.0,1.0,3581920000.0,382954000.0,2108195000.0,605093000.0,3198966000.0,0.0,68146000.0,470169160.92,753928160.9200001,11.264570840070826,3.4840842647328594,0.1282767342654219,1.1998229552374438,0.00216499010955936,11.264570840070826,0.0026530601586613536,1.4679620494119336,115.69123054133858,1.227743177822924,0.0,0.0,0.0,0.08941768660383258,3.4840842647328594,0.00028364675927993924,-711.299789591528,1.0,-0.5016666666666667,-0.8900618004159858,0.599024617364363,0.09120523586310021,0.0,-0.4940239043824701,0.0,5.280148311079608,1.1437790824360938,0.008979757284535931,Insurance—Specialty,Financial Services,TIPT
2021Q3,2021,Q3,2021-11-03,2021-09-30,2008000.0,286991000.0,0.0,0.06,0.0,0.0,3378352000.0,385212000.0,2325649000.0,554946000.0,2976210000.0,0.0,69961000.0,336252222.12,639457222.12,11.478955337944281,4.190766308794009,0.13429654458742013,1.177795603459913,0.0,11.478955337944281,0.005212714037984279,1.171647271586914,41.86407147908366,0.8729017323447867,0.6772908366533864,0.0,0.004044582936658334,0.08494999928959446,3.5733458750941534,0.0005943726408615799,8.507545342576663,0.0,-0.7272727272727273,-0.7046835594179212,0.8582978029562573,0.16655946369491792,0.0,-0.7480235914167399,0.0,4.524557306342628,0.8029586302121323,0.0800779909870459,Insurance—Specialty,Financial Services,TIPT
2021Q2,2021,Q2,2021-08-04,2021-06-30,7969000.0,300045000.0,0.0,0.22,0.0,0.0,3211557000.0,387018000.0,2185673000.0,536266000.0,2806508000.0,0.0,69313000.0,305958551.70000005,637630551.7,11.763905208732886,4.075725479519492,0.14738427497939474,1.2230258024174587,0.0,11.763905208732886,0.02059077355575193,1.0197088826676,9.598398534947924,0.7905538029238951,0.1673986698456519,0.0,0.004360067703902652,0.09342664632762239,3.295209839892889,0.0024813509459741803,2.6043680291796836,0.0,-0.7283950617283951,0.36087201397761953,1.3494842070977442,0.4096711328367099,0.0,-0.7211784052342465,0.0,9.731093403083628,1.1854554415519536,0.0935506359540016,Insurance—Specialty,Financial Services,TIPT
2021Q1,2021,Q1,2021-05-05,2021-03-31,28581000.0,294688000.0,0.0,0.81,0.0,0.0,785744000.0,378443000.0,472193000.0,818567000.0,2651214000.0,0.0,62678000.0,290167788.9,668899788.9,11.672780300115525,0.5768532081063615,0.6396625363986235,1.328102250537069,0.0,11.672780300115525,0.07552260181850372,0.9846610275952872,2.538117883384066,0.766741065100953,0.046394457856618034,0.0,0.00456976980465939,0.37504327109083874,1.9737370306889968,0.036374442566535665,10.773689856310101,0.0,1.025,4.550643744640226,1.4119998043323363,0.2823726417607213,-1.0,1.0028731604765242,0.0,0.11734561757500957,0.8330525056780175,0.08876732711364284,Insurance—Specialty,Financial Services,TIPT
2020Q4,2020,Q4,2021-03-11,2020-12-31,14270000.0,261823000.0,0.0,0.4,261823000.0,1.0,824823000.0,356144000.0,507372000.0,765457000.0,2622222000.0,0.0,35423000.0,166730801.14,466649801.14,10.72293102279758,0.6628354042095115,0.5296154447681503,1.226579698099645,0.0,10.72293102279758,0.040068062356799494,0.6368073131084739,2.921002122284513,0.46815558072015806,0.09579537491240364,0.0,0.008198845028352992,0.31742931513791445,2.1320949445886574,0.017300681479541672,2.3829238825765695,1.0,0.142857142857143,5.116007740234046,1.0601194349812444,0.19885703898131385,0.0,0.11807568753427877,0.0,0.27521163189014497,1.5174630936718416,0.06706865852946364,Insurance—Specialty,Financial Services,TIPT
2020Q3,2020,Q3,2020-11-04,2020-09-30,12763000.0,224041000.0,0.0,0.35,0.0,0.0,762814000.0,347738000.0,465249000.0,358734000.0,2433175000.0,0.0,22520000.0,166737289.95000002,524675289.95000005,10.323444146874238,1.2969191657328272,0.6049181058554248,1.3269760566863558,0.0,10.323444146874238,0.03670292001449367,0.7442266815002612,3.266028558136802,0.4794911397373885,0.1085951578782418,0.0,0.0083124776732045,0.2937033143072885,4.1876794505120785,0.01673147058129505,26.57591487886516,0.0,2.4999999999999996,3.816868234402577,0.8904590195839128,0.09336786862678215,0.0,2.344601677148847,0.0,4.584036801233773,0.1908299278927893,-0.06908125047106962,Insurance—Specialty,Financial Services,TIPT
2020Q2,2020,Q2,2020-08-05,2020-06-30,3816000.0,199194000.0,0.0,0.1,0.0,0.0,2047277000.0,335821000.0,405221000.0,1742398000.0,2133312000.0,0.0,11143000.0,219198057.75,540876057.75,9.881681764125942,0.23256512002424246,0.1964961263180312,1.1979060273181248,0.0,9.881681764125942,0.011363196464783322,1.1004250015060695,14.360459758254716,0.6527229022306527,0.3663522012578616,0.0,0.006377793737545104,0.09729704382943784,0.7762405604230491,0.0018639392715299396,6.548112255414488,0.0,1.0574712643678161,-0.7607312513265488,0.884186077238699,0.06175041237787946,0.0,1.0635925808655657,0.0,1.7286928717367198,0.07050601566293714,-0.020455040557919198,Insurance—Specialty,Financial Services,TIPT
2020Q1,2020,Q1,2020-05-07,2020-03-31,-60007000.0,129671000.0,0.0,-1.74,0.0,0.0,2422672000.0,333853000.0,833564000.0,1655683000.0,2078336000.0,0.0,8725000.0,180436242.6,504787242.6,9.658329362706425,0.5034562775603784,0.17878441654503788,1.2973853761985066,0.0,9.658329362706425,-0.17974078411756073,1.3914926436905708,-0.7517299756695052,0.5404661410860468,-0.02358058226540237,0.0,0.007842105220162682,0.05352396032149626,0.8135603252554988,-0.024768932814677347,7.595076928905165,0.0,-16.81818181818182,-55.988988209454,0.36988011725410047,0.08651700496879154,0.0,-15.469978297564504,0.0,-45.859429123606176,-0.34944020287912886,-0.06844635276625573,Insurance—Specialty,Financial Services,TIPT
2019Q4,2019,Q4,2020-03-12,2019-12-31,4147000.0,208568000.0,0.0,0.11,0.0,0.0,2198286000.0,398062000.0,912245000.0,1425770000.0,1786871000.0,0.0,70189000.0,281336462.66,522673462.66,11.517258194562103,0.6398261991765852,0.17033907325980333,0.9406926559179223,0.0,11.517258194562103,0.010417975089307696,1.348895624736297,16.960240092838198,0.7067654351834639,0.343139619001688,0.0,0.005058000610890313,0.09487755460390504,0.9087966502311032,0.001886469731418023,76.80493111111112,0.0,3.75,-0.7584300558117203,11.004211058952295,0.3012173302912705,0.0,3.8462594371997256,0.0,-0.558613252259364,0.024221426026567124,0.11568320028553737,Insurance—Specialty,Financial Services,TIPT
2019Q3,2019,Q3,2019-11-06,2019-09-30,-1457000.0,189185000.0,0.0,-0.04,0.0,0.0,2056493000.0,394775000.0,849765000.0,1332222000.0,1649081000.0,0.0,67465000.0,251539804.88,444901804.88,11.425475985286134,0.6378554024779653,0.16022228133040084,0.8346425178899373,0.0,11.425475985286134,-0.003690709898043189,1.3295969811560113,-43.16057050102952,0.6371725790133621,-0.9732326698695951,0.0,0.005637278762605677,0.09199399171307658,0.8760311719818469,-0.0007084877021220106,15.966726220642377,0.0,-1.125,0.9364675746272973,1.352272372927305,-0.19367532190069917,0.0,-1.1240422271411545,0.0,-1.2081160477127932,0.18975033665549637,0.1611245749686401,Insurance—Specialty,Financial Services,TIPT
2019Q2,2019,Q2,2019-08-05,2019-06-30,11746000.0,183474000.0,0.0,0.32,0.0,0.0,1920366000.0,396085000.0,785639000.0,1227723000.0,1513328000.0,0.0,70340000.0,216831004.4,337554004.4,11.471670330924317,0.6399155184027667,0.15442785385702518,0.7487231276114975,0.0,11.471670330924317,0.029655250766880845,1.1818078005602974,4.614996688234293,0.5474355363116503,0.0,0.0,0.0,0.09554116246590494,0.9030212841170199,0.006116542367444539,30.12797059886064,0.0,1.9090909090909092,2.0039318143270557,0.9393732542216225,-0.00833985496162089,-1.0,1.9926114649681528,-1.0,0.9112670064158211,0.36892159778770034,0.37465256851259493,Insurance—Specialty,Financial Services,TIPT
2019Q1,2019,Q1,2019-05-06,2019-03-31,3925000.0,183903000.0,20151000.0,0.11,68159000.0,0.37062473151607095,1814840000.0,383635000.0,1038056000.0,278253000.0,1420185000.0,0.0,60015000.0,219827162.35999998,414546162.36,11.064355623245648,3.7306192565758503,0.15582530691410812,0.7371538050490701,0.02409020212641478,11.064355623245648,0.010231079020423058,1.195342992555858,14.001730086624203,0.5730112277555489,0.0,0.0,0.0,0.10133289986996098,3.6948101188486735,0.0021627250887130546,-19.29831993328066,0.37062473151607095,21.916666666666668,1.4807078978540933,0.8724282577224509,-0.037243550697166235,0.43402061855670104,22.78787878787879,16.223076923076924,-0.28724599833926273,0.4074653114000258,0.21553105474119047,Insurance—Specialty,Financial Services,TIPT
2018Q4,2018,Q4,2019-03-13,2018-12-31,165000.0,152377000.0,1170000.0,0.0048,47530000.0,0.3119237155213713,1864918000.0,387101000.0,1036526000.0,241787000.0,1465659000.0,0.0,57231000.0,193822371.85999998,461902371.86,11.164317974413214,4.286938503724352,0.18986518442097722,0.9147044311432934,0.001048341706585969,11.164317974413214,0.0004262453468216305,1.271992307631729,293.6702603939394,0.500702327971253,7.757575757575758,0.0,0.006603984812055432,0.0817070777374662,4.243424998035461,8.847573995210513e-05,14.235943581344104,0.3119237155213713,1.24,13.59470001546446,0.5956056380442835,-0.014335436016801971,-0.19379187515901958,1.266990291262136,-0.9002302379125096,1.045588591840099,0.14848161470413096,0.2482054729807383,Insurance—Specialty,Financial Services,TIPT
2018Q3,2018,Q3,2018-11-05,2018-09-30,-618000.0,172668000.0,11727000.0,-0.02,58955000.0,0.3414355873699817,1796609000.0,386878000.0,979749000.0,190531000.0,1400641000.0,0.0,58346000.0,235885795.92000002,518348795.92,10.627894868456732,5.142202581207258,0.2033119059294482,0.9441529371016186,0.00722022644634298,10.627894868456732,-0.0015974027988151303,1.3661234039891585,-95.42305660194177,0.6097162307497455,-2.105177993527508,0.0,0.005515380843199352,0.09610772293804606,5.086022746954564,-0.0003439813559878638,7.187038661832364,0.3414355873699817,-2.0,0.9659389803843693,0.7312431185478808,-0.04673493590608292,0.48974073886895436,-1.74818401937046,3.9479638009049776,0.8737873186382009,0.3481939649018751,0.12561259546625722,Insurance—Specialty,Financial Services,TIPT
2018Q2,2018,Q2,2018-08-06,2018-06-30,826000.0,152709000.0,-3978000.0,0.02,39574000.0,0.2591464812159074,1729531000.0,393652000.0,109638000.0,267664000.0,1328715000.0,0.0,60265000.0,248833447.2,523558447.2,10.757531313097527,0.4096105565186204,0.21174237408869803,0.9303013829473749,-0.002908034854769611,10.757531313097527,0.0020983000213386444,1.6294615720095083,75.31278668280872,0.6321152876144411,0.0,0.0,0.0,0.08829503489674369,3.399157152250583,0.0004775861201678374,47.00291786928598,0.2591464812159074,-0.9746835443037974,-0.9835211037157063,24.073092273984447,0.09771514744831877,0.04136624388190095,-0.9649405772495756,0.47554383651944626,-0.9519011377761021,0.34149579137316827,0.15585722961799275,Insurance—Specialty,Financial Services,TIPT
2018Q1,2018,Q1,2018-05-07,2018-03-31,23560000.0,148072000.0,-7585000.0,0.79,38002000.0,0.25664541574369226,1688806000.0,320148000.0,100555000.0,272345000.0,1281146000.0,0.0,60741000.0,189620499.6,428909499.6,10.721097161374635,0.3692191888964365,0.18978378807275673,1.0011244799280332,-0.009203587008748378,10.721097161374635,0.07359096417906719,1.2805965989518613,2.0121020755517827,0.5922901270662319,0.0,0.0,0.0,0.08767851369547479,3.2145770989002918,0.013950684684919404,84.46347420935412,0.25664541574369226,1.3235294117647058,55.59660826970824,10.2378361067965,0.26943913544612563,0.0,1.341715535235066,-2.324428147372097,26.900373569243342,0.8107327442952227,0.20607342536225476,Insurance—Specialty,Financial Services,TIPT
2017Q4,2017,Q4,2018-03-14,2017-12-31,10061000.0,93507000.0,5727000.0,0.34,0.0,0.0,1989742000.0,300077000.0,142237000.0,631438000.0,1592968000.0,0.0,38079000.0,177675901.20000002,413089901.20000005,10.04896070846551,0.2252588536008286,0.17393260030697447,1.1533073177884343,0.021654764549976384,10.04896070846551,0.03352806113097638,1.9001347621033722,4.41496623596064,0.5921010314019403,0.08895736010336945,0.0,0.005037261631742325,0.04699453496986041,1.3411419648484886,0.005056434452305877,8.233359647822057,0.0,4.090909090909091,8.249136695387703,6.997455716845302,0.16901361011473517,0.0,4.230892742453436,1.7147135904155746,-0.3216714925227823,6.191218980601567,0.13532939909649405,Insurance—Specialty,Financial Services,TIPT
2017Q3,2017,Q3,2017-11-07,2017-09-30,-3114000.0,164519000.0,-8013000.0,-0.11,0.0,0.0,2448754000.0,326647000.0,135151000.0,279296000.0,2057616000.0,0.0,28913000.0,184096637.5,937974637.5,11.08952220813919,0.4838988027039413,0.3534977380333018,2.650044237357147,-0.0041809806394896626,11.08952220813919,-0.009533227000401044,1.1189992493268255,-14.779755740205523,0.5635950659274385,-0.28837508028259473,0.0,0.004877872905201758,0.06718478050469749,2.885562270852429,-0.0012716671417382064,-59.98587080482242,0.0,0.26666666666666666,-11.274986813527612,13.270847166719259,0.26179102907515567,0.0,0.29912221471978395,0.20616207648107787,0.8407189929145149,1.399531586051379,-0.21738442789883058,Insurance—Specialty,Financial Services,TIPT
2017Q2,2017,Q2,2017-08-07,2017-06-30,-4443000.0,157870000.0,-10094000.0,-0.15,0.0,0.0,2541469000.0,290868000.0,115093000.0,152191000.0,2150797000.0,0.0,32925000.0,203272473.75,949459473.75,10.088032885957832,0.7562405135651911,0.3234157095758398,2.82585571461969,-0.006708178981715486,10.088032885957832,-0.015274970089525145,1.2875940568189017,-11.437793931465228,0.6988478407731341,0.0,0.0,0.0,0.06211761780293208,4.91623026328758,-0.0017482015322634271,-9.089271764890002,0.0,-6.0,-5.59243247470015,13.07703841499143,0.13070509853462872,0.0,-5.039090909090909,-6.174129353233831,0.5452603572577984,0.9982911456306941,-0.12794738113478993,Insurance—Specialty,Financial Services,TIPT
2017Q1,2017,Q1,2017-06-06,2017-03-31,1100000.0,163908000.0,-1407000.0,0.03,0.0,0.0,2466964000.0,294708000.0,135121000.0,144906000.0,2073126000.0,0.0,38220000.0,207501215.2,892196215.2,10.367979763040925,0.9324734655569817,0.30478150471591803,2.5512880546167733,-0.0007193516687505378,10.367979763040925,0.0037325081097221656,1.2659614857114967,47.15936709090909,0.7040908804647312,0.0,0.0,0.0,0.06644118033339765,4.972920375967869,0.0004458921978593932,4.333414401470219,0.0,-0.8571428571428571,0.3393703569340189,13.761087213382801,0.11889885525281714,0.0,-0.8576420344247444,-1.253971119133574,1.164334441515494,1.035686213646806,-0.09783816401042099,Insurance—Specialty,Financial Services,TIPT
2016Q4,2016,Q4,2017-03-13,2016-12-31,7727000.0,167475000.0,5540000.0,0.21,0.0,0.0,2890050000.0,293431000.0,133071000.0,1188546000.0,2499906000.0,0.0,37974000.0,174812667.60000002,904811667.6,10.323054243009562,0.11196116936155605,0.2743928305738655,2.7025399497667255,0.003259681232976658,10.323054243009562,0.026333277670048495,1.043813510076131,5.655903571890772,0.5957539169344752,0.09175617962986929,0.0,0.004055770155182965,0.057948824414802515,0.5731086554495998,0.0026736561651182506,2.613044358744395,0.0,0.1052631578947368,-0.8276042643745956,14.124174125101435,0.12247914533426728,0.0,0.3085520745131245,-0.26310188880021285,720.4640655382774,1.139195327895936,-0.08860811894371771,Insurance—Specialty,Financial Services,TIPT
2016Q3,2016,Q3,2016-11-08,2016-09-30,5905000.0,134121000.0,7518000.0,0.19,0.0,0.0,2866745000.0,286772000.0,88088000.0,268781000.0,2485404000.0,0.0,30956000.0,173112211.8,881212211.8,9.840008756678598,0.3277314988782689,0.27002576092397473,2.6993395450043938,0.00480910939311474,9.840008756678598,0.020591271114334734,1.2907166797145861,7.329052150719729,0.603657999386272,0.12430143945808637,0.0,0.004240024388620283,0.046785116918316765,2.7838612104278204,0.0020598274349479984,-6.228178154344307,0.0,0.11764705882352934,2.847512233940776,12.293468292783706,0.2642352954263966,0.0,-0.03717593347464536,0.22562764916856864,1.4065131467490533,0.6796875703214408,-0.11740408667760831,Insurance—Specialty,Financial Services,TIPT
2016Q2,2016,Q2,2016-08-05,2016-06-30,6133000.0,133752000.0,6134000.0,0.17,0.0,0.0,2704253000.0,287541000.0,71243000.0,1165425000.0,2323788000.0,0.0,25785000.0,188819406.08,787871406.08,8.34514159700507,0.06113048887744814,0.24229722588825825,2.278746335305226,0.004135519841464101,8.34514159700507,0.021329132193321994,1.4117127675100187,7.696861490298386,0.6566695048010546,0.0,0.0,0.0,0.04945986932435686,0.6506175858592359,0.002267909104658477,-8.762734642658252,0.0,0.06250000000000006,0.6931279433384232,10.341009200056332,0.06061348173132607,0.0,0.10405040504050406,0.5850129198966408,-0.8700564245644108,22.322619399260304,-0.14844883347164384,Insurance—Specialty,Financial Services,TIPT
2016Q1,2016,Q1,2016-05-10,2016-03-31,5555000.0,131806000.0,3870000.0,0.16,0.0,0.0,2599909000.0,318373000.0,65176000.0,983093000.0,2190191000.0,0.0,20522000.0,199365964.5,869211964.5,9.102486999479794,0.06629688137337973,0.27426767629174714,2.2397345252266994,0.005591454661434887,9.102486999479794,0.017448087620495458,1.5125712372729618,8.972365639063907,0.6262024873340389,0.0,0.0,0.0,0.050696389758256924,0.7850284764513632,0.0021366132430019665,16.71551643330259,0.0,2.537574476263694,2.447000780300017,9.852980475694036,0.15552152509062211,-1.0,2.521500958641468,-0.42100538599640935,11.9903073933584,7.540441668760566,0.07778644788885254,Insurance—Specialty,Financial Services,TIPT
2015Q4,2015,Q4,2016-03-15,2015-12-31,-3651000.0,133838000.0,6684000.0,-0.10406,133838000.0,1.0,2501228000.0,312840000.0,88178000.0,959962000.0,2103534000.0,0.0,15845000.0,214755617.89999998,818565617.9,8.944295002771147,0.09185571928888851,0.2691517926394555,2.151930699399054,0.00873210452478745,8.944295002771147,-0.011670502493287303,1.6045937469179155,-14.705260058887974,0.6864710967267613,-0.8496302382908792,0.0,0.014444325276950066,0.05350891642025437,0.8155426985651515,-0.0014596830037085784,-10.001658806818181,1.0,0.19953846153846158,-1.0502211024218946,0.7042835847901916,2.3915751907986578,0.12384855024393521,0.19811113551504503,4.129213483146067,-1.2459101193513396,8.772879799377373,0.04050586866284309,Insurance—Specialty,Financial Services,TIPT
2015Q3,2015,Q3,2015-11-13,2015-09-30,-4553000.0,119089000.0,-2136000.0,-0.13,119089000.0,1.0,3498787000.0,319593000.0,132741000.0,1997929000.0,3092019000.0,0.0,20367000.0,216630163.20000002,763425163.2,9.441876282536079,0.06643929789296817,0.1845016572886546,2.019856504992287,-0.003972414901409034,9.441876282536079,-0.01424624444214986,1.819061065253718,-11.89491341972326,0.6778313767823451,-0.9490445859872612,0.0,0.019946437449759536,0.03403722490108715,0.38111514473237035,-0.0013013081390779147,11.207520471829893,1.0,-1.2765957446808511,0.4171943147960759,27.811082891175648,2.460584714833295,0.2007481422478549,-1.3043042374014169,0.3890160183066362,-14.618055518906028,7.9894315224318895,0.07431813267819821,Insurance—Specialty,Financial Services,TIPT
2015Q2,2015,Q2,2015-08-13,2015-06-30,14962000.0,99179000.0,-3496000.0,0.47,99179000.0,1.0,3372143000.0,296724000.0,200185000.0,2076856000.0,2966797000.0,0.0,25758000.0,231143804.0,545032804.0,9.3069723815742,0.09638848336138855,0.14352564526474706,1.631108370067807,-0.0034264880916141456,9.3069723815742,0.05042396300939594,2.330572036419,3.8621809250100254,0.7789858723932004,0.0,0.0,0.0,0.029411267553007093,0.3732064235556052,0.004436941138024099,-23.32429909182644,1.0,16.666666666666668,8.487118418990056,25.29425321160277,0.306988174568841,0.12690603340529485,16.2829417773238,0.4704634959103302,21.077250281756875,6.997911930254376,0.043160866219534647,Insurance—Specialty,Financial Services,TIPT
2015Q1,2015,Q1,2015-05-15,2015-03-31,-979000.0,88010000.0,-6602000.0,-0.03,88010000.0,1.0,8456807000.0,285687000.0,74121000.0,7189370000.0,8059564000.0,0.0,11597000.0,213077956.65,660373956.65,8.889257433190238,0.01030980461431252,0.05838089955227783,1.728171040334352,-0.006308129098845275,8.889257433190238,-0.0034268272620035212,2.421065295420975,-54.41214419050051,0.7458440763842947,0.0,0.0,0.0,0.010407001129386067,0.08491453354049103,-0.00011576473248118351,2010.1694023584905,1.0,-1.06,0.8904779298908991,19.96491210604447,0.23627192856069681,4.951953300404131,-1.061329324061893,0.7776879819510388,-2.054298233481769,6.010080504030365,-0.04068293019826053,Insurance—Specialty,Financial Services,TIPT
2014Q4,2014,Q4,2015-03-31,2014-12-31,15963000.0,-19386000.0,-29697000.0,0.5,-22270000.0,-1.148767151552667,8195326000.0,284462000.0,81032000.0,7044637000.0,7793600000.0,0.0,13379000.0,260321485.5,590193485.5,8.851141101835792,0.011502650881798452,0.046716750499003944,1.345905604263487,-0.03727038724331128,8.851141101835792,0.05611645843733082,-13.42832381615599,4.076951160496147,0.9151362413960388,0.023178600513687902,0.0,0.0014213194861320813,-0.002365494673427268,0.08176546215227272,0.001947817573089832,10.317934423305589,1.148767151552667,1.7533230012087722,4.45440946133789,-5.787238634810548,0.18288122891224332,0.0,2.378259367984804,0.0,-0.6850055443455968,-2.5483982793449544,-0.037569592744370744,Insurance—Specialty,Financial Services,TIPT
2014Q3,2014,Q3,2014-11-12,2014-09-30,-11582000.0,40618000.0,0.0,-0.663725917299361,0.0,0.0,7048522000.0,247263000.0,201231000.0,6311400000.0,6500758000.0,0.0,21301000.0,144136785.24,389593785.24,14.169820539560689,0.03188373419526571,0.06034584271709729,1.7202290678346537,0.0,14.169820539560689,-0.04684081322316724,3.5485938559259442,-3.1112239949922293,0.5829290481794688,0.0,0.0,0.0,0.00576262654780676,0.031206388439965777,-0.0016431813648308112,-4.122905756292907,0.0,-0.9586856196314467,-45.48015024482971,12.979338586496441,0.8307808309420409,-1.0,-2.219010561423013,1.0,-13.603470353241317,5.723672206793104,0.8205255400623471,Insurance—Specialty,Financial Services,TIPT
2014Q2,2014,Q2,2014-08-12,2014-06-30,-3598000.0,29093000.0,-1700000.0,-0.3388629143171277,29429000.0,1.0115491699034131,7378631000.0,122829000.0,144846000.0,4885900000.0,6817352000.0,0.0,21029000.0,92375408.1,256031408.1,11.568146999071281,0.029645715221351236,0.03872073288391844,2.3260467804834364,-0.004698663779281106,11.568146999071281,-0.029292756596569214,3.175176437631045,-6.418524742912728,0.7520651320127982,0.0,0.0,0.0,0.0039428723295689945,0.028654290918766246,-0.000487624330312764,1.63661407260422,1.0115491699034131,-0.4389898610075483,-17.87521278336607,15.24286000069967,0.47143802700738013,-0.029770539364367663,-0.4432410750100281,-8.083333333333334,-4.22334597784665,7.005138980271822,0.47023660692204905,Insurance—Specialty,Financial Services,TIPT
2014Q1,2014,Q1,2014-05-14,2014-03-31,-2493000.0,29988000.0,240000.0,-0.2354866587314684,30332000.0,1.0114712551687342,6955516000.0,121665000.0,161054000.0,1167325000.0,6390046000.0,0.0,19958000.0,79399402.5,335841402.5,11.492372376479786,0.13796843209902984,0.05481491236595531,3.133736078576419,0.0005931255893017419,11.492372376479786,-0.02049069165331032,2.647705832332933,-7.9622345066185325,0.652606768585871,0.0,0.0,0.0,0.0043113983204121735,0.12206197931167413,-0.0003584205686537131,1.8008483216148787,1.0114712551687342,-618.7017335038641,-3.826780063859005,12.856970133709103,0.43749111184840356,8.008317929759704,-622.25,1.024981784115749,-1.145493346726931,7.157959313977273,0.4589071817557324,Insurance—Specialty,Financial Services,TIPT
2013Q4,2013,Q4,2014-03-18,2013-12-31,-4000.0,29158000.0,-9607000.0,-0.00038,-4328000.0,-0.14843267713834968,6880448000.0,119911000.0,146952000.0,1175606000.0,6314592000.0,0.0,18933000.0,77705548.58,317757548.58,11.326691028940678,0.1250010632814055,0.05241068604835034,3.007305418185154,-0.012980743246624564,11.326691028940678,-3.335807390481274e-05,2.664982117429179,-4856.59678625,0.648026858086414,0.0,0.0,0.0,0.004237805445226822,0.11765846720755083,-5.813574930004558e-07,-1.3066783577722472,-0.14843267713834968,0.9992357188055611,0.9996000959654857,10.784943299187493,0.4113501292599672,-1.105229886454813,0.9992167613080086,-2.2903962390866353,-1.00018178355477,0.22670559485655384,2.762234164328453,Insurance—Specialty,Financial Services,TIPT
2013Q3,2013,Q3,2013-11-14,2013-09-30,-5107000.0,28073000.0,7445000.0,-0.49719920202789514,41129000.0,1.4650732020090478,6604233000.0,114234000.0,123721000.0,1298344000.0,6048455000.0,0.0,16652000.0,76334011.2,208837011.2,11.148939858148054,0.09529138656627212,0.03611365619595796,2.0878460003151424,0.012030951159618651,11.148939858148054,-0.04470647968205613,2.71912553699284,-3.7367344429214806,0.668224969798834,-0.24143332680634425,0.0,0.016152694986373256,0.004250758566513325,0.15399847806128422,-0.0007732919174717186,1.9053493547662432,1.4650732020090478,-1.3629191255678066,-3.4151822252302386,11.974859574588468,0.2394048231844188,23.67246550689862,-1.363953819840365,4.8199076449461264,-1.1595791632946957,21.436437528630325,3.086248294850544,Insurance—Specialty,Financial Services,TIPT
2013Q2,2013,Q2,2013-08-13,2013-06-30,14032000.0,1705000.0,-1949000.0,1.37,1667000.0,0.9777126099706744,142949000.0,100390000.0,72348000.0,3390000.0,37410000.0,0.0,16163000.0,72732052.1,37106052.099999994,9.799929734142617,21.341592920353982,0.23348187115684615,0.332463392768204,-0.014570219637277036,9.799929734142617,0.13977487797589402,42.65809507331378,1.2958247594783352,0.724494990536906,0.0,0.0,0.0,0.011927330726342961,21.341592920353982,0.09816088255251873,68.87504933712121,0.9777126099706744,138.0,64.10420101566616,0.3751353641876826,0.06929781007539279,-0.5986034192150252,95.8108108108108,-2.3842329545454546,22.853519257369797,0.4068320586553671,0.37621470753344277,Insurance—Specialty,Financial Services,TIPT
2013Q1,2013,Q1,2013-05-15,2013-03-31,-148000.0,4519000.0,1408000.0,-0.01,4153000.0,0.9190086302279266,208360000.0,86495000.0,28981000.0,3084000.0,116638000.0,0.0,2338000.0,71690514.0,156817514.0,8.445538554794014,9.397211413748378,0.5417738529468228,1.3050927799294756,0.007061927284217495,8.445538554794014,-0.0017110815654084051,15.864242974109317,-121.09884121621621,0.8288399791895484,0.0,0.0,0.0,0.021688423881743135,9.397211413748378,-0.0007103090804377039,-1433.81028,0.9190086302279266,0.7848537005163511,-1.985835777307598,1.8581909557340788,-0.08937521210392375,0.6159533073929961,0.6890756302521008,0.4279918864097363,0.9480432462784243,2.378039372609038,0.17456180286611234,Insurance—Specialty,Financial Services,TIPT
2012Q4,2012,Q4,2013-03-25,2012-12-31,-476000.0,4010000.0,986000.0,-0.04648,2570000.0,0.6408977556109726,185781000.0,88037000.0,46428000.0,1919000.0,97760000.0,0.0,3879000.0,76811265.0,125615265.0,8.59610240763513,24.193850964043772,0.5126035493403523,1.0817270011472448,0.00538006973356105,8.59610240763513,-0.005406817588059566,19.1549289276808,-40.34205094537815,0.8724884423594625,-2.9159663865546217,0.0,0.01807026612567831,0.021584553856422346,24.193850964043772,-0.0025621565176202087,62.80561324611611,0.6408977556109726,-3.6479999999999997,-1.401360564036898,0.9723723796421091,-0.08239262539476092,-0.35733933483370844,-4.409090909090909,-0.2844702467343977,0.6767581420260156,2.107438783731169,0.14879743332641968,Insurance—Specialty,Financial Services,TIPT
2012Q3,2012,Q3,2012-11-08,2012-09-30,-88000.0,3999000.0,1378000.0,-0.01,3999000.0,1.0,187748000.0,89800000.0,46648000.0,1772000.0,97948000.0,0.0,5743000.0,71523536.0,120442536.0,8.788715367763697,26.325056433408577,0.5090174063105866,1.0642204899777283,0.00743390139560979,8.788715367763697,-0.0009799554565701558,17.88535533883471,-203.19186363636365,0.7964759020044544,-15.784090909090908,0.0,0.01942018079195637,0.021299827428254894,26.325056433408577,-0.00046871338176704945,247.48628373702422,1.0,0.6666666666666666,-1.0725737394820298,1.0001149257700659,-0.06191495579062249,0.0055318078953985415,0.6317991631799164,-0.1355081555834379,0.39687062373686405,1.3505166931247072,0.13552684587537864,Insurance—Specialty,Financial Services,TIPT
2012Q2,2012,Q2,2012-08-10,2012-06-30,-239000.0,3977000.0,1594000.0,-0.03,3977000.0,1.0,189071000.0,91225000.0,53792000.0,1966000.0,97846000.0,0.0,7221000.0,71471666.55,119311666.55,8.921895637537782,27.361139369277723,0.5071110852536878,1.051027678816114,0.008519280617834905,8.921895637537782,-0.0026198958618799673,17.97125133266281,-74.7611574790795,0.7834657884351878,0.0,0.0,0.0,0.021034426220837676,24.435401831129198,-0.0012640754002464683,134.59824209039547,1.0,-2.0,0.8355747814693432,41.26647561650079,-0.0350088778775854,0.0005031446540880503,-1.8129251700680271,0.17378497790868924,-0.30199399853258657,1.3057380652276127,0.13484177847310327,Insurance—Specialty,Financial Services,TIPT
2012Q1,2012,Q1,2012-05-15,2012-03-31,294000.0,3975000.0,1358000.0,0.03,3975000.0,1.0,192200000.0,94288000.0,49867000.0,1612000.0,97912000.0,0.0,10248000.0,71736837.89999999,117528837.89999999,9.266235025951708,30.934863523573203,0.4977055150884495,1.0145405565925674,,9.266235025951708,0.0031181062277278126,18.047003245283015,61.0007125,0.7608268061683353,0.0,0.0,0.0,0.020681581685744018,30.934863523573203,0.0015296566077003123,-49.610537966804976,1.0,-0.9810126582278481,0.9710640273098384,1.5304430876722728,-0.0008851122569683933,0.0027749747729566097,-0.9816765347460268,21.575757575757574,-0.6531673851997264,0.9110003657815,0.15904097550518237,Insurance—Specialty,Financial Services,TIPT
2011Q4,2011,Q4,2012-04-05,2011-12-31,16045000.0,3964000.0,-66000.0,1.58,3964000.0,1.0,194216000.0,93580000.0,52306000.0,3964000.0,100636000.0,0.0,9954000.0,66140347.0,109913347.0,9.196655711528093,13.195257315842584,0.49470177534291715,1.026704424022227,,9.196655711528093,0.17145757640521478,16.685254036326942,1.030544515425366,0.706778659970079,0.0855718292302898,0.0,0.020758887158544844,0.02041026485974379,13.195257315842584,0.08261420274333732,2.7517202113496424,1.0,30.599999999999998,12.61689249603913,0.9624053857904528,-0.01828541559625293,0.12709695763434745,28.990654205607477,-1.070967741935484,2.6689309712508336,0.6668874238428091,0.14593937400255097,Insurance—Specialty,Financial Services,TIPT
2011Q3,2011,Q3,2011-11-09,2011-09-30,535000.0,3517000.0,930000.0,0.05,3517000.0,1.0,178630000.0,79072000.0,8925000.0,2023000.0,99558000.0,0.0,-4718000.0,67659592.68,155247592.68,7.783368169103202,4.411764705882353,0.540194816100319,1.2203434844192635,,7.783368169103202,0.006765985430999595,19.2378711060563,31.616632093457945,0.8556706884864428,2.5644859813084113,0.0,0.02027798196316307,0.01968874209259363,4.411764705882353,0.002995017634215977,-3.48096890878222,1.0,-0.5,-0.5562417925358976,0.7691787007846367,-0.16922314951827733,0.012377662636729994,-0.4985941893158388,-0.1762621789193977,1.4664909455038937,0.6394299722317759,-0.13473889247358412,Insurance—Specialty,Financial Services,TIPT
2011Q2,2011,Q2,2011-08-10,2011-06-30,1067000.0,3474000.0,1129000.0,0.1,3474000.0,1.0,163479000.0,79859000.0,13958000.0,1786000.0,83620000.0,0.0,-3881000.0,72569368.3,139871368.3,7.868221308466316,7.8152295632698765,0.49694456168682216,1.0172929788752676,,7.868221308466316,0.013361048848595649,20.889282757628095,17.003132216494848,0.9087187204948723,1.2849109653233364,0.0,0.018892268626789187,0.021250435835795424,7.8152295632698765,0.006526832192514024,94.86191934640523,1.0,1.9090909090909092,1.7395105575531358,36.19458275637904,-0.14897416221517085,-0.013348480545299631,1.958670260557053,0.01895306859205776,3.996593842265834,1.8279457458912236,-0.14147631232300298,Insurance—Specialty,Financial Services,TIPT
2011Q1,2011,Q1,2011-05-10,2011-03-31,-1113000.0,3521000.0,1108000.0,-0.11,3521000.0,1.0,166563000.0,79880000.0,8722000.0,2328000.0,86683000.0,0.0,-3577000.0,52223173.300000004,125356173.30000001,7.877384195647873,3.7465635738831615,0.4891782688832454,1.0200175262894342,,7.877384195647873,-0.013933400100150225,14.831915166145983,-11.730272529200361,0.653770321732599,0.0,0.0,0.0,0.02113914855039835,3.7465635738831615,-0.006682156301219358,23.67324265639166,1.0,-1.0528846153846154,-8.48765196224324,1.2491713857123579,-0.15063541942320757,-0.8453504781573472,-1.0528067824974505,-0.9259476841775665,-8.48765196224324,1.2491713857123579,-0.15063541942320757,Insurance—Specialty,Financial Services,TIPT
2010Q4,2010,Q4,2011-03-31,2010-12-31,21076838.0,22767610.0,14962395.0,2.08,22767610.0,1.0,2199245.0,-65177165.0,559936.0,8820945.0,67376410.0,0.0,0.0,48167004.5,53795309.5,-6.427460809816396,0.06347800604130283,2.6546214723689268,-0.08957374872012307,,-6.427460809816396,-0.3233776430748407,2.1155933582839834,0.5713262646417835,-0.7390165635464506,0.0,0.0,0.0,10.352466414610468,0.044665395827771286,9.583669850335001,5.382382379194485,1.0,10.012150115830117,16.949023593835758,10.31018238858835,-1.686111583993594,5.153408108108108,4.013990847990848,3.790970900951315,16.949023593835758,10.31018238858835,-1.686111583993594,Insurance—Specialty,Financial Services,TIPT
2010Q3,2010,Q3,2010-11-09,2010-09-30,-6993000.0,3700000.0,-5361000.0,-0.23079952877686943,3700000.0,1.0,172792000.0,82668000.0,17047000.0,5168000.0,90124000.0,0.0,-384000.0,146344276.26,232530276.26,2.7284048970293497,3.298568111455108,0.4886279457382286,1.0213262689311462,,2.7284048970293497,-0.08459137755842648,39.552507097297294,-5.231813108108108,1.7702651117723907,0.0,0.0,0.0,0.021413028380943562,3.298568111455108,-0.040470623639983334,-28.28455281407035,1.0,-2.846658812947824,-2.9448346528197717,-0.37593820301315733,-0.708777025839429,0.03064066852367688,-2.676656151419558,-59.91208791208791,-2.9448346528197717,-0.37593820301315733,-0.708777025839429,Insurance—Specialty,Financial Services,TIPT
2010Q2,2010,Q2,2010-08-05,2010-06-30,-1902000.0,3590000.0,91000.0,-0.06,3590000.0,1.0,306256000.0,216081000.0,135598000.0,5020000.0,90175000.0,0.0,-77155000.0,146563877.04,96299877.03999999,7.120930826053153,27.011553784860556,0.2763374431847866,0.3916586835492246,,7.120930826053153,-0.00880225471003929,40.82559249025069,-19.264442302839118,0.6782821119857831,0.0,0.0,0.0,0.011722219319784755,26.882470119521912,-0.006210490569980669,-91.9472252446675,1.0,0.7857142857142857,0.5590818683060355,11.856176095309301,-0.22980100781749077,-0.09320535488759787,0.7743772241992882,1.0154814562776455,0.5590818683060355,11.856176095309301,-0.22980100781749077,Insurance—Specialty,Financial Services,TIPT
2010Q1,2010,Q1,2010-05-10,2010-03-31,-8430000.0,3959000.0,-5878000.0,-0.28,3959000.0,1.0,311267000.0,217933000.0,137325000.0,7682000.0,93334000.0,0.0,-75253000.0,146392441.02,91465441.02000001,7.1903739200317895,17.876204113512106,0.2623439041080487,0.37469772820086905,,7.1903739200317895,-0.03868161315633704,36.97712579439253,-4.341412841637011,0.6717314083686271,-0.00035587188612099647,0.0,2.0492861373833795e-05,0.01271898402336258,17.78768549856808,-0.02708285812501807,-142.1285835145631,1.0,-0.9472842339522917,-19.974160367879517,-0.15389057365351333,-0.22471104911294493,0.036658811207122284,-0.9343735658558971,-8.929054054054054,-19.974160367879517,-0.15389057365351333,-0.22471104911294493,Insurance—Specialty,Financial Services,TIPT
2009Q4,2009,Q4,2010-03-16,2009-12-31,-4358000.0,3819000.0,-592000.0,-0.14379,3819000.0,1.0,315432000.0,226793000.0,122689000.0,2789000.0,88639000.0,0.0,-66820000.0,146392441.02,105753441.02000001,7.482696390384979,43.9903191107924,0.2595583200182607,0.3610032055663094,,7.482696390384979,-0.019215760627532597,38.332663267871176,-8.397914239329968,0.6454892391740487,-0.791647544745296,0.0,0.023566790579908865,0.012107205356463516,43.9903191107924,-0.01381597301478607,72.15004485953672,1.0,-9.784519612990325,-2.2416726179973905,-0.36527393879217823,-0.20124527790052102,-0.23833266852812127,-9.134883720930233,-1.2626441881100265,-2.2416726179973905,-0.36527393879217823,-0.20124527790052102,Insurance—Specialty,Financial Services,TIPT
2009Q3,2009,Q3,2009-11-09,2009-09-30,-430000.0,5014000.0,2254000.0,-0.013333,5014000.0,1.0,322107000.0,233064000.0,95037000.0,2614000.0,89043000.0,0.0,-59012000.0,145443505.41,132811505.41,7.739768900829877,36.35692425401683,0.2547880052280764,0.35213074520303433,,7.739768900829877,-0.001844986784745821,29.007480137614678,-84.56017756395349,0.624049640485017,-8.006976744186046,0.0,0.023672421744060052,0.015566255933587287,36.35692425401683,-0.001334960121947055,-89.11979498161764,1.0,0.33335000000000004,-1.1203286431373674,-0.14907435815264408,-0.17387682412192826,-0.011824990145841546,0.2037037037037037,0.1690871369294606,-1.1203286431373674,-0.14907435815264408,-0.17387682412192826,Insurance—Specialty,Financial Services,TIPT
2009Q2,2009,Q2,2009-08-10,2009-06-30,-540000.0,5074000.0,1928000.0,-0.02,5074000.0,1.0,328626000.0,236474000.0,54308000.0,7166000.0,92152000.0,0.0,-55139000.0,145280961.42000002,173712961.42000002,7.86179695423439,7.578565447948646,0.25008063878086334,0.3475350355641635,,7.86179695423439,-0.0022835491428233124,28.632432286164764,-67.2597043611111,0.6143633609614588,-6.4,0.0,0.023788388830996765,0.015440044305684882,7.578565447948646,-0.0016432053458947254,48.042645972222225,1.0,-1.25,0.8737127677117004,17.330996158632797,-0.14966901956959833,-0.17388472810159558,-1.2157411106671994,-0.5478424015009381,0.8737127677117004,17.330996158632797,-0.14966901956959833,Insurance—Specialty,Financial Services,TIPT
2009Q1,2009,Q1,2009-05-11,2009-03-31,2503000.0,6142000.0,4264000.0,0.08,6142000.0,1.0,332420000.0,240210000.0,18240000.0,6809000.0,92210000.0,0.0,-51142000.0,145122146.19,209965146.19,7.994743259109459,2.6788074607137613,0.2472715239756934,0.34219224844927354,,7.994743259109459,0.010420049123683444,23.62783233311625,14.494820833999201,0.6041469805170476,1.3703555733120256,0.0,0.023635262363811103,0.01847662595511702,2.6788074607137613,0.007529631189459118,44.887765601608415,1.0,1.0846722126965984,4.6830411651017645,0.32414578928531645,-0.13798139249774583,-0.12532042153232698,1.0881710581936028,1.162909757774891,4.6830411651017645,0.32414578928531645,-0.13798139249774583,Insurance—Specialty,Financial Services,TIPT
2008Q4,2008,Q4,2009-03-16,2008-12-31,-28388000.0,7022000.0,-26174000.0,-0.94482,7022000.0,1.0,370906000.0,241132000.0,32845000.0,43199000.0,129774000.0,0.0,-50215000.0,145122146.19,233320146.19,8.025429547294376,0.760318525891803,0.32352671566380703,0.49764444370718114,,8.025429547294376,-0.1177280493671516,20.666782425234974,-1.2780236912603917,0.6018369448683709,-0.12544032689868959,0.0,0.024537950226685524,0.018932020511935637,0.760318525891803,-0.07653691231740657,43.923167733050846,1.0,-7.336671578445818,-9.159050752011341,0.1772872947030595,-0.14331019015883673,0.06104563312178906,-7.023742227247032,-2909.222222222222,-9.159050752011341,0.1772872947030595,-0.14331019015883673,Insurance—Specialty,Financial Services,TIPT
2008Q3,2008,Q3,2008-11-14,2008-09-30,-3538000.0,6618000.0,9000.0,-0.113333,6618000.0,1.0,412192000.0,281918000.0,298917000.0,125545000.0,130274000.0,0.0,-18266000.0,151373393.01,257294393.01,8.995398153690365,2.3809550360428533,0.29951818569986804,0.43792521229577397,,8.995398153690365,-0.012549748508431529,22.872981718041704,-10.696254452374223,0.5369412134379501,-1.0056529112492933,0.0,0.02350479122685023,0.016055624563310302,2.190226611971803,-0.008583378619672385,1.3891800470789053,1.0,-6.666650000000001,-1.9512686403479154,0.07914258660053182,-0.03985416280095593,0.7457135320495911,-6.368740515933232,-0.9954430379746836,-1.9512686403479154,0.07914258660053182,-0.03985416280095593,Insurance—Specialty,Financial Services,TIPT
2008Q2,2008,Q2,2008-08-14,2008-06-30,659000.0,3791000.0,1975000.0,0.02,3791000.0,1.0,409045000.0,287056000.0,303630000.0,117149000.0,121989000.0,0.0,-11172000.0,151282772.55,251586772.55,9.164827274313463,2.591827501728568,0.2828221833783569,0.40301195585530347,,9.164827274313463,0.0022957193021570705,39.90576959905039,57.391036627465866,0.5270148422259071,5.441578148710167,0.0,0.023703954783184596,0.009267928956471782,2.580756131080931,0.0016110696867092864,-1.5351176335389862,1.0,0.5000375009375235,1.148002935779504,12.152509311898845,-0.008733422268703644,0.0,0.4357298474945534,-0.09320477502295683,1.148002935779504,12.152509311898845,-0.008733422268703644,Insurance—Specialty,Financial Services,TIPT
2008Q1,2008,Q1,2008-05-15,2008-03-31,459000.0,4834000.0,2178000.0,0.013333,0.0,0.0,339372000.0,290407000.0,0.0,10500000.0,48965000.0,0.0,-8245000.0,151239882.15,245922882.15,9.274443949968392,0.0,0.11343304692196174,0.13255878818348044,,9.274443949968392,0.0015805404139707375,31.286694693835333,82.37466348039216,0.5207859388719969,7.786492374727668,0.0,0.023631332881199285,0.01424395648432988,8.331047619047618,0.0013524981436299989,-218.23936818181818,0.0,-0.8888916666666666,0.0,0.0,0.0,0.0,-0.8734142305570877,1.7159763313609468,0.0,0.0,0.0,Insurance—Specialty,Financial Services,TIPT
2007Q4,2007,Q4,2008-03-31,2007-12-31,3626000.0,6216000.0,-3042000.0,0.12,0.0,0.0,328398000.0,293335000.0,0.0,10100000.0,35063000.0,0.0,-5130000.0,151239882.15,248592882.15,9.367952618442317,0.0,0.07612713841131798,0.08522678848415634,,9.367952618442317,0.012361293401742036,24.330740371621623,10.42746015926641,0.5155875778546714,0.0,0.0,0.0,0.0189282516945901,7.351683168316832,0.01104148015517756,-0.7587488067406486,0.0,0.0,0.0,0.0,0.0,0.0,-0.023694130317716746,-1.356456526833841,0.0,0.0,0.0,Insurance—Specialty,Financial Services,TIPT
2007Q3,2007,Q3,2007-11-14,2007-09-30,3714000.0,6124000.0,8534000.0,0.12,0.0,0.0,300720000.0,293206000.0,0.0,0.0,7514000.0,0.0,-5183000.0,151159969.8,151159969.8,9.368783163120213,0.0,0.0,0.0,,9.368783163120213,0.01266686220609401,24.683208654474203,10.175011429725362,0.5155418709030511,0.0,0.0,0.0,0.020364458632615056,0.0,0.012350359138068635,29.41427705779335,0.0,1.8441283884018882,0.0,0.0,0.0,0.0,1.834794335805799,0.6983084577114428,0.0,0.0,0.0,Insurance—Specialty,Financial Services,TIPT
2007Q2,2007,Q2,2007-06-30,2007-06-30,-4449000.0,288000.0,5025000.0,-0.14215846978820976,0.0,0.0,292467000.0,289350000.0,0.0,0.0,3117000.0,0.0,-8897000.0,151159969.8,151159969.8,9.245572765389637,0.0,0.0,0.0,,9.245572765389637,-0.015375842405391395,524.8610062500001,-8.494041908294,0.522412199066874,,0.0,,0.0009847264819620675,0.0,-0.015211972632809856,0.0,0.0,0.0,0.0,0.0,0.0,0.0,0.0,0.0,0.0,0.0,0.0,Insurance—Specialty,Financial Services,TIPT
