Quarters,Year,Quarter,FillingDate,Date,NetIncome,Revenue,OperatingIncome,EPSDiluted,GrossProfit,GrossProfitRatio,TotalAssets,CommonStockEquity,CurrentAssets,CurrentLiability,TotalLiability,Inventory,RetainedEarnings,MarketCap,EnterpriseValue,bookValuePerShare,currentRatio,debtToAssets,debtToEquity,roic,shareholdersEquityPerShare,roe,priceToSalesRatio,peRatio,pbRatio,payoutRatio,inventoryTurnover,dividendYield,assetTurnover,quickRatio,returnOnAssets,priceToFreeCashFlowsRatio,grossProfitMargin,epsdilutedGrowth,fiveYNetIncomeGrowthPerShare,fiveYRevenueGrowthPerShare,fiveYShareholdersEquityGrowthPerShare,grossProfitGrowth,netIncomeGrowth,operatingIncomeGrowth,threeYNetIncomeGrowthPerShare,threeYRevenueGrowthPerShare,threeYShareholdersEquityGrowthPerShare,Industry,Sector,Symbol
2023Q1,2023,Q1,2023-03-31,2023-03-31,13524000.0,825044000.0,44882000.0,0.11,160652000.0,0.1947193119,4283049000.0,1553497000.0,1409972000.0,1105949000.0,2729552000.0,386822000.0,174631000.0,997219246.1046481,2287702246.104648,12.5546250487518,1.2748978479116126,0.3625751187997149,0.9996330858701369,0.012764900014356926,12.5546250487518,0.008705520512752841,1.2086861380782699,18.434251074102484,0.6419190034513411,0.22870452528837623,1.7175651850205005,0.00310162485539857,0.19263006330303484,0.8795052936437394,0.0031575636888581007,-14.949692618314192,0.19471931193972686,1.1617647058823528,-0.09821442918566889,0.530439568196607,-0.04643593042731299,0.2668317378207453,1.1667200867871497,2.0005350216237905,-0.7370090788489426,0.6348879160340183,-0.22743990512856277,Oil & Gas Equipment & Services,Energy,EFXT
2022Q4,2022,Q4,2022-12-31,2022-12-31,-81118000.0,689839000.0,-44858000.0,-0.68,126814000.0,0.1838312998,4269589000.0,1542908000.0,1446050000.0,1138947000.0,2726681000.0,411284000.0,164200000.0,1017325189.8678399,2246907189.86784,12.97632818493657,1.2696376565371348,0.34742407290256744,0.9614040500146477,-0.016472617348694027,12.97632818493657,-0.05257474846199514,1.474728436443634,-3.135325050752731,0.6593557035596679,-0.02765107620996573,1.368944573579327,0.0022048013971730975,0.1615703525561828,0.8447214839672083,-0.01899901840668973,-11.835968795,0.1838312997670471,-0.8378378378378379,-3.2364767505955667,0.14074060277334333,0.01337030633408199,0.6119740688953857,-1.472506705681541,-2.9033435166327224,-2.949300826736672,0.0946535755019046,-0.1340991372038771,Oil & Gas Equipment & Services,Energy,EFXT
2022Q3,2022,Q3,2022-09-30,2022-09-30,-32808000.0,392813000.0,23568000.0,-0.37,78670000.0,0.2002734125,2451224000.0,1419844000.0,905156000.0,519243000.0,1031380000.0,307643000.0,248410000.0,522421843.610205,745814843.6102049,15.832166837187803,1.743222344836618,0.17223232148510295,0.2973425249534456,0.014264859334073168,15.832166837187803,-0.02310676384166148,1.3299504945360896,-3.980902856088492,0.3679431286889299,-0.06833699097781029,1.0211283858238283,0.0042915510280095125,0.16025177625545442,1.0730216873409946,-0.013384333704304462,56.90249903171822,0.20027341253980901,-3.466666666666667,-2.2940769562314265,0.2310914091272321,0.2595379190080025,0.23716366038151251,-3.457159976033553,0.16425431013189745,-1.5208194673715214,-0.2786954688171639,0.061394162096135275,Oil & Gas Equipment & Services,Energy,EFXT
2022Q2,2022,Q2,2022-06-30,2022-06-30,13352000.0,372077000.0,20243000.0,0.15,63589000.0,0.170902797,2292886000.0,1378897000.0,780685000.0,428795000.0,913989000.0,238019000.0,283461000.0,537750275.573742,789584275.573742,15.375581652137663,1.820648561666997,0.1739781218952883,0.28929789534678807,0.008988939867811085,15.375581652137663,0.009683101783526979,1.4452661023759652,10.068721456967907,0.38998581879120925,0.16791491911324147,1.2960645998848832,0.004169221480375705,0.16227453087506313,1.2252684849403561,0.005823228891449466,78.50368986477986,0.1709027970016959,37.58536585365853,-0.37804465700248235,-0.15268561934432845,0.20825034376562923,0.18541095762727663,37.18428184281843,1.9599356631086415,-0.67128597611623,-0.31475273339249066,0.0793298768078776,Oil & Gas Equipment & Services,Energy,EFXT
2022Q1,2022,Q1,2022-03-31,2022-03-31,-369000.0,323069000.0,6839000.0,-0.0041,53643000.0,0.1660419291,2226975000.0,1342102000.0,735125000.0,395792000.0,884873000.0,227936000.0,272351000.0,724170267.1407907,984525267.1407907,14.965486490599316,1.8573518413712253,0.1767280728342258,0.29324820319170974,-0.0004334986445667297,14.965486490599316,-0.00027494184495664264,2.241534369254836,-490.6302622905086,0.5395791580228557,-6.075880758807588,1.182024778885301,0.003095956989303067,0.145070779869554,1.246154545822048,-0.0001656956184959418,-889.6440628265242,0.16604192912349994,0.9886111111111111,-1.0148949470792625,-0.10287163386553151,0.16229112789924557,-0.10457701809441143,0.988718011434861,-0.7054059875080767,-1.0218091400947353,-0.33730789208710055,0.05179328792217449,Oil & Gas Equipment & Services,Energy,EFXT
2021Q4,2021,Q4,2021-12-31,2021-12-31,-32707000.0,321347000.0,23215000.0,-0.36,59908000.0,0.1864277557,2191442000.0,1353754000.0,709707000.0,355401000.0,837688000.0,208856000.0,274962000.0,691456358.69189,907134358.69189,15.095578003931697,1.9969189732161698,0.1772513258393332,0.28693248551804834,-0.023152077688580377,15.095578003931697,-0.024160224087980534,2.1517436250902917,-5.285232203288975,0.5107695775538909,-0.05472834561408873,1.2517667675336117,0.0025887389384723503,0.14663723703387999,1.3694502829198567,-0.014924875949260806,6.6006372779782545,0.18642775566599346,-5.5,0.3429968603702556,-0.14411125767801147,0.11043505849451903,0.10086550653264485,-5.7006323656223055,1.4179772940318718,-1.9998867987988178,-0.31910099209832343,0.04531038329119677,Oil & Gas Equipment & Services,Energy,EFXT
2021Q3,2021,Q3,2021-09-30,2021-09-30,6958000.0,231097000.0,9601000.0,0.08,54419000.0,0.23548120486202764,2142665000.0,1394047000.0,625655000.0,252269000.0,748618000.0,214972000.0,309911000.0,827303164.473258,1130088164.473258,15.544881292795418,2.4801105169481783,0.18904401761357936,0.290562656782734,0.0068570931990960815,15.544881292795418,0.004991223394907059,3.579895734143057,29.72489093393425,0.5934542841620534,0.25783271054900836,0.8218651731388273,0.002168491644948845,0.10785493765941012,1.5813635444703869,0.003247357846420229,363.48996681601847,0.23548120486202764,0.6,-0.6472723479073121,-0.20039998354654423,0.09467886518110778,-0.02262971676933853,0.6215334420880914,-0.4589461820231051,-0.8169612920166602,-0.48723215511989604,0.15051181911776612,Oil & Gas Equipment & Services,Energy,EFXT
2021Q2,2021,Q2,2021-06-30,2021-06-30,4291000.0,204507000.0,17745000.0,0.05,55679000.0,0.27225962925474434,2063952000.0,1362297000.0,565653000.0,217936000.0,701655000.0,201114000.0,304747000.0,752912195.02425,1051633195.02425,15.190840158568054,2.595500513912341,0.1926851981053823,0.29192826527548693,0.003211172072275672,15.190840158568054,0.0031498270935045735,3.681596204649474,43.86577691821545,0.5526784504584903,0.41808436261943605,0.7400180991875255,0.0023827479643123836,0.09908515314309635,1.6492135305777844,0.002079021217547695,55.858164183118184,0.27225962925474434,0.6666666666666669,-0.7658227378774636,-0.28634329328327757,0.1757035860051159,0.12373859691612174,0.4289044289044289,1.5274177467597208,-0.7912312458486007,-0.5008968400635092,0.1312639433410996,Oil & Gas Equipment & Services,Energy,EFXT
2021Q1,2021,Q1,2021-03-31,2021-03-31,3003000.0,203205000.0,7021000.0,0.03,49548000.0,0.24383258285967374,2111655000.0,1377396000.0,589094000.0,269439000.0,734259000.0,205029000.0,302249000.0,726821569.93302,1037343569.93302,15.359207625834165,2.186372425669632,0.1994473529056593,0.3057682757899689,0.007129580042533398,15.359207625834165,0.002180200900830262,3.5767897932286115,60.50795620488012,0.5276780025011107,0.5970695970695971,0.7494403230762477,0.00246690532335912,0.09623020805955518,1.3978637094110355,0.0014221073044602456,15.3652320134668,0.24383258285967374,-0.9166666666666666,1.0284268205584683,-0.3396769048445255,0.2000048285255707,-0.33895455879606157,-0.9080273192245261,-0.7736037662840191,-0.7237068498502285,-0.4798960753318518,0.16658111829141406,Oil & Gas Equipment & Services,Energy,EFXT
2020Q4,2020,Q4,2020-12-31,2020-12-31,32651000.0,298837000.0,31012000.0,0.36,74954000.0,0.2508190083557257,2179576000.0,1396695000.0,624327000.0,287561000.0,782881000.0,212251000.0,301040000.0,604894597.8900535,960856597.8900535,15.574408880935074,2.1711115206860456,0.20721369660888173,0.32336193657169243,0.020383063929771003,15.574408880935074,0.023377330054163578,2.0241623289286585,4.631516629582965,0.43308997160443297,0.054944718385348076,1.0548030397972212,0.002965805954058264,0.1371078595102901,1.399835165408383,0.014980436561973521,14.99007751319737,0.2508190083557257,2.0,1.855522660470063,-0.2661184091652752,0.06563840076826512,0.17680121834424506,2.038432905267076,0.5246054766235682,0.19355337236230574,-0.344803259701801,0.2162642061539823,Oil & Gas Equipment & Services,Energy,EFXT
2020Q3,2020,Q3,2020-09-30,2020-09-30,10746000.0,265037000.0,20341000.0,0.12,63693000.0,0.24031738964748317,2278017000.0,1416241000.0,667219000.0,340351000.0,860313000.0,241690000.0,270372000.0,430536189.62284595,815994189.6228459,15.792364408796745,1.960385014294067,0.212898762388516,0.3424466598552083,0.00684790962493106,15.792364408796745,0.007587691642877165,1.6244380581686555,10.01619648294356,0.30399924138818607,0.16685278243067186,0.8330671521370351,0.004164574414918955,0.116345488203117,1.2174960555426604,0.004717260670135473,6.036936349297446,0.24031738964748317,0.4999999999999999,-0.7030991987066285,-0.450938098501359,0.0774445661982387,-0.032021276595744684,0.4494200161855948,0.40875406884133253,-0.5761253440670718,-0.16934396991907336,0.2563714119630298,Oil & Gas Equipment & Services,Energy,EFXT
2020Q2,2020,Q2,2020-06-30,2020-06-30,7414000.0,287438000.0,14439000.0,0.08,65800000.0,0.2289189320827448,2373003000.0,1424685000.0,762469000.0,385336000.0,947091000.0,272106000.0,261419000.0,457462998.20062506,907302998.2006251,15.886522624148427,1.9787120850374738,0.22267565612011447,0.3708960226295637,0.005728507046012968,15.886522624148427,0.005203957366014242,1.5915188604172903,15.42564736311792,0.3210976448833427,1.3910169948745617,0.814528161819291,0.022543899813897362,0.12112837615460242,1.251995660929682,0.0031243112629861826,14.039497857863523,0.2289189320827448,-0.8095238095238095,-0.7513837021917047,-0.350723352326684,0.14512404217747715,-0.29799854905475187,-0.8010679116692156,-0.7124850657108721,-0.6546370640503426,-0.3454147704487032,0.24840131945181537,Oil & Gas Equipment & Services,Energy,EFXT
2020Q1,2020,Q1,2020-03-31,2020-03-31,37269000.0,365740000.0,50220000.0,0.42,93732000.0,0.2562804177831246,2484803000.0,1457342000.0,837299000.0,407574000.0,1026043000.0,306547000.0,255799000.0,477956820.382712,948504820.382712,16.250677626367736,2.0543484128035647,0.21821407974797197,0.3720602301999119,0.020648553037589217,16.250677626367736,0.02557326969235773,1.306821294861683,3.206128554446806,0.32796476076494874,0.2766910837425206,0.8873288598485713,0.021575170727227876,0.14719074308908997,1.2747059429698655,0.014998774550739032,-8.275018964710469,0.2562804177831246,0.20000000000000004,0.5411897657982515,-0.32498321514888057,0.19011430953844585,-0.03807393115904846,0.18979057591623036,0.03820391962292235,0.504405859946671,0.015632149842841878,0.2621052071606655,Oil & Gas Equipment & Services,Energy,EFXT
2019Q4,2019,Q4,2019-12-31,2019-12-31,31324000.0,474362000.0,48372000.0,0.35,97442000.0,0.20541696004317378,2434506000.0,1341253000.0,952552000.0,517471000.0,1091719000.0,269385000.0,228843000.0,1099967390.1303935,1501199390.1303935,14.985928230899404,1.8407833482456022,0.20434823327607327,0.37091212470727,0.018411059795134705,14.985928230899404,0.023354281407012695,2.3188353833789246,8.778950566102617,0.8201043279160557,0.30053632997062957,1.3991870371401525,0.008558435535878964,0.19484938628206297,1.2962890674066758,0.012866676032016352,-6.581901568515997,0.20541696004317378,-0.5,0.07931934885016743,-0.20537943575073506,0.1566493623065577,-0.2649825376590657,-0.5024619587661616,-0.44636725724488396,1.630473587753333,0.2659481076618512,0.10236918966198323,Oil & Gas Equipment & Services,Energy,EFXT
2019Q3,2019,Q3,2019-09-30,2019-09-30,62958000.0,544284000.0,87372000.0,0.7,132571000.0,0.24356953355233665,2439785000.0,1336972000.0,983950000.0,564497000.0,1101369000.0,259681000.0,207831000.0,1050430368.5494499,1297510368.54945,14.9163877121022,1.7430562075617761,0.19125619675504194,0.3490155366006169,0.03547058964958833,14.9163877121022,0.047089991413432744,1.9299306401611105,4.171155248536524,0.7856786593507193,0.14924235204421996,1.5854567719625232,0.00894490513728676,0.22308687035947838,1.2578171363178192,0.025804732794078168,-30.989803178824932,0.24356953355233665,0.5555555555555555,0.8515092505451216,-0.0070033380115442296,0.20017576073539525,0.20189117151094269,0.5531379514505624,0.3820965879431166,2.1932826677028587,0.8842364979375088,0.05042001065992659,Oil & Gas Equipment & Services,Energy,EFXT
2019Q2,2019,Q2,2019-06-30,2019-06-30,40536000.0,541874000.0,63217000.0,0.45,110302000.0,0.2035565463557949,2337577000.0,1274942000.0,962560000.0,591370000.0,1061227000.0,241557000.0,154287000.0,1530281989.248705,1710630989.248705,14.245488781994071,1.6276781033870504,0.1729538748883994,0.3171069742780456,0.024981215561658568,14.245488781994071,0.031794387509392584,2.8240550187842652,9.437795966848634,1.2002757688182717,0.23162127491612394,1.7866259309396955,0.00613547049887815,0.23181011791269335,1.205480494445102,0.01734103304404518,-16.724210546865116,0.2035565463557949,1.368421052631579,2.1811345000682,0.06277226678453916,0.17023777008718696,0.24255942322856822,1.408699269118783,0.9187482927125383,1.216685262986255,0.8947696516057906,0.10253758650336915,Oil & Gas Equipment & Services,Energy,EFXT
2019Q1,2019,Q1,2019-03-31,2019-03-31,16829000.0,484902000.0,32947000.0,0.19,88770000.0,0.18306791887845378,2384483000.0,1269187000.0,1025623000.0,668322000.0,1113854000.0,211980000.0,123145000.0,1693925700.681999,1771990700.681999,14.228543443325966,1.5346240285371422,0.16066250000524224,0.3018444090587124,0.011407876248530496,14.228543443325966,0.013259669378901611,3.493336180675681,25.163790193742926,1.334654153156311,0.5555291461168221,1.8687234644777808,0.005519132271407157,0.20335728960952962,1.2001550150975129,0.007057714397628333,20.33621903431136,0.18306791887845378,-0.4722222222222222,2.647161349698695,0.27937158581181726,0.15953000391122674,0.08571218903647171,-0.4798961584819359,-0.30766159536017484,1.1601607528834543,0.5841668027297249,0.11166677675207846,Oil & Gas Equipment & Services,Energy,EFXT
2018Q4,2018,Q4,2018-12-31,2018-12-31,32357000.0,466842000.0,47588000.0,0.36,81762000.0,0.1751384836839873,2482859000.0,1281070000.0,1153307000.0,687189000.0,1200340000.0,176206000.0,118134000.0,1416240032.6837282,1534088032.6837282,14.44123988934534,1.6782966549231726,0.17911286947829094,0.34714106176867776,0.020510872175331887,14.44123988934534,0.025257792314237318,3.0336602805311608,10.942300218528665,1.1055133854385226,0.2606854776400779,2.185396638025947,0.005955911289992243,0.18802598133844894,1.401775930639169,0.013032153658343064,33.951192230036156,0.1751384836839873,-0.14285714285714285,1.6643070718251534,0.17143723536770097,0.20785142084445019,-0.08528276556469207,-0.13948726131588746,-0.04091257205046556,1.8570869977346256,0.15899930149922464,-0.011895738808361433,Oil & Gas Equipment & Services,Energy,EFXT
2018Q3,2018,Q3,2018-09-30,2018-09-30,37602000.0,445803000.0,49618000.0,0.42,89385000.0,0.2005033613501928,2156179000.0,1198549000.0,915893000.0,473844000.0,956379000.0,155151000.0,95126000.0,1423056963.9881978,1582205963.9881978,13.511274751367198,1.932899857337014,0.1976969444559102,0.35565504622672917,0.022559501500793847,13.511274751367198,0.03137293510736733,3.19212065416383,9.461311658875843,1.187316466817959,0.22371150470719642,2.2972330181565055,0.005911218041774584,0.20675602535782048,1.5803217936704907,0.01743918292497979,295.60801079937636,0.2005033613501928,0.826086956521739,1.5104798742613996,0.0012017277914773189,0.1481171830815061,0.23589679774348765,0.8515855820366358,0.7537200014137773,0.050282226868457826,-0.06634091560808571,-0.07818429296356229,Oil & Gas Equipment & Services,Energy,EFXT
2018Q2,2018,Q2,2018-06-30,2018-06-30,20308000.0,404848000.0,28293000.0,0.23,72324000.0,0.17864482472434098,2138029000.0,1189822000.0,869578000.0,411928000.0,947216000.0,140140000.0,65959000.0,1267277941.6334856,1446496941.6334856,13.428201480286816,2.110995125361714,0.22687110418053263,0.40767190386461166,0.014642330615770954,13.428201480286816,0.017068099261906403,3.130256149551154,15.600723134152618,1.0650987640449459,0.41451644672050425,2.372798629941487,0.0066425838590305104,0.189355710329467,1.7534423491483948,0.009498467981491364,21.201866118474964,0.17864482472434098,0.9166666666666669,0.038335351197843696,0.14273628457939505,0.14362399138634785,0.12126755759511333,0.8922847558702944,0.45353198047778065,-0.3107607069296424,-0.07444238338669842,-0.03207538099585338,Oil & Gas Equipment & Services,Energy,EFXT
2018Q1,2018,Q1,2018-03-31,2018-03-31,10732000.0,385780000.0,19465000.0,0.12,64502000.0,0.16719892166519779,2079576000.0,1165841000.0,789803000.0,416653000.0,912704000.0,127984000.0,54069000.0,1356810323.094338,1592219323.094338,13.1660005335329,1.895589375331511,0.21391043174185506,0.38156403832083446,0.009160584285508254,13.1660005335329,0.009205371916067457,3.5170571908713204,31.606651208869224,1.1638039175962571,0.7837308982482296,2.5102981622702836,0.00619909788187482,0.1855089691360162,1.5681202343436864,0.005160667366809388,313.8585063831455,0.16719892166519779,-0.6,-0.3669400196855639,-0.04107421671824209,0.1278979876258629,-0.2330321046373365,-0.6024301696673334,-0.58055896739716,-0.5505373679800031,-0.27891515117213717,-0.035791245472477085,Oil & Gas Equipment & Services,Energy,EFXT
2017Q4,2017,Q4,2017-12-31,2017-12-31,26994000.0,450065000.0,46407000.0,0.3,84100000.0,0.18686189772588405,2130602000.0,1133147000.0,869481000.0,488305000.0,996130000.0,171455000.0,49011000.0,1361063655.9993455,1593789655.9993455,12.805119810426545,1.7806104791062962,0.2159061147976018,0.4059579207287316,0.0178907735601921,12.805119810426545,0.023822151936156562,3.024149080686891,12.605242424236362,1.2011360008889804,0.27880269689560644,2.134466769706337,0.00552949890831823,0.21123841993952883,1.408175218357379,0.01266965862230487,-50.89420244547529,0.18686189772588405,0.07142857142857129,-0.10227411262385852,-0.06397117992113874,0.12053160786521072,0.6263149752475248,0.07846584099081103,2.6363422661024916,-0.059271195881535226,-0.23748287760769013,-0.011670586247027236,Oil & Gas Equipment & Services,Energy,EFXT
2017Q3,2017,Q3,2017-09-30,2017-09-30,25030000.0,315019000.0,12762000.0,0.28,51712000.0,0.16415517794164797,2069539000.0,1112937000.0,816967000.0,439948000.0,954384000.0,188998000.0,31060000.0,1649470197.5678053,1852228197.5678053,12.569821518082627,1.8569626410393956,0.2237836542341072,0.41613226984097035,0.006922234680442579,12.569821518082627,0.022490042113794403,5.236097497509056,16.474932057209404,1.4820876631541637,0.3007191370355573,1.3931734727351612,0.004563283417365645,0.1522169913202892,1.4065253166283287,0.01209448094479012,19.372029520333133,0.16415517794164797,0.21739130434782614,0.12449906348719961,-0.253073488402114,0.13375914307331208,-0.3319639835161286,0.1811060777651944,-0.6104871200097668,-0.2548340675885553,-0.4181967427995591,0.011370540505135099,Oil & Gas Equipment & Services,Energy,EFXT
2017Q2,2017,Q2,2017-06-30,2017-06-30,21192000.0,433484000.0,32764000.0,0.23,77409000.0,0.17857406501739395,1962772000.0,1126574000.0,792625000.0,427870000.0,834147000.0,154403000.0,13556000.0,1668970183.6027155,1839377183.6027155,12.72549329820025,1.8524902423633347,0.17926381668375135,0.312322137737956,0.015901601716572827,12.72549329820025,0.018811014633747982,3.850130993537744,19.688681856392925,1.481456330079263,0.35466213665534163,2.30614042473268,0.004503375838491985,0.22085295694049029,1.4780166873115665,0.010796974890613887,26.08866527445509,0.17857406501739395,-0.1785714285714286,0.5804268814578453,0.07128370203987794,0.15214686881765074,0.05602848489809282,-0.13172450526488302,0.07985893675224943,0.6812839278672723,-0.14050580579450772,0.04537324962610055,Oil & Gas Equipment & Services,Energy,EFXT
2017Q1,2017,Q1,2017-03-31,2017-03-31,24407000.0,354787000.0,30341000.0,0.28,73302000.0,0.20660847212552882,1999683000.0,1137621000.0,788568000.0,418967000.0,860015000.0,170122000.0,-109000.0,1683315432.3696148,1910965432.3696148,12.875850233536855,1.8821721042468738,0.19243300063059995,0.33825412857181786,0.016083229374385773,12.875850233536855,0.021454421112127853,4.744580360525089,17.242137833097214,1.4796803437784771,0.307165976973819,1.654606694019586,0.004453710728147024,0.17742162132698033,1.459272448665408,0.012205434561377978,-2177.639627903771,0.20660847212552882,1.509090909090909,0.5134138596231225,-0.12529514244810175,0.1827727065952899,0.060012725590004624,1.5360641335383263,0.44604899437613194,4.340163506483635,-0.05495190542395258,0.049294661194318364,Oil & Gas Equipment & Services,Energy,EFXT
2016Q4,2016,Q4,2016-12-31,2016-12-31,-45530000.0,343385000.0,20982000.0,-0.55,69152000.0,0.20138328698108537,1881943000.0,1114990000.0,653820000.0,313551000.0,764316000.0,163943000.0,-17000000.0,1406145223.9586523,1632547223.9586523,13.594291614313443,2.0852110183032426,0.20933843373577202,0.35333321375079596,0.01622113962226645,13.594291614313443,-0.04083444694571252,4.094952382773424,-7.7209819018155725,1.261128103353978,-0.14783659125851087,1.672733816021422,0.004786845544338972,0.18246301827419853,1.5405691578084586,-0.024193081299486753,1043.9088522335949,0.20138328698108537,-3.291666666666667,-4.985385736867688,-0.15764027919361462,0.25531325617714146,0.0802299425143714,-3.541729470217161,-0.12234910277324633,-5.054783468105816,-0.06806759811209336,0.13701348135881175,Oil & Gas Equipment & Services,Energy,EFXT
2016Q3,2016,Q3,2016-09-30,2016-09-30,17913000.0,262449000.0,23907000.0,0.24,64016000.0,0.24391786594728881,1919351000.0,1156416000.0,616507000.0,294399000.0,760394000.0,190383000.0,36027000.0,1163210074.3901746,1412774074.3901746,14.200403229876567,2.0941205642682212,0.21461629477880806,0.35620745475676574,0.013028840012223732,14.200403229876567,0.015490100448281587,4.432137574881881,16.234160587145855,1.0058751127536931,0.37581644615642273,1.042283187049264,0.005787432681520853,0.13673840793059738,1.3812988495205487,0.009332842195096155,65.77010485073926,0.24391786594728881,0.14285714285714285,1.4553426584708389,-0.11860478013181809,0.33477027951263477,-0.0033938412678643707,0.10697070819428996,0.09549557805984511,0.3027472892378588,-0.3579489223537853,0.20667570269471727,Oil & Gas Equipment & Services,Energy,EFXT
2016Q2,2016,Q2,2016-06-30,2016-06-30,16182000.0,253068000.0,21823000.0,0.21,64234000.0,0.2538211073703511,1934722000.0,1023275000.0,625143000.0,316752000.0,909010000.0,194079000.0,24846000.0,845355207.4358379,1222339207.4358377,12.920637769069417,1.9736039551447189,0.27895480591009975,0.5274242017053089,0.012926995510572041,12.920637769069417,0.015813930761525496,3.340427108270654,13.060116293348132,0.8261270992019133,0.41601779755283647,0.9729749225830718,0.007963516331105059,0.13080328853447679,1.2930968075971108,0.008363992346187205,78.389763300801,0.2538211073703511,1.1779661016949152,0.6296890612202928,-0.03141827214837748,0.16907855750114154,0.38489069035401663,1.1734963010614345,17.799846035411854,-0.07432525388608993,-0.2008156229181881,0.10039690411353228,Oil & Gas Equipment & Services,Energy,EFXT
2016Q1,2016,Q1,2016-03-31,2016-03-31,-93270000.0,271702000.0,-1299000.0,-1.18,46382000.0,0.1707090856894686,1992809000.0,1013423000.0,666588000.0,433935000.0,977299000.0,199041000.0,15396000.0,809657686.622805,1189261686.622805,12.799288186786557,1.5361471188081164,0.2709035336552575,0.532708454416369,-0.0008201929363390259,12.799288186786557,-0.09203461930506807,2.979947466793785,-2.17019858106252,0.7989336008979518,-0.07211321968478611,1.1320280746177924,0.008307214408171783,0.13634121483794984,1.0223489693156809,-0.046803281197545774,20.49454985629537,0.1707090856894686,-1.8095238095238095,-10.205344405556124,-0.18822626296618764,0.16362146044112968,-0.37884854896814024,-1.7754798393096265,-1.103605040676344,-7.152996809301012,-0.24470146961482425,0.09648266777384622,Oil & Gas Equipment & Services,Energy,EFXT
2015Q4,2015,Q4,2015-12-31,2015-12-31,-33605000.0,358548000.0,12538000.0,-0.42,74671000.0,0.20825942412173545,2209264000.0,1154066000.0,722240000.0,469182000.0,1051224000.0,200099000.0,115397000.0,1049381794.7570881,1469940794.7570882,14.615097269117559,1.539359992497581,0.2619152803829692,0.5013924680217596,0.009558592864005325,14.615097269117559,-0.029118785234120058,2.9267540043650726,-7.80673854156441,0.9092909718829669,-0.19994048504686804,1.4186827520377414,0.006402817385978496,0.16229296272423757,1.0577728898380585,-0.015210948080446702,36.92925797990878,0.20825942412173545,-2.05,-1.3996397167857608,-0.785453578319648,-0.0766745032203664,-0.1366516360272864,-2.053943860749569,-0.6753075229832967,-2.252431770475858,-0.16432972375927207,0.2789164556458167,Oil & Gas Equipment & Services,Energy,EFXT
2015Q3,2015,Q3,2015-09-30,2015-09-30,31885000.0,425242000.0,38615000.0,0.4,86490000.0,0.20339006965445558,2221860000.0,1157959000.0,782319000.0,474099000.0,1060064000.0,231608000.0,155732000.0,1034143689.6911933,1490074689.6911933,14.657240756728743,1.650117380547101,0.26603161315294394,0.5104541697935765,0.019137467222933392,14.657240756728743,0.027535517233339003,2.4318945205111286,8.108387091823689,0.8930745300059789,0.21060059589148503,1.46260923629581,0.006493294952082696,0.19139009658574346,1.1079036235047954,0.014350589146030802,-28.412102030089383,0.20339006965445558,0.1764705882352941,7.821730050689542,0.52811507162384,2.7362825657725582,0.061279081181898495,0.21457412768550968,0.04421308815575987,0.6054070974418022,0.12999829198244034,0.3220379220390748,Oil & Gas Equipment & Services,Energy,EFXT
2015Q2,2015,Q2,2015-06-30,2015-06-30,26252000.0,389721000.0,36980000.0,0.34,81496000.0,0.20911369928743898,2113173000.0,1095231000.0,752310000.0,493699000.0,1014233000.0,269926000.0,130562000.0,1064721222.7865759,1476929222.7865758,13.873189313133164,1.5238232202212278,0.24717616588892627,0.4769094373698334,0.01769960808819634,13.873189313133164,0.023969372671153392,2.732008854505084,10.139429593807863,0.9721430664276083,0.25483772664939813,1.1418870357060824,0.006283334883182858,0.18442455965507792,0.9329328193899522,0.012423024522838404,-95.74831140167049,0.20911369928743898,0.17241379310344845,8.542908736814445,0.4940790142560923,2.535738759406817,-0.029994286802513807,0.2374846799283492,0.13116358742199927,1.1954347830202097,0.08004267599528571,0.25605752587221575,Oil & Gas Equipment & Services,Energy,EFXT
2015Q1,2015,Q1,2015-03-31,2015-03-31,21214000.0,475323000.0,32692000.0,0.29,84016000.0,0.17675559566862956,2136832000.0,1074246000.0,768353000.0,497552000.0,1058260000.0,263763000.0,111027000.0,1167408744.7162426,1563066744.7162426,13.654719967756819,1.5442667299096375,0.2375090788606685,0.4724402045713924,0.014563221688782354,13.654719967756819,0.01974780450660277,2.4560325183427745,13.757527396014925,1.0867238460429385,0.3148863957763741,1.4835553129134866,0.005722074663423633,0.2224428499760393,0.9890142135897353,0.009927780939259613,-20.508559716041717,0.17675559566862956,-0.09375000000000008,0.9129303917386453,1.1947925022023713,2.492792850501728,-0.09977713012172124,-0.16611635220125787,-0.11194415016434411,0.4772928872664053,0.31608338472553743,0.2543195052081726,Oil & Gas Equipment & Services,Energy,EFXT
2014Q4,2014,Q4,2014-12-31,2014-12-31,25440000.0,523287000.0,36813000.0,0.32,93328000.0,0.17834954814470835,2144988000.0,1016480000.0,898781000.0,565234000.0,1125006000.0,280393000.0,96503000.0,1288741097.378889,1635748097.378889,12.956327750888036,1.590104275397446,0.23546798397007349,0.49688729733983944,0.017632342886059908,12.956327750888036,0.02502754604124036,2.4627806488196518,12.664515500971786,1.2678469791622944,0.2316430817610063,1.5334155988202274,0.00457267950248929,0.243958008156689,1.076394909011135,0.011860206210943837,-99.69374931375332,0.17834954814470835,-0.15789473684210525,-0.30348199989117647,-0.053688483362114944,2.927072114729134,0.010480727587700304,-0.14380910712482753,-0.15865615358244772,1.3280231627282222,0.3420036461463819,0.19640290487375417,Oil & Gas Equipment & Services,Energy,EFXT
2014Q3,2014,Q3,2014-09-30,2014-09-30,29713000.0,478960000.0,43755000.0,0.38,92360000.0,0.19283447469517287,2008926000.0,973417000.0,792435000.0,525007000.0,1032195000.0,265030000.0,77740000.0,1511872121.2549865,1847856121.2549865,12.428502724436242,1.509379874935001,0.224045584556126,0.4623825143797571,0.021736823309221432,12.428502724436242,0.030524430947887697,3.156572827073214,12.720628355054915,1.553159767350464,0.19792683337259787,1.4587027883635815,0.0038898792545484953,0.23841594961685997,0.9793983699264962,0.014790490042938366,-29.97307986072811,0.19283447469517287,1.714285714285714,-0.18511084511547624,-0.13237866569673956,2.7670879754970175,0.07441573700312926,1.6653211338356655,0.5470423929568999,1.785325711298809,0.6724699145087267,0.16822007001300504,Oil & Gas Equipment & Services,Energy,EFXT
2014Q2,2014,Q2,2014-06-30,2014-06-30,11148000.0,446063000.0,28283000.0,0.14,85963000.0,0.19271493040220777,1963879000.0,953135000.0,734840000.0,523382000.0,1007742000.0,232646000.0,53919000.0,1536808666.136237,1822601666.136237,12.173157580559659,1.4040223011108521,0.2115135402944886,0.43581129640607047,0.00795640870791399,12.173157580559659,0.011696139581486359,3.445272677034941,34.46377525422131,1.612372503513392,0.5266415500538213,1.5478452240743448,0.0038202543552546186,0.22713364723590404,0.9175497055687815,0.005676520803980286,34.84668872468906,0.19271493040220777,1.8,-0.6941715129790429,-0.19173063318731717,2.6896926815966684,0.6757246729955749,1.7546330615270571,2.804034969737727,0.13560357953411908,0.7268415072457101,0.1014454362758409,Oil & Gas Equipment & Services,Energy,EFXT
2014Q1,2014,Q1,2014-03-31,2014-03-31,4047000.0,332420000.0,7435000.0,0.05,51299000.0,0.1543198363516034,1513083000.0,960005000.0,770093000.0,455882000.0,553078000.0,220856000.0,48652000.0,1307916479.945775,1176816479.945775,12.270957539116253,1.6892375658613412,0.05824465677031597,0.09180056353873157,0.0032375811264914304,12.270957539116253,0.0042156030437341474,3.9345300521802993,80.79543365120924,1.362405904079432,1.4465035829009143,1.2728701054080487,0.004475820963921719,0.21969713492253895,1.186456144353144,0.0026746715150457708,36.06950938875858,0.1543198363516034,-0.6428571428571429,-0.8888856084442093,-0.39715842524118306,2.7193359182802217,-0.1325983666153768,-0.6206411698537683,-0.47762242675472494,-0.5957582489002957,0.005169272006929287,0.11558934561832288,Oil & Gas Equipment & Services,Energy,EFXT
2013Q4,2013,Q4,2013-12-31,2013-12-31,10668000.0,350066000.0,14233000.0,0.14,59141000.0,0.16894242799929157,1416079000.0,931662000.0,689211000.0,384659000.0,484417000.0,166022000.0,50476000.0,1164201467.434929,1075163467.434929,11.956139339761654,1.7917454160698176,0.06562840067538604,0.09975184133301562,0.009803276238766421,11.956139339761654,0.011450504582133864,3.3256627819751956,27.282561572809545,1.2495963852072198,0.5118110236220472,1.7523280047222658,0.004689909910550064,0.2472079594429407,1.334852427734695,0.0075334780051112965,16.63239995763942,0.16894242799929157,-0.12499999999999993,-0.7059320172465586,-0.36262707674081845,2.6239142991559334,-0.03610078883890736,-0.18818963549197168,-0.2718948229997954,-0.8714389911517292,-0.787731561402319,-0.2446572135528117,Oil & Gas Equipment & Services,Energy,EFXT
2013Q3,2013,Q3,2013-09-30,2013-09-30,13141000.0,390657000.0,19548000.0,0.16,61356000.0,0.1570584937681905,1372998000.0,915891000.0,645374000.0,362745000.0,457107000.0,187281000.0,45663000.0,1108562882.9999256,1095229882.9999256,11.768201844260716,1.77913961598368,0.06457183477324803,0.09679863651897443,0.0130748931154931,11.768201844260716,0.014347777191827412,2.837688517036494,21.089774046874773,1.2103655162021743,0.4150369073890876,1.7583257244461532,0.004919883286404751,0.28452845524902437,1.2330948738094254,0.009571026323417806,33.04309764821382,0.1570584937681905,-0.2727272727272727,-0.6373172648713538,-0.2878474725035493,2.566950311204704,-0.04737062741627463,-0.23469803738862036,-0.25491690806525386,2.6906514875752676,0.4250260252396899,1.9998366071061942,Oil & Gas Equipment & Services,Energy,EFXT
2013Q2,2013,Q2,2013-06-30,2013-06-30,17171000.0,311037000.0,26236000.0,0.22,64407000.0,0.20707182746747171,1360655000.0,913408000.0,625045000.0,346506000.0,447247000.0,200639000.0,37982000.0,1062901002.1656001,1080597002.1656,11.74179763753347,1.8038504383762475,0.07039256828512738,0.10486004063901345,0.018748377034179767,11.74179763753347,0.018798828125,3.41728155224491,15.475234438378662,1.1636650896046454,0.3172791334226312,1.2292226336853753,0.005125594941485624,0.22859358176760458,1.205312462121868,0.01261965744439259,-18.376573343112035,0.20707182746747171,0.15789473684210525,-0.5258699098037662,-0.4327259373555051,2.558947177450774,0.05583515024343863,0.1534999328227865,0.19184118475446327,5.334511932016155,0.2101271571820311,1.992529552871963,Oil & Gas Equipment & Services,Energy,EFXT
2013Q1,2013,Q1,2013-03-31,2013-03-31,14886000.0,353262000.0,22013000.0,0.19,61001000.0,0.17267920127270978,1357509000.0,907636000.0,613800000.0,332567000.0,449873000.0,169405000.0,26264000.0,1019782522.7406528,978917522.7406528,11.673041957674117,1.8456431335640637,0.08160314222594472,0.12205002886619747,0.015498747220176409,11.673041957674117,0.016400847917006377,2.886759749819264,17.126537060671986,1.1235589187082187,0.3651753325272068,1.7252206251291284,0.005330548306898629,0.26022810898491283,1.2894724972712266,0.010965673155758084,-76.4454664723128,0.17267920127270978,-0.44117647058823534,-0.5887721702403936,-0.3554147714895225,2.5381072822044994,-0.21361075659718193,-0.43538782476768445,-0.3961430844351786,0.35815049991762843,0.6504213853160151,1.9858918813161677,Oil & Gas Equipment & Services,Energy,EFXT
2012Q4,2012,Q4,2012-12-31,2012-12-31,26365000.0,421590000.0,36454000.0,0.34,77571000.0,0.1839962997224792,1389264000.0,886679000.0,640830000.0,402228000.0,502585000.0,192704000.0,16826000.0,905716445.1007122,857197445.1007122,11.427718522659362,1.5932008711477073,0.0694389259348835,0.10879811070297142,0.02829106413210321,11.427718522659362,0.029734548805148198,2.148334744896018,8.588246208047718,1.0214705040952952,0.17667362032998293,1.785219818997011,0.005142889946623469,0.30346284075596863,1.0749500283421343,0.01897767450966843,18.740253364384692,0.1839962997224792,0.3600000000000001,-0.27011735485932453,-0.22910628489769264,2.463749575355815,0.1528892455858748,0.35115051504125455,0.2787287778869089,-0.27011735485932453,-0.22910628489769264,2.463749575355815,Oil & Gas Equipment & Services,Energy,EFXT
2012Q3,2012,Q3,2012-09-30,2012-09-30,19513000.0,369727000.0,28508000.0,0.25,67284000.0,0.18198292253473508,1413638000.0,860542000.0,658779000.0,415109000.0,553019000.0,240584000.0,-4099000.0,955196351.3007823,951074351.3007823,11.086853495187052,1.5870024499589264,0.08594703877513196,0.1411877630609546,0.02088623009311805,11.086853495187052,0.02267524420655819,2.5835179775909856,12.2379484356683,1.1099938774641824,0.2386101573310101,1.257120174242676,0.004874390478627226,0.26154291268344515,0.9764013789149356,0.013803392381925217,20.593229374370093,0.18198292253473508,0.6666666666666667,-0.46000165173244495,-0.32418395856059173,2.360433144187181,0.019717199884818817,0.6603982300884956,0.0029552490852800452,-0.46000165173244495,-0.32418395856059173,2.360433144187181,Oil & Gas Equipment & Services,Energy,EFXT
2012Q2,2012,Q2,2012-06-30,2012-06-30,11752000.0,354636000.0,28424000.0,0.15,65983000.0,0.18605838098782979,1448143000.0,856971000.0,675372000.0,424447000.0,591095000.0,241306000.0,-18954000.0,795388801.7494401,840453801.7494401,11.045027020955523,1.591180995507095,0.10219916127067562,0.17270012637533824,0.020361677670704195,11.045027020955523,0.013713416206616093,2.2428315279594853,16.92028594599728,0.9281396940496703,0.39601769911504425,1.1962114493630494,0.0058512264564998025,0.24489018004437407,0.9900317354110172,0.008115220665362468,-49.08292513109782,0.18605838098782979,-0.16666666666666666,-0.6746546607471036,-0.35152301224518173,2.3477555102333145,0.05882824911340405,-0.16911764705882354,0.3425912805252468,-0.6746546607471036,-0.35152301224518173,2.3477555102333145,Oil & Gas Equipment & Services,Energy,EFXT
2012Q1,2012,Q1,2012-03-31,2012-03-31,14144000.0,355731000.0,21171000.0,0.18,62317000.0,0.17518012205852174,1328165000.0,843552000.0,557078000.0,357645000.0,484530000.0,217295000.0,-26050000.0,862430544.048636,774463544.048636,10.88615772222295,1.5576283745054453,0.0,0.0,0.018490763905886727,10.88615772222295,0.01676719396077539,2.4243896203834807,15.243752546108526,1.0223798225226612,0.3279128959276018,1.3503025840447318,0.005377824373226796,0.2678364510433568,0.9054229752967328,0.010649279268765553,112.16420133289581,0.17518012205852174,0.28571428571428553,-0.6079267973803739,-0.3486782694318794,2.2996021133036564,-0.09189338851405505,0.3149869840089253,-0.20133544590312358,-0.6079267973803739,-0.3486782694318794,2.2996021133036564,Oil & Gas Equipment & Services,Energy,EFXT
2011Q4,2011,Q4,2011-12-31,2011-12-31,10756000.0,383802000.0,26508000.0,0.14,68623000.0,0.17879792184511806,1370560000.0,836262000.0,596257000.0,404554000.0,534298000.0,240419000.0,-35540000.0,1002984418.50336,1040747418.50336,10.829401782717339,1.473862574588312,0.08679882675694607,0.14225565672002316,0.019224339936780206,10.829401782717339,0.01286199779494943,2.6132860654800134,23.312207570271475,1.1993662494569406,0.4307363332093715,1.310957120693456,0.004619214331278746,0.2800329792201728,0.8366794049743669,0.007847886995096894,24.933115034761727,0.17879792184511806,1.2916666666666667,-0.7008113960118119,-0.2948517544231291,2.2823993478547457,0.2810207396068622,1.288356880512587,0.20737872921885675,-0.7008113960118119,-0.2948517544231291,2.2823993478547457,Oil & Gas Equipment & Services,Energy,EFXT
2011Q3,2011,Q3,2011-09-30,2011-09-30,-37301000.0,282335000.0,21955000.0,-0.48,53569000.0,0.18973559778277577,1332375000.0,821482000.0,547367000.0,366646000.0,510893000.0,246699000.0,-41658000.0,663991945.944932,611325945.944932,10.638836845439476,1.4929032363642314,0.0,0.0,0.01999304945829585,10.638836845439476,-0.04540695961688753,2.351787578390678,-4.450228854085225,0.808285447453422,0.0,0.9273081771713708,0.0,0.21190355568064545,0.7665759342799321,-0.027995872033023735,51.11955854530233,0.18973559778277577,-5.0,-2.037644818144081,-0.48123351769941014,2.2246389804406297,0.12306337659070421,-4.853011052577213,0.6290717518735623,-2.037644818144081,-0.48123351769941014,2.2246389804406297,Oil & Gas Equipment & Services,Energy,EFXT
2011Q2,2011,Q2,2011-06-30,2011-06-30,9681000.0,254738000.0,13477000.0,0.12,47699000.0,0.18724728937182517,1416511000.0,853378000.0,567261000.0,379470000.0,563053000.0,227716000.0,275000.0,901999673.249101,1031135673.249101,11.051984219680465,1.4948770653806625,0.1294666966934955,0.21490007944896633,0.009504061790066359,11.051984219680465,0.01134432807032757,3.540891713246948,23.29303980087545,1.0569755410253148,0.0,0.9091982996363892,0.0,0.17983481949663646,0.8505731678393549,0.006834398038560943,25.004842215759737,0.18724728937182517,-0.06225823845210095,-0.730690803963102,-0.5319377236293897,2.349864242092732,-0.15222877861510023,-0.02024086630907803,-0.020068348723914782,-0.730690803963102,-0.5319377236293897,2.349864242092732,Oil & Gas Equipment & Services,Energy,EFXT
2011Q1,2011,Q1,2011-03-31,2011-03-31,9881000.0,326405000.0,13753000.0,0.127967,56264000.0,0.17237481043488917,1343779000.0,849333000.0,484982000.0,493718000.0,494045000.0,178737000.0,0.0,1019309346.7435946,1197416346.7435946,10.999529161256907,0.982305688672481,0.15380505276537287,0.24334389456196803,0.009083476814300972,10.999529161256907,0.011633835021128344,3.122836190449272,25.78963026878845,1.2001292152119307,0.0,1.5113882408231087,0.0,0.24290080437333816,0.579695291644218,0.007353143634481563,94.10167529021369,0.17237481043488917,-0.8792764150943397,-0.7251288585270728,-0.40025865140586875,2.333965076744933,-0.847658037457321,-0.8781837907143033,-0.8976855950423676,-0.7251288585270728,-0.40025865140586875,2.333965076744933,Oil & Gas Equipment & Services,Energy,EFXT
2010Q4,2010,Q4,2010-12-31,2010-12-31,81114000.0,1612080000.0,134419000.0,1.06,369327000.0,0.22909967247283014,2269238000.0,1205692000.0,1143985000.0,624213000.0,1062601000.0,447271000.0,755447000.0,1042363494.437328,1288203494.4373279,15.828759543727498,1.832683715334349,0.18505286796713258,0.3482887835367573,0.05380268271715682,15.828759543727498,0.06727588803774098,0.646595388837606,3.212649772040979,0.864535465473212,0.5559952659220356,2.7785235349486106,0.04326609694283722,0.7104058719270522,1.0734893377741253,0.03574503864292771,9.989012989212638,0.22909967247283014,25.5,1.2873807959962724,2.002674007826544,3.797708224899171,6.689986882378662,22.05685048322911,10.724291321412997,1.2873807959962724,2.002674007826544,3.797708224899171,Oil & Gas Equipment & Services,Energy,EFXT
2010Q3,2010,Q3,,2010-09-30,3518000.0,270859000.0,11465000.0,0.04,48027000.0,0.17731365765952026,567309500.0,301659250.0,285996250.0,156053250.0,265650250.0,111817750.0,188861750.0,1073845544.8769689,1135305544.8769689,3.9229476086742485,1.832683715334349,0.18505286796713258,0.3480160147583739,0.016404585015231513,3.9229476086742485,0.011662165174779159,3.964592444323315,76.31079767459983,3.5597965084013463,0.0,1.9928141998922353,0.0,0.47744485153165955,1.0734893377741253,0.006201200579225273,27.27088261871064,0.17731365765952026,0.0,-0.9017293460654215,-0.500252967396391,0.18904819774353596,0.09563134481578647,0.3131765584173199,0.44961436338348715,-0.9017293460654215,-0.500252967396391,0.18904819774353596,Oil & Gas Equipment & Services,Energy,EFXT
2010Q2,2010,Q2,,2010-06-30,2679000.0,254022000.0,7909000.0,0.04,43835000.0,0.17256379368716096,567309500.0,301659250.0,285996250.0,156053250.0,265650250.0,111817750.0,188861750.0,1114865367.029215,1176325367.029215,3.9237031514909315,1.832683715334349,0.18505286796713258,0.3480160147583739,0.01271175365567187,3.9237031514909315,0.008880881325535352,4.3888535915362255,104.03745492993795,3.6957771625740468,0.0,1.8797283973251115,0.0,0.44776616644001205,1.0734893377741253,0.004722290037448694,-30.400997137576763,0.17256379368716096,-0.7150205541425324,-0.9251512831162468,-0.5312277232373822,0.18927720330621758,0.4844728910562498,-0.7537004688792865,4.416414686825054,-0.9251512831162468,-0.5312277232373822,0.18927720330621758,Oil & Gas Equipment & Services,Energy,EFXT
2010Q1,2010,Q1,,2010-03-31,10877000.0,212413000.0,-2315000.0,0.140361,29529000.0,0.13901691516055986,567309500.0,301659250.0,285996250.0,156053250.0,265650250.0,111817750.0,188861750.0,1067584629.3149542,1129044629.3149543,3.909398739692039,1.832683715334349,0.18505286796713258,0.3480160147583739,-0.005435261197948691,3.909398739692039,0.036057240081316916,5.0259853649021204,24.537662712948286,3.5390415819006185,0.0,1.6355542836445913,0.0,0.374421722181631,1.0734893377741253,0.01917295585566609,57.791621789365784,0.13901691516055986,-0.6981483870967742,-0.6972148301793156,-0.6094420284144251,0.1849415259620579,-0.7112897075646027,-0.6389856948454977,-1.0507809072562955,-0.6972148301793156,-0.6094420284144251,0.1849415259620579,Oil & Gas Equipment & Services,Energy,EFXT
2009Q4,2009,Q4,,2009-12-31,30129000.0,456148000.0,45588000.0,0.465,102279000.0,0.224223278409639,341166750.0,213515750.0,220539000.0,85723000.0,127651000.0,93277500.0,178104500.0,932220422.06695,920004922.06695,3.299233467675112,2.572693442833312,0.11584877482931734,0.1851092952159267,0.12069661142281611,3.299233467675112,0.1411090282566977,2.0436797312866655,7.735241976724667,4.36604991466414,0.31667994291214446,3.7937230307416043,0.010234972088301634,1.337023610888224,1.4669604423550273,0.0883116540518676,27.578038105107535,0.224223278409639,0.0,0.0,0.0,0.0,0.0,0.0,0.0,0.0,0.0,0.0,Oil & Gas Equipment & Services,Energy,EFXT
2009Q3,2009,Q3,,2009-09-30,30129000.0,456148000.0,45588000.0,0.465,102279000.0,0.224223278409639,341166750.0,213515750.0,220539000.0,85723000.0,127651000.0,93277500.0,178104500.0,960651284.3974274,948435784.3974274,3.299233467675112,2.572693442833312,0.11584877482931734,0.1851092952159267,0.12069661142281611,3.299233467675112,0.1411090282566977,2.1060078842775316,7.9711514188773895,4.499205723219142,0.31667994291214446,3.7937230307416043,0.00993206396011305,1.337023610888224,1.4669604423550273,0.0883116540518676,28.419113226560583,0.224223278409639,0.0,0.0,0.0,0.0,0.0,0.0,0.0,0.0,0.0,0.0,Oil & Gas Equipment & Services,Energy,EFXT
2009Q2,2009,Q2,,2009-06-30,30129000.0,456148000.0,45588000.0,0.465,102279000.0,0.224223278409639,341166750.0,213515750.0,220539000.0,85723000.0,127651000.0,93277500.0,178104500.0,1029588816.2744749,1017373316.2744749,3.299233467675112,2.572693442833312,0.11584877482931734,0.1851092952159267,0.12069661142281611,3.299233467675112,0.1411090282566977,2.2571376313706843,8.54317116627232,4.822074326013302,0.31667994291214446,3.7937230307416043,0.009267048990027518,1.337023610888224,1.4669604423550273,0.0883116540518676,30.458504164555656,0.224223278409639,0.0,0.0,0.0,0.0,0.0,0.0,0.0,0.0,0.0,0.0,Oil & Gas Equipment & Services,Energy,EFXT
2009Q1,2009,Q1,,2009-03-31,30129000.0,456148000.0,45588000.0,0.465,102279000.0,0.224223278409639,341166750.0,213515750.0,220539000.0,85723000.0,127651000.0,93277500.0,178104500.0,1118097483.9845,1105881983.9845,3.299233467675112,2.572693442833312,0.11584877482931734,0.1851092952159267,0.12069661142281611,3.299233467675112,0.1411090282566977,2.4511726106099334,9.277585415915729,5.2366042504335155,0.31667994291214446,3.7937230307416043,0.00853346880452534,1.337023610888224,1.4669604423550273,0.0883116540518676,33.076871401488035,0.224223278409639,0.0,0.0,0.0,0.0,0.0,0.0,0.0,0.0,0.0,0.0,Oil & Gas Equipment & Services,Energy,EFXT
