Year,Date,FillingDate,NetIncome,Revenue,OperatingIncome,EPSDiluted,GrossProfit,GrossProfitRatio,TotalAssets,CommonStockEquity,CurrentAssets,CurrentLiability,TotalLiability,Inventory,RetainedEarnings,EnterpriseValue,bookValuePerShare,currentRatio,debtToAssets,debtToEquity,roic,shareholdersEquityPerShare,roe,priceToSalesRatio,peRatio,pbRatio,payoutRatio,inventoryTurnover,dividendYield,assetTurnover,quickRatio,returnOnAssets,priceToFreeCashFlowsRatio,grossProfitMargin,epsdilutedGrowth,fiveYNetIncomeGrowthPerShare,fiveYRevenueGrowthPerShare,fiveYShareholdersEquityGrowthPerShare,grossProfitGrowth,netIncomeGrowth,operatingIncomeGrowth,threeYNetIncomeGrowthPerShare,threeYRevenueGrowthPerShare,threeYShareholdersEquityGrowthPerShare,Industry,Sector,Price,MarketCap,AvgVolume,Symbol
2023,2023-04-30,2023-06-16,-236161000.0,1068989000.0,-187875000.0,-2.47,772363000.0,0.722517257,1743482000.0,398897000.0,1274280000.0,716619000.0,1344585000.0,58286000.0,-1053327000.0,5354973992.24,4.166903269998016,1.7781833861507998,0.34083173786709586,1.4896928279731358,-0.20060386630968755,4.166903269998016,-0.5920350366134616,5.056092244391663,-22.88653500044461,13.549630586943497,0.0,5.089146621830285,0.0,0.6131345204596319,1.641216601848402,-0.13545364965052695,163.8943232530778,0.7225172569596132,-0.12272727272727273,-1.8527726834675518,3.2571776341740923,2.65486434577593,0.22562283791932464,-0.15851516816451475,-0.08173076923076923,-0.16283162442777585,1.0577500284753445,-0.2062051436471984,Software—Application,Technology,68.415,6662997876,1215519,ESTC
2022,2022-04-30,2022-06-21,-203848000.0,862374000.0,-173680000.0,-2.2,630180000.0,0.7307502313,1642931000.0,415433000.0,1163708000.0,593330000.0,1227498000.0,46316000.0,-817166000.0,6779811620.3,4.488879694776106,1.961316636610318,0.361683479099244,1.4303654259531622,-0.17255467338590857,4.488879694776106,-0.49068802911660847,8.171094699399564,-34.567617147580556,16.96191592940378,0.0,5.013256757923828,0.0,0.5248997066827518,1.8137916505148906,-0.12407581328735047,-4038.13158756447,0.7307502313381433,-0.4864864864864866,-1.6243499319246708,5.5432215772762925,3.1623238852851308,0.408428039827014,-0.5749184912774078,-0.34138618143622856,-0.18188416472730634,0.8829464855231894,-0.06312369197438385,Software—Application,Technology,68.415,6662997876,1215519,ESTC
2021,2021-04-30,2021-06-25,-129434000.0,608489000.0,-129478000.0,-1.48,447435000.0,0.7353214273,973172000.0,450831000.0,637214000.0,450015000.0,522341000.0,38983000.0,-613318000.0,10146282678.28,5.169659706812384,1.4159839116473896,0.0289537717895706,0.06250013863288018,-0.2714797365262593,5.169659706812384,-0.2871009313911421,17.28695124855174,-81.26859772764497,23.33229010045893,0.0,4.13139060616166,0.0,0.6252635710850702,1.2471339844227414,-0.13300218255354654,574.3022318344617,0.7353214273388673,0.30188679245283023,-0.7683770597416261,3.8995919854876906,3.490260248196315,0.4673367658151051,0.22575280845107493,0.24328336401624734,-0.7163383137852571,1.6600928976819747,3.0531039417678474,Software—Application,Technology,68.415,6662997876,1215519,ESTC
2020,2020-04-30,2020-06-26,-167174000.0,427620000.0,-171105000.0,-2.12,304930000.0,0.7130863851,803911000.0,413647000.0,480239000.0,321424000.0,390264000.0,21845000.0,-484251000.0,4792599810.4800005,5.249345264270696,1.4940981382846334,0.04411682387727,0.0857397732849507,-0.34899192931180895,5.249345264270696,-0.40414653073756124,11.819406974603622,-30.233258823022716,12.218666666215396,0.0,5.6163881895170515,0.0,0.5319245538374273,1.324639728209468,-0.20795088013474128,-141.86473209868922,0.7130863851082737,-0.13978494623655913,-1.5276812562452022,2.810590385936194,3.5286453232975457,0.5747018998879381,-0.6341065266903219,-0.6881585697935988,-1.5276812562452022,2.810590385936194,3.5286453232975457,Software—Application,Technology,68.415,6662997876,1215519,ESTC
2019,2019-04-30,2019-06-28,-102303000.0,271653000.0,-101356000.0,-1.86,193643000.0,0.7128321792875469,485738000.0,263012000.0,429641000.0,203580000.0,222726000.0,0.0,-317077000.0,4398217375.75,4.79132587335464,2.110428332842126,0.0,0.0,-0.4026364054908444,4.79132587335464,-0.3889670433288215,17.287228102579395,-45.90410228194677,17.85518294127264,0.0,0.0,0.0,0.559258283272052,1.863021907849494,-0.21061354063301616,-171.49165117404323,0.7128321792875469,-1.1627906976744187,-1.2204798154057521,2.474990727343063,3.3080142669442,0.6245899576324511,-0.9402393460655831,-1.1118473142476142,-1.2204798154057521,2.474990727343063,3.3080142669442,Software—Application,Technology,68.415,6662997876,1215519,ESTC
2018,2018-04-30,2018-04-30,-52727000.0,159935000.0,-47994000.0,-0.86,119195000.0,0.7452715165535999,183013000.0,-153529000.0,132228000.0,125112000.0,336542000.0,0.0,-214774000.0,4217187060.0,-2.5179727151860574,1.0568770381737962,0.0,0.0,0.3339901284591842,-2.5179727151860574,0.34343348813579194,26.68664182324069,-80.94767500521554,-27.800142383523635,0.0,0.0,0.0,0.8738996683295722,0.8326459492294904,-0.28810521656931476,-179.43112035986042,0.7452715165535999,-0.02465242240938679,-0.030319631938764642,0.8418875482721796,-0.2129245858113007,0.7443511092899374,-0.014605141625615764,-0.0174255914525566,-0.030319631938764642,0.8418875482721796,-0.2129245858113007,Software—Application,Technology,68.415,6662997876,1215519,ESTC
2017,2017-04-30,2017-04-30,-51968000.0,88177000.0,-47172000.0,-0.839309,68332000.0,0.7749413112262835,144347000.0,-128538000.0,120571000.0,63672000.0,272885000.0,0.0,-162047000.0,4274594030.0,-2.0759515839987994,1.8936267118984798,0.0,0.0,0.3993649121814634,-2.0759515839987994,0.40430067373072553,49.15379327942661,-83.40197871767242,-33.71947618603059,0.0,0.0,0.0,0.610868254968929,1.6448203291870838,-0.3600213374715096,-255.70702241887906,0.7749413112262835,0.0,0.0,0.0,0.0,0.0,0.0,0.0,0.0,0.0,0.0,Software—Application,Technology,68.415,6662997876,1215519,ESTC
TTM,,,,,,,,,,,,,,,,6613064876.0,4.113271289667085,1.7781833861507998,0.34083173786709586,1.4896928279731358,-0.20060386630968755,4.113271289667085,-0.6020717799806117,6.232990120571868,-28.094193418240103,16.632746828993447,0.0,5.089146621830285,0.0,0.6131345204596319,1.641216601848402,-0.13545364965052695,202.04372236036144,0.7225172569596132,,,,,,,,,,,Software—Application,Technology,68.415,6662997876,1215519,ESTC
