Quarters,Year,Quarter,FillingDate,Date,NetIncome,Revenue,OperatingIncome,EPSDiluted,GrossProfit,GrossProfitRatio,TotalAssets,CommonStockEquity,CurrentAssets,CurrentLiability,TotalLiability,Inventory,RetainedEarnings,MarketCap,EnterpriseValue,bookValuePerShare,currentRatio,debtToAssets,debtToEquity,roic,shareholdersEquityPerShare,roe,priceToSalesRatio,peRatio,pbRatio,payoutRatio,inventoryTurnover,dividendYield,assetTurnover,quickRatio,returnOnAssets,priceToFreeCashFlowsRatio,grossProfitMargin,epsdilutedGrowth,fiveYNetIncomeGrowthPerShare,fiveYRevenueGrowthPerShare,fiveYShareholdersEquityGrowthPerShare,grossProfitGrowth,netIncomeGrowth,operatingIncomeGrowth,threeYNetIncomeGrowthPerShare,threeYRevenueGrowthPerShare,threeYShareholdersEquityGrowthPerShare,Industry,Sector,Symbol
2023Q1,2023,Q1,2023-03-28,2023-03-31,7662000.0,602528000.0,194933000.0,0.0229,295639000.0,0.4906643343,6493769000.0,1184035000.0,1359745000.0,1200646000.0,5080138000.0,66183000.0,-3308615000.0,2908197360.0,6450594360.0,3.5665208773863957,1.132511164822937,0.6249045816073839,3.427251728200602,0.011170162812975627,3.5665208773863957,0.006471092493042858,4.826659275585533,94.89028191072826,2.456175163740937,0.0,4.636976262786516,0.0,0.09278556105090896,1.0140557666456225,0.0011799003013504177,33.56025387740029,0.49066433427160233,1.0279268292682928,1.2637698307619178,0.6463196382526578,0.0,0.5724976862440561,1.0280050001096515,8.172191765701461,1.2637698307619178,0.6463196382526578,0.0,Telecom Services,Communication Services,IHS
2022Q4,2022,Q4,2022-12-31,2022-12-31,-273594000.0,526167000.0,-27179000.0,-0.82,188006000.0,0.3573124122,6320865000.0,1131448000.0,1252935000.0,1266387000.0,4962217000.0,74216000.0,-3319083000.0,2045970001.3500001,5480823001.35,3.401029924880917,0.9893776546979715,0.6247453473535663,3.490156860942792,-0.004048352304710564,3.401029924880917,-0.2418087265168174,3.8884422651933703,-1.8695311313022216,1.8082757681749404,0.0,4.556443354532715,0.0,0.0832428789414107,0.9307731364898724,-0.04328426568199131,12.774458209863825,0.3573124122189343,-4.124999999999999,-6.344937798362766,0.3995564112794755,-0.07789745619375263,-0.1503590522286546,-4.213498990052974,-1.2068149478377987,-6.344937798362766,0.3995564112794755,-0.07789745619375263,Telecom Services,Communication Services,IHS
2022Q3,2022,Q3,2022-09-30,2022-09-30,-52478000.0,521317000.0,131417000.0,-0.16,221277000.0,0.4244576716,6237638000.0,1274796000.0,1287615000.0,1446421000.0,4742016000.0,70073000.0,-3064339000.0,1850819040.0,5085115040.0,3.8433588191312316,0.8902076228152108,0.6035560255340242,2.9532285950065735,0.01337536124093298,3.8433588191312316,-0.04116580221462885,3.550275628840034,-8.817118792636915,1.4518550732823134,0.0,4.281820387310376,0.0,0.08357602669472002,0.8072940036130559,-0.008413120479258334,16.506305650684933,0.42445767162781955,0.6981132075471698,-1.5986594977829343,0.3998648035354352,0.0,0.12307387782447164,0.7043442987768808,0.36218709510235814,-1.5986594977829343,0.3998648035354352,0.0,Telecom Services,Communication Services,IHS
2022Q2,2022,Q2,2022-06-30,2022-06-30,-177497000.0,467683000.0,96475000.0,-0.53,197028000.0,0.4212853578,6404372000.0,1364846000.0,1342322000.0,1357855000.0,4814031000.0,61639000.0,-3017807000.0,3462822720.0,6637349720.0,4.114848894141482,0.9885606342356142,0.5842610329318784,2.741573041940263,0.01905725538663182,4.114848894141482,-0.13004910444108714,7.404209090345383,-4.877297531789269,2.537152704407677,0.0,4.390970002757994,0.0,0.07302558314851167,0.9115531481638319,-0.02771497345875599,77.739375,0.4212853578171539,-11.515873015873016,-2.655731641059872,0.15087578168012825,0.03221620775775135,-0.006239124404206492,-11.492847008749113,-0.1335177517715846,-2.655731641059872,0.15087578168012825,0.03221620775775135,Telecom Services,Communication Services,IHS
2022Q1,2022,Q1,2022-03-31,2022-03-31,16916000.0,446132000.0,111341000.0,0.0504,198265000.0,0.4444088297,5761576000.0,1733975000.0,1178813000.0,944348000.0,3886277000.0,39626000.0,-2840331000.0,3640345080.0,6192020080.0,5.277643349129968,1.2482824128393346,0.5311539759260313,1.7648951109445061,0.010608107950635322,5.277643349129968,0.00975561931400395,8.159793693346364,53.800323362497046,2.0994218947793364,0.0,6.255160753040933,0.0,0.0774322858884444,1.1510311876553982,0.0029360022327224356,117.0528964630225,0.44440882967372886,1.2191304347826086,1.58843382021978,0.23173498414610505,0.0,0.09387586206896552,1.2340343110127283,1.8977954457489357,1.58843382021978,0.23173498414610505,0.0,Telecom Services,Communication Services,IHS
2021Q4,2021,Q4,2021-12-31,2021-12-31,-72280000.0,415614000.0,-124016000.0,-0.23,181250000.0,0.4361017675,5473651000.0,1583007000.0,1427768000.0,830559000.0,3747691000.0,42022000.0,-2860205000.0,4483370866.5,6552073866.5,4.9784859126375824,1.719044643426897,0.5453747416486728,1.8857724571022112,-0.014879453797906375,4.9784859126375824,-0.04565993706913488,10.787343223519901,-15.506955127628666,2.8321863810456933,0.0,5.577173861310742,0.0,0.07592994145954866,1.6193118128874648,-0.013205080119284186,143.3256886448643,0.43610176750542573,-1.5132491941211825,-2.4773820686439705,0.15663295717806514,0.3497895125128659,0.4208665522134161,-1.4075677836253415,-3.223146421913093,-2.4773820686439705,0.15663295717806514,0.3497895125128659,Telecom Services,Communication Services,IHS
2021Q3,2021,Q3,2021-09-30,2021-09-30,-30022000.0,400547000.0,55784000.0,-0.091515,127563000.0,0.3184719895542845,4570552000.0,1226693000.0,881452000.0,755279000.0,3330015000.0,38841000.0,-2788089000.0,5576915773.0,7598553773.0,3.73930355931879,1.1670548234493479,0.5520403224818359,2.056854486004241,0.14113827299300746,3.73930355931879,-0.0244739311302828,13.923249388960597,-46.44024193091733,4.546301130763768,0.0,7.028243351098067,0.0,0.0876364605413088,1.115628794127733,-0.006568572023685541,47.54079664643503,0.3184719895542845,-1.2831528465346536,-0.5031292244530114,0.08748252222900975,0.0,-0.3323825573605761,-1.28315429088817,-0.6173044468531756,-0.5031292244530114,0.08748252222900975,0.0,Telecom Services,Communication Services,IHS
2021Q2,2021,Q2,2021-06-30,2021-06-30,106027000.0,401919000.0,145766000.0,0.3232,191072000.0,0.47539927199261545,4683611000.0,1307761000.0,898858000.0,765700000.0,3361570000.0,36033000.0,-2758067000.0,5576915773.0,7637843773.0,3.986421510547708,1.173903617604806,0.5556763787598927,1.99009757899188,0.027402123413125184,3.986421510547708,0.0810752117550531,13.875720662621076,13.149753772623955,4.264476286569182,0.0,5.851497238642356,0.0,0.08581391580129093,1.0695141700404858,0.022637874921721722,56.935771691968434,0.47539927199261545,4.6937987153992085,-0.5645618728281204,-0.8593469510499806,-0.8807205866181486,0.10793995024846774,4.693805741360089,0.34729000295770485,0.0,0.0,0.0,Telecom Services,Communication Services,IHS
2021Q1,2021,Q1,2021-03-31,2021-03-31,-28704000.0,361650000.0,108192000.0,-0.087498,172457000.0,0.47686160652564635,,,,,,,,5576915773.0,,,0.0,0.0,0.0,0.0,,0.0,15.420754245817779,-48.572635982789855,0.0,0.0,0.0,0.0,0.0,0.0,0.0,55.12202515468401,0.47686160652564635,-1.5686674346176797,0.0,0.0,0.0,0.029176215029122505,-1.5686662968539504,-0.05844675740592474,0.0,0.0,0.0,Telecom Services,Communication Services,IHS
2020Q4,2020,Q4,2020-12-31,2020-12-31,50476000.0,370727000.0,114908000.0,0.15386497392597434,167568000.0,0.45199837076878674,4447643000.0,1209975000.0,989320000.0,683643000.0,3223452000.0,49222000.0,-2835390000.0,5576915773.0,7509455773.0,3.688342416714494,1.4471295690879598,0.5661326684718175,2.0809983677348707,0.01572227540919516,3.688342416714494,0.04171656439182628,15.043187501854465,27.621621032768047,4.609116529680366,0.0,4.127402381049125,0.0,0.08335358750691096,1.2809478046290241,0.011348932457033984,81.59708213966962,0.45199837076878674,3.52722392007579,0.0,0.0,0.0,-0.007945059499141555,3.5272117358433888,0.052685581318651115,0.0,0.0,0.0,Telecom Services,Communication Services,IHS
2020Q3,2020,Q3,2020-09-30,2020-09-30,-19973000.0,368325000.0,109157000.0,-0.060883,168910000.0,0.45858956084979297,,,,,,,,5576915773.0,,,0.0,0.0,0.0,0.0,,0.0,15.141290363130388,-69.80568483702999,0.0,0.0,0.0,0.0,0.0,0.0,0.0,40.05369138010285,0.45858956084979297,0.0,-1.0705177016869123,-0.8689630678699238,0.0,0.0,0.0,0.0,0.0,0.0,0.0,Telecom Services,Communication Services,IHS
2016Q2,2016,Q2,2016-06-28,2016-05-31,50102000.0,587969000.0,85210000.0,0.7370759408008944,375682000.0,0.6389486520547852,6616192000.0,2255942000.0,863359000.0,1450080000.0,4360250000.0,0.0,1750408000.0,1147517000.0,3763297000.0,33.42086783899498,0.595387151053735,0.4475867689450367,1.312675591837024,0.012573762347018307,33.42086783899498,0.02220890430693697,1.9516624175764368,5.725904155522733,0.5086642298427885,0.0,0.0,0.0,0.08886818883127938,0.49898350435838024,0.007572633925980382,7.727595356103868,0.6389486520547852,0.11409018633975891,0.24180909031267697,0.7356905653447593,0.6635389270904904,0.11263405113564005,0.11229020513275909,0.07166213904819399,0.1394063403753137,0.3715423231226101,0.3643031252058017,Telecom Services,Communication Services,IHS
2016Q1,2016,Q1,2016-03-21,2016-02-29,45044000.0,548446000.0,79512000.0,0.6615945009106398,337651000.0,0.6156504013157175,6562438000.0,2139157000.0,805778000.0,1595412000.0,4423281000.0,0.0,1700306000.0,1146276000.0,4083978000.0,31.725054873346384,0.5050595081395903,0.4568730401719605,1.4015806226471457,0.012357254407069876,31.725054873346384,0.02105689297232508,2.090043504738844,6.361979397922032,0.5358540770967255,0.0,0.0,0.0,0.0835735133802407,0.2941829445936222,0.00686391246667778,8.996609424544,0.6156504013157175,-0.4933384023166405,0.40246075390083136,0.7779819145931894,0.6525321339865583,0.1026815018500436,-0.5021497176077898,0.2277759762820216,0.7814342784141274,0.3989225079524515,0.3562816727180125,Telecom Services,Communication Services,IHS
2015Q4,2015,Q4,2016-01-15,2015-11-30,90477000.0,458722000.0,64761000.0,1.3057916841057022,306209000.0,0.6675263013328334,5601081000.0,2200877000.0,955342000.0,960133000.0,3400204000.0,0.0,1655262000.0,1163650000.0,3003272000.0,32.15306062819576,0.9950100663137295,0.3804983359462218,0.9683421654186036,0.012563994122418926,32.15306062819576,0.04110952134081096,2.53672158736664,3.2153199155586503,0.5287210507447714,0.0,0.0,0.0,0.08189883345732725,0.6743784454861983,0.016153488942580906,12.82329604936911,0.6675263013328334,0.524569758787243,1.0394987085453269,0.447262151327066,2.9611526342770516,-0.16137911013490938,0.5271926271014786,-0.3163406420555913,0.8747761742202628,0.064854353210642,0.33616108970346914,Telecom Services,Communication Services,IHS
2015Q3,2015,Q3,2015-09-29,2015-08-31,59244000.0,587945000.0,94727000.0,0.8564984820008674,365134000.0,0.621034280417386,5649599000.0,2190982000.0,790248000.0,962670000.0,3458617000.0,0.0,1564785000.0,1166523000.0,2988015000.0,31.929669625030968,0.8208918944186482,0.36906991097952263,0.9516723551357337,0.017071892149050426,31.929669625030968,0.027039930040502386,1.9840682376752927,4.922536459388293,0.532420165934727,0.0,0.0,0.0,0.10406844804383461,0.6173226546999491,0.010486407973380057,8.723167348403837,0.621034280417386,0.16422067566368487,-0.44769352737604784,-0.14142067275768605,3.049127175866429,0.007255092357601571,0.16274140367404616,0.14226627597101135,0.28863994562757606,0.4619686044090034,0.339258180485703,Telecom Services,Communication Services,IHS
2015Q2,2015,Q2,2015-06-24,2015-05-31,50952000.0,591407000.0,82929000.0,0.7356839643073725,362504000.0,0.6129518250544888,5692829000.0,2163154000.0,795669000.0,988580000.0,3529675000.0,0.0,1505541000.0,1168784000.0,3071997000.0,31.463142890388642,0.8048605069898238,0.37399542477035586,0.9842535482910602,0.014993922235958478,31.463142890388642,0.0235544949642975,1.9762769125154083,5.7347307269587064,0.540314744119004,0.0,0.0,0.0,0.10388631030371719,0.5979728499463878,0.00895020735736134,10.073987243578694,0.6129518250544888,0.29010895188243513,0.22801849070175803,1.058154635457847,0.9089247981207149,0.09413699953216727,0.28927125506072876,0.26752361446519735,0.10174477076777708,0.4596565905575786,0.39705006889061545,Telecom Services,Communication Services,IHS
2015Q1,2015,Q1,2015-03-24,2015-02-28,39520000.0,546261000.0,65426000.0,0.5702494841493153,331315000.0,0.6065141022331816,5565700000.0,2142751000.0,849910000.0,1053122000.0,3422949000.0,0.0,1454589000.0,1167917000.0,2931282000.0,31.189516892039418,0.8070385007624947,0.35450778877769196,0.9208181445254255,0.012928393871344037,31.189516892039418,0.018443580238674488,2.138020103942987,7.388138917004048,0.5450549317209512,0.0,0.0,0.0,0.0981477621862479,0.6161669778050406,0.007100634241874337,7.826498063340169,0.6065141022331816,-0.3443620156292513,0.362658103235338,1.0986415941617802,0.948419108120672,-0.08055913238461027,-0.3426261685352141,-0.2513074027029192,0.6054213037406355,0.51987995872308,0.4302331126313428,Telecom Services,Communication Services,IHS
2014Q4,2014,Q4,2015-01-16,2014-11-30,60118000.0,582317000.0,87387000.0,0.8697627314814815,360344000.0,0.6188107164997759,5348430000.0,2159546000.0,770587000.0,955057000.0,3188884000.0,0.0,1415069000.0,1158771000.0,2847970000.0,31.682085588955886,0.80684922470596,0.3444665069936411,0.8531214431181369,0.01664697390523835,31.682085588955886,0.02783825859694584,1.9899316008291017,4.818735653215343,0.5365808368981257,0.0,0.0,0.0,0.10887624966578978,0.6015661892431551,0.011240307903440824,21.257952669235003,0.6188107164997759,0.2865914300845012,0.34985985923290996,1.0949850627136446,0.9707578805218359,0.06989545817584761,0.2923877292172754,0.18445878175065739,1.1706891625871192,0.5173372256543395,0.48575733878298016,Telecom Services,Communication Services,IHS
2014Q3,2014,Q3,2014-09-22,2014-08-31,46517000.0,556011000.0,73778000.0,0.6760209271908153,336803000.0,0.6057488071279166,5352792000.0,2111170000.0,811747000.0,1137315000.0,3241622000.0,0.0,1354951000.0,1157700000.0,2796163000.0,31.00102790014684,0.7137398170251865,0.35500650875281536,0.9001056286324645,0.012375380676622163,31.00102790014684,0.02203375379528887,2.0821530509288486,6.221918868370703,0.5483689139197696,0.0,0.0,0.0,0.10387308156192133,0.5516536755428355,0.00869023119149782,8.562996494030976,0.6057488071279166,-0.16270960992891345,0.23990035958015457,1.14775489254245,1.0093551199936732,-0.01824737730387713,-0.1617350248684495,-0.14975856545238728,0.11907932571554378,0.5580721201704661,0.4853852454429597,Telecom Services,Communication Services,IHS
2014Q2,2014,Q2,2014-06-23,2014-05-31,55492000.0,568008000.0,86773000.0,0.8073912410883166,343063000.0,0.6039756482303066,5248466000.0,2027325000.0,820875000.0,1073127000.0,3221141000.0,0.0,1308434000.0,1156255000.0,2791763000.0,29.80702786150114,0.7649374211999139,0.353723545127281,0.9157416793064753,0.014348806769037985,29.80702786150114,0.027372029644975523,2.0356315404008396,5.20910671808549,0.5703352940451086,0.0,0.0,0.0,0.10822362191162141,0.5943089680904496,0.010572994090082702,5.939045750358267,0.6039756482303066,0.7106324879427467,0.606429046208825,1.2332288305452628,1.034886256783579,0.10120918169182719,0.7115538831657516,0.5591511841017717,0.36500943739555153,0.6640939078092349,0.48365839532816485,Telecom Services,Communication Services,IHS
2014Q1,2014,Q1,2014-03-24,2014-02-28,32422000.0,524458000.0,55654000.0,0.4719840449536343,311533000.0,0.5940094345019048,5359920000.0,1940815000.0,911573000.0,1178175000.0,3419105000.0,0.0,1252942000.0,1152753000.0,2977722000.0,28.621790617764603,0.7737161287584612,0.3787414737533396,1.045964710701432,0.01117600357774126,28.621790617764603,0.016705353163490595,2.197989162144538,8.888663561779039,0.5939530558038763,0.0,0.0,0.0,0.09784810221048075,0.6188087508222463,0.006048970880162391,8.96825816690914,0.5940094345019048,-0.22000617594307764,0.10810888505447347,1.0637637825222321,1.1761200913292829,-0.08980071230523361,-0.20553785836804706,-0.08454781721880449,0.0037984181421187274,0.6906632735681636,0.49088563965979093,Telecom Services,Communication Services,IHS
2013Q4,2013,Q4,2014-01-13,2013-11-30,40810000.0,559675000.0,60794000.0,0.6051125411464666,342269000.0,0.6115495600125073,5359613000.0,1906963000.0,880840000.0,1246435000.0,3452650000.0,0.0,1220520000.0,1129378000.0,3045603000.0,28.704624138242465,0.7066874726720607,0.4057367574860349,1.1403430480822123,0.013380148450977796,28.704624138242465,0.021400520093992386,2.0179175414302946,6.918512619456015,0.5922390733328334,0.0,0.0,0.0,0.10442451721794092,0.5757460276709174,0.007614355737998247,8.930501411480037,0.6115495600125073,0.7313388232109095,0.14558057168797964,1.2670964862630438,1.2239360442063805,0.21368112365208203,0.7468538652512627,0.5419773753360726,-0.05216031594699219,0.819351418714486,2.536316459448425,Telecom Services,Communication Services,IHS
2013Q3,2013,Q3,2013-09-24,2013-08-31,23362000.0,480288000.0,39426000.0,0.34950555779962,282009000.0,0.5871664501299221,5322368000.0,1802373000.0,828214000.0,1178209000.0,3519995000.0,0.0,1179710000.0,1123904000.0,3160281000.0,27.262418320425944,0.7029431959864506,0.4335235744691085,1.2801856219550558,0.009545881263418324,27.262418320425944,0.012961800914683031,2.3400626290892133,12.0270524783837,0.6235690392610187,0.0,0.0,0.0,0.09023953247877636,0.5657561604095708,0.0043893996055890915,18.660822208939365,0.5871664501299221,-0.4574148272201003,-0.18854648356978465,0.690794275520435,0.5388766427878534,0.14768902689657698,-0.4553042667288412,-0.3598012470771629,-0.7739472116602159,-0.27203658930739133,2.457254653663471,Telecom Services,Communication Services,IHS
2013Q2,2013,Q2,2013-06-24,2013-05-31,42890000.0,418143000.0,61584000.0,0.6441487444431094,245719000.0,0.5876434616865522,3572941000.0,1612860000.0,757150000.0,946042000.0,1960081000.0,0.0,1156348000.0,1119280000.0,1861168000.0,24.496658566221143,0.8003344460393936,0.28240572682280507,0.6256085463090411,0.015321904144505015,24.496658566221143,0.026592512679339805,2.6767876061538756,6.524131499183959,0.6939721984549185,0.0,0.0,0.0,0.11703047993235824,0.6524224083074536,0.012004116496745957,10.518461437257427,0.5876434616865522,0.7415331929431254,0.3541394437294705,0.4819360418379237,0.32560875064900774,0.10460328163632276,0.7384783754205342,0.6918681318681319,0.07943185583884796,0.5195391218529458,0.486255812747833,Telecom Services,Communication Services,IHS
2013Q1,2013,Q1,2013-03-25,2013-02-28,24671000.0,382525000.0,36400000.0,0.3698745146249681,222450000.0,0.5815306189137965,3567949000.0,1538907000.0,876072000.0,978457000.0,2029042000.0,0.0,1113458000.0,1118430000.0,1851967000.0,23.39119927040584,0.8953607567833844,0.2949128476892467,0.6837541189948451,0.011317100551181678,23.39119927040584,0.016031508076836353,2.9238089013789947,11.333448178022781,0.7267690640175136,0.0,0.0,0.0,0.10721145397537914,0.7477804338872327,0.0069146167728294326,9.957620705312547,0.5815306189137965,-0.4682555852327176,-0.15623667763212606,0.41049002146224156,0.30709330745859226,-0.1291872022423087,-0.46852649719948297,-0.3438604081044055,-0.1116995282506964,0.5346207876898557,0.46125570902797486,Telecom Services,Communication Services,IHS
2012Q4,2012,Q4,2013-01-18,2012-11-30,46420000.0,414358000.0,55476000.0,0.6955870233011163,255451000.0,0.6164982937459877,3549211000.0,1584358000.0,863883000.0,876937000.0,1964853000.0,0.0,1088787000.0,1119280000.0,1835296000.0,24.06376063183475,0.9851140959954934,0.29894644189934044,0.6696870278055843,0.019439484112401043,24.06376063183475,0.029298933700590397,2.701239025190777,6.028005170185265,0.7064564953122968,0.0,0.0,0.0,0.11674651070336478,0.8177611390555992,0.013078963183648422,21.085072714942356,0.6164982937459877,0.0509388622544565,17.44714879555529,4.748148686166009,0.5654282586726422,0.10173248858161932,0.05303752098362143,-0.013935300391041593,0.07906639873202931,0.5433202840183272,0.4968662895321199,Telecom Services,Communication Services,IHS
2012Q3,2012,Q3,2012-09-24,2012-08-31,44082000.0,385609000.0,56260000.0,0.6618720158553797,231863000.0,0.6012904263126638,3448172000.0,1568639000.0,734092000.0,854570000.0,1879533000.0,0.0,1042367000.0,1118515000.0,1827793000.0,23.841310129949083,0.859019155832758,0.2922449924191717,0.6424110327487714,0.0187035666000728,23.841310129949083,0.028102068098523624,2.900645472486379,6.34337711537589,0.7130480626836385,0.0,0.0,0.0,0.11182997831894696,0.6880431094000492,0.012784165059051578,22.344826897337036,0.6012904263126638,-0.0021220824067191197,0.385980207619764,0.4369031127609675,0.3380286111774281,0.044955112489183734,-0.0024665655902785634,-0.06994428923310905,0.21615967360222763,0.5417100933473777,0.5452925861449679,Telecom Services,Communication Services,IHS
2012Q2,2012,Q2,2012-06-25,2012-05-31,44191000.0,387159000.0,60491000.0,0.6632795497185741,221888000.0,0.5731185378617054,3198619000.0,1479548000.0,707938000.0,882468000.0,1719071000.0,0.0,998285000.0,1116832000.0,1692678000.0,22.521127618119824,0.802225123177271,0.2638829444832285,0.5704857159078313,0.02059789377368452,22.521127618119824,0.02986790560360326,2.884685620119899,6.318209590188047,0.7548467504940698,0.0,0.0,0.0,0.12103942357623712,0.6314903203288957,0.01381564981637388,9.052483120293743,0.5731185378617054,0.8775543922619368,0.5831122740580411,0.6638274464387409,0.6308832256857481,0.13119860517045367,0.8824707135250266,0.7253565316600115,0.32443538272762484,0.5759190577590453,0.5374875110098664,Telecom Services,Communication Services,IHS
2012Q1,2012,Q1,2012-03-26,2012-02-29,23475000.0,342743000.0,35060000.0,0.3532678214022362,196153000.0,0.5723034460222383,3193277000.0,1428705000.0,807176000.0,879579000.0,1764572000.0,0.0,954094000.0,1113755000.0,1685925000.0,21.80729603907502,0.9176844831447772,0.272057826489841,0.6080723452357205,0.011808165129292078,21.80729603907502,0.01643096370489359,3.249533907329982,11.861075612353567,0.77955561155032,0.0,0.0,0.0,0.10733268676660371,0.7399505899981695,0.007351382294739855,57.33026200648582,0.5723034460222383,-0.1201308261789139,-0.14512934511183553,0.5028779848746772,0.6460376708665329,-0.11984546490653408,-0.11028993746446845,0.12342988977185337,-0.1695856774735744,0.3959326342089006,0.65801279458535,Telecom Services,Communication Services,IHS
2011Q4,2011,Q4,2012-01-23,2011-11-30,26385000.0,365618000.0,31208000.0,0.4015003956418528,222862000.0,0.6095487640105246,3073037000.0,1384729000.0,698078000.0,816857000.0,1688308000.0,0.0,930619000.0,1103946000.0,1672735000.0,21.323862761403184,0.8545902159129444,0.2614592665171295,0.5802391659306623,0.013919249287532269,21.323862761403184,0.019054269824637166,3.019397294443928,10.459977259806708,0.7972289162717037,0.0,0.0,0.0,0.11897611385739905,0.6864041074508758,0.008585968864026043,13.826805776480755,0.6095487640105246,-0.3352101829586366,10.478366492762886,4.142457927693909,0.3871887217244416,0.14096289318479685,-0.33357749040210144,-0.37569016563975355,-0.24228194335736208,0.5151413747913914,0.6520999114429918,Telecom Services,Communication Services,IHS
2011Q3,2011,Q3,2011-09-28,2011-08-31,39592000.0,339901000.0,49988000.0,0.603950880939669,195328000.0,0.5746614455385539,2980082000.0,1353757000.0,570855000.0,904221000.0,1626325000.0,0.0,969527000.0,1102688000.0,1710697000.0,20.870698692649235,0.6313224311313274,0.2721002307990183,0.5989856377473949,0.019406171830410823,20.870698692649235,0.029246016825767107,3.244144618580116,6.962820771873105,0.8145390937960062,0.0,0.0,0.0,0.11405759975732212,0.49958583133990475,0.013285540464993917,27.97351530987595,0.5746614455385539,0.021500827575583366,0.2626772136508705,0.2847597744443018,0.1713111332312366,0.07241761741097409,0.022467847735137648,-0.019266235040219737,0.40164372251244435,0.21960176342416995,0.17808443694510434,Telecom Services,Communication Services,IHS
2011Q2,2011,Q2,2011-06-28,2011-05-31,38722000.0,325117000.0,50970000.0,0.591238758340586,182138000.0,0.5602229351279693,2378843000.0,1301525000.0,508827000.0,656512000.0,1077318000.0,0.0,929935000.0,1101328000.0,1248887000.0,20.090222894541863,0.7750460006823943,0.123872403517172,0.22640594687001786,0.025172118323653302,20.090222894541863,0.029751253337431092,3.3874820449253655,7.110479830587263,0.846182747161983,0.0,0.0,0.0,0.1366702216161386,0.596109438974459,0.016277661031013815,10.575659221417734,0.5602229351279693,0.2591445297841332,0.40671732296747276,0.41686923958541444,0.45484755801634547,0.09183661235598077,0.2606459174371663,0.26470150364746164,0.24247364588800527,0.1710255515145866,0.08715950787740238,Telecom Services,Communication Services,IHS
2011Q1,2011,Q1,2011-03-23,2011-02-28,30716000.0,295002000.0,40302000.0,0.46955591225254145,166818000.0,0.565480911993817,2282339000.0,1237973000.0,655218000.0,634608000.0,1044366000.0,0.0,891213000.0,1096245000.0,1142986000.0,19.197844459951927,1.032476741547538,0.13075095329834877,0.24105372249637108,0.020748134480783234,19.197844459951927,0.02481152658418237,3.7160595521386295,8.92242642271129,0.8855160815300495,0.0,0.0,0.0,0.12925424312514486,0.8506542621586869,0.013458123442661235,17.875405612536078,0.565480911993817,-0.26693549426915386,0.13642690855942605,0.31420202015315607,0.4490735175922162,-0.03149620013585458,-0.25905198407912194,-0.7841846816212656,0.07176539603974245,0.10977857652581113,0.07276987901094499,Telecom Services,Communication Services,IHS
2010Q4,2010,Q4,2011-01-18,2010-11-30,41455000.0,296186000.0,186743000.0,0.6405383272300252,172243000.0,0.5815366020000945,552734000.0,519202000.0,552734000.0,578268000.0,33532000.0,0.0,860497000.0,1087388000.0,924761000.0,8.117097117128385,0.955844003126578,0.06894455560902712,0.07339725193662582,0.1633351339987783,8.117097117128385,0.07984368319074271,3.6713011418500536,6.557640815341937,2.0943447829553814,0.0,0.0,0.0,0.5358563070120528,0.7907873166075245,0.07499990954057467,30.018440812720847,0.5815366020000945,-0.5857988990331299,16.118775298345458,3.229324414898375,-0.47195563486727626,-0.6088915228759506,-0.58486881634288,3.1404594031306816,16.118775298345458,3.229324414898375,-0.47195563486727626,Telecom Services,Communication Services,IHS
2010Q3,2010,Q3,2010-09-24,2010-08-31,99860000.0,637505000.0,45102000.0,1.5464428407718276,440397000.0,0.6908134053850558,533278000.0,503738000.0,533278000.0,618404000.0,29540000.0,0.0,819042000.0,1085977000.0,1116602000.0,7.885568478890437,0.862345651063059,0.5396359872336755,0.5712811024778754,0.05678461701743412,7.885568478890437,0.19823797291449127,1.7034799727060965,2.7187487482475463,2.155836962865617,0.0,0.0,0.0,1.1954459025123856,0.7221913182967769,0.18725692790627027,6.832020584571637,0.6908134053850558,1.592194769585252,2.233765215357307,1.4467246901709165,-0.5574439415181245,1.868251032290839,1.5952492333281356,-0.08572702762968519,2.233765215357307,1.4467246901709165,-0.5574439415181245,Telecom Services,Communication Services,IHS
2010Q2,2010,Q2,2010-06-23,2010-05-31,38478000.0,266480000.0,49331000.0,0.5965766380352879,153542000.0,0.5761858300810567,1772765000.0,1050884000.0,473273000.0,607518000.0,1776665000.0,0.0,784483000.0,1083903000.0,1128689000.0,16.482128013300084,0.7790271234761769,0.13967333515722613,0.2356187742890747,0.046227916167501215,16.482128013300084,0.03661488803711922,4.067483488441909,7.042355371900826,1.0314202138390154,0.0,0.0,0.0,0.15031885218853033,0.6274908726984221,0.021705076532986606,9.460039973118514,0.5761858300810567,0.4329805097109036,0.42032524973219754,0.17999719549966503,0.1935648408150348,0.13290882394173942,0.4345151549043731,0.34277859437095104,0.42032524973219754,0.17999719549966503,0.1935648408150348,Telecom Services,Communication Services,IHS
2010Q1,2010,Q1,2010-03-25,2010-02-28,26823000.0,240735000.0,36738000.0,0.4163187384562852,135529000.0,0.5629800402932685,1720982000.0,1017107000.0,476027000.0,596720000.0,1725323000.0,0.0,746005000.0,1080163000.0,1148759000.0,16.00760163049466,0.7977393082182598,0.1266939456659047,0.21437075941862557,0.03751314597510269,16.00760163049466,0.026371856648317236,4.486937919288844,10.067507363083921,1.0619954439405095,0.0,0.0,0.0,0.13988234624185494,0.6468310095187022,0.015585868998048789,22.39143864013267,0.5629800402932685,-0.3538818870143723,0.0071694125192772054,0.08841554268797458,0.2082706290961311,-0.09460822627946903,-0.3489405082647637,-0.3170740775164978,0.0071694125192772054,0.08841554268797458,0.2082706290961311,Telecom Services,Communication Services,IHS
2009Q4,2009,Q4,2010-01-15,2009-11-30,41199000.0,257128000.0,53795000.0,0.6443384422896465,149691000.0,0.5821653028841667,1673569000.0,1013678000.0,413234000.0,549177000.0,1675588000.0,0.0,719182000.0,1071935000.0,1132888000.0,16.07609230037269,0.7524604999845222,0.11063421944359629,0.1826556362079477,0.05522959658192697,16.07609230037269,0.040643083898437175,4.168876979558819,6.504617830529868,1.0574709128539832,0.0,0.0,0.0,0.15364051317872165,0.5967128994841372,0.02461744929548767,20.563516728054022,0.5821653028841667,0.18517354752619614,16.242017372500637,2.724533880420215,0.04580366971986053,3.372507686943291,0.18708580648879156,0.16399082568807338,16.242017372500637,2.724533880420215,0.04580366971986053,Telecom Services,Communication Services,IHS
2009Q3,2009,Q3,2009-09-24,2009-08-31,34706000.0,239485000.0,46216000.0,0.5436658990867366,-63094000.0,-0.2634570014823475,1557591000.0,971955000.0,365545000.0,498397000.0,1572206000.0,0.0,677983000.0,1070966000.0,1107043000.0,15.428346931648624,0.7334414131706251,0.0992224531343594,0.15900736145191907,0.05111165185430472,15.428346931648624,0.03570741443791122,4.471954402154624,7.714559442171383,1.101867884830059,0.0,0.0,0.0,0.15375345645936578,0.5731595495157474,0.02228184420685533,22.463419749979025,-0.2634570014823475,0.08460955545413044,0.13963670865235414,-0.06798099139303951,-0.13412603983598986,-1.4766379850875935,0.08612380296676472,0.09363685842069146,0.13963670865235414,-0.06798099139303951,-0.13412603983598986,Telecom Services,Communication Services,IHS
2009Q2,2009,Q2,2009-06-24,2009-05-31,31954000.0,235276000.0,42259000.0,0.5012549413314927,132373000.0,0.5626285724000748,1573772000.0,921594000.0,445766000.0,462507000.0,1587878000.0,0.0,643277000.0,1069572000.0,911497000.0,14.648006866297921,0.9638037910777567,0.009069928807984892,0.015488382085820871,0.05473128692755994,14.648006866297921,0.034672534760425956,4.546031044390418,8.368060336734056,1.1605674516110132,0.0,0.0,0.0,0.14949814839760778,0.7778433623707317,0.02030408470858549,14.442551008007346,0.5626285724000748,0.1778492458110036,0.19531106968592224,0.055782299380718985,0.06074567370926911,-0.0010188064116883509,0.17894037780401417,0.12552602141373248,0.19531106968592224,0.055782299380718985,0.06074567370926911,Telecom Services,Communication Services,IHS
2009Q1,2009,Q1,2009-03-25,2009-02-28,27104000.0,235411000.0,37546000.0,0.4255679944731429,132508000.0,0.5628793896631848,1473093000.0,826185000.0,384963000.0,468976000.0,1486109000.0,0.0,611323000.0,1067855000.0,1000407000.0,13.152670540476,0.8208586366892975,0.008452962576022016,0.015071684913185304,0.055624501406612945,13.152670540476,0.03280621168382384,4.536130427210283,9.849607069067297,1.2925131780412378,0.0,0.0,0.0,0.15980728983166712,0.6444018457234485,0.01839938143756029,32.267329425273466,0.5628793896631848,-0.19493737295535873,0.029450759335814106,0.07661211439933444,-0.007222576181513716,0.007083358667234146,-0.18557692307692308,-0.17790282673906854,0.029450759335814106,0.07661211439933444,-0.007222576181513716,Telecom Services,Communication Services,IHS
2008Q4,2008,Q4,2009-01-23,2008-11-30,33280000.0,230626000.0,45671000.0,0.5286147688104579,131576000.0,0.5705167674069705,1424513000.0,801055000.0,317817000.0,545926000.0,1436180000.0,0.0,584219000.0,1055071000.0,1216071000.0,12.907126629392714,0.5821613185669853,0.13481098452593973,0.23973385098401484,0.059167679713485466,12.907126629392714,0.04154521225134354,4.57481376774518,7.925713641826923,1.317101821972274,0.0,0.0,0.0,0.1618981364157435,0.43752266790737204,0.023362370157380102,23.22972764701997,0.5705167674069705,0.213866925715206,13.509094127650123,2.3940449473910874,-0.16034816531596394,0.13336721421618875,0.5829528158295282,0.8957702046407372,13.509094127650123,2.3940449473910874,-0.16034816531596394,Telecom Services,Communication Services,IHS
2008Q3,2008,Q3,2008-09-30,2008-08-31,21024000.0,207434000.0,24091000.0,0.43548,116093000.0,0.559662350434355,1175168000.0,855283000.0,309158000.0,383235000.0,1335723000.0,0.0,550939000.0,820726000.0,767715000.0,17.715791872074238,0.8067060680783331,0.02933027447990415,0.040300111191266516,0.03214694149675704,17.715791872074238,0.02458133740527989,3.9565644976233405,9.75939402587519,0.9595958296844436,0.0,0.0,0.0,0.17651433667356498,0.6118204234999413,0.01789020803834005,20.353793120551547,0.559662350434355,-0.0947490957468923,-0.0991453866839118,0.05342564513615765,-0.005749421265110374,0.01824353363212967,-0.09605297102072405,-0.26587640175524135,-0.0991453866839118,0.05342564513615765,-0.005749421265110374,Telecom Services,Communication Services,IHS
2008Q2,2008,Q2,2008-06-24,2008-05-31,23258000.0,207193000.0,32816000.0,0.48106,114013000.0,0.5502743818565299,1254620000.0,893431000.0,357120000.0,431827000.0,1421686000.0,0.0,529915000.0,821899000.0,773498000.0,18.479554057128674,0.8269978486755113,0.0454081713985111,0.06376541669138411,0.041212837818844036,18.479554057128674,0.026032228566056026,3.966828029904485,8.834583799122882,0.9199356189789698,0.0,0.0,0.0,0.16514402767371794,0.6372274081981905,0.018537883980806937,13.649406294112763,0.5502743818565299,0.08242017865580631,0.13219087392560452,0.2099387906206294,0.33820984637003865,0.04010326865358475,0.08525033829499323,0.06087350079203439,0.13219087392560452,0.2099387906206294,0.33820984637003865,Telecom Services,Communication Services,IHS
2008Q1,2008,Q1,2008-03-28,2008-02-29,21431000.0,198777000.0,30933000.0,0.44443,109617000.0,0.5514571605366818,1255487000.0,862943000.0,406252000.0,400241000.0,1348507000.0,0.0,506657000.0,819757000.0,719501000.0,17.8955849111383,1.0150184513830418,0.030965673081441703,0.04505164304015445,0.06786345463729396,17.8955849111383,0.02483478051273375,4.124003280057552,9.562747888572629,0.9499549796452373,0.0,0.0,0.0,0.1583266095148735,0.8298150364405446,0.017069870098216866,27.87625395314041,0.5514571605366818,11.366923256356428,0.06033177853904686,0.18420200925782648,0.3507775954039738,3.565472719700125,10.139019189765458,30.292613636363637,0.06033177853904686,0.18420200925782648,0.3507775954039738,Telecom Services,Communication Services,IHS
2007Q4,2007,Q4,2008-01-24,2007-11-30,-2345000.0,59893000.0,-1056000.0,-0.04287,24010000.0,0.4008815721369776,1231944000.0,840908000.0,402247000.0,392395000.0,1323807000.0,0.0,483804000.0,929966011.0,787606011.0,15.371998364357426,1.025107353559551,0.004971005175559928,0.007282604042297136,-0.002113691356704819,15.371998364357426,-0.002788652266359697,15.527123553670712,-99.14349797441365,1.1059069612847066,0.0,0.0,0.0,0.048616657900034416,0.8525694771849794,-0.0019034956134369745,19.269913199336926,0.4008815721369776,-1.088682484847231,0.0,0.0,0.0,-0.7606348510074072,-1.1079103584740693,-1.0358306188925082,0.0,0.0,0.0,Telecom Services,Communication Services,IHS
2007Q3,2007,Q3,2007-09-28,2007-08-31,21731000.0,183356000.0,29472000.0,0.48341,100307000.0,0.5470614542202055,1142275000.0,801001000.0,353023000.0,350856000.0,1238036000.0,0.0,458719000.0,764218000.0,637976000.0,17.818236419450994,1.0061763230499121,0.0053612308769779606,0.007645433651144006,0.047675549797965726,17.818236419450994,0.027129803832954016,4.167946508431685,8.791795131379136,0.9540787090153446,0.0,0.0,0.0,0.16051826399072028,0.4253482910367786,0.01902431551071327,39.25105290190036,0.5470614542202055,0.1377029889385738,0.0,0.0,0.0,0.15100921431604072,0.16946507372726294,0.13857446397527526,0.0,0.0,0.0,Telecom Services,Communication Services,IHS
2007Q2,2007,Q2,2007-06-27,2007-05-31,18582000.0,154900000.0,25885000.0,0.4249,87147000.0,0.5626016785022595,882847000.0,603916000.0,397672000.0,331042000.0,977654000.0,0.0,436988000.0,743461000.0,532685000.0,13.80916013079368,1.2012735544130353,0.03908151695593914,0.057132117711734744,0.053679298411628044,13.80916013079368,0.030769179819710026,4.799619109102647,10.002435152297924,1.2310669033441737,0.0,0.0,0.0,0.17545509017983862,1.023610297182835,0.021047814626996522,17.56552864737153,0.5626016785022595,0.013718239293808844,0.0,0.0,0.0,0.0030385691101826595,0.011155248408336508,3.863390511512904e-05,0.0,0.0,0.0,Telecom Services,Communication Services,IHS
2007Q1,2007,Q1,2007-03-22,2007-02-28,18377000.0,152621000.0,25884000.0,0.41915,86883000.0,0.5692729047771932,874313000.0,580861000.0,401635000.0,346341000.0,968450000.0,0.0,418406000.0,745348000.0,559171000.0,13.24835781406806,1.1596519037595896,0.04214508991631143,0.06343686355255389,0.05573029707440504,13.24835781406806,0.03163751740950072,4.88365297043002,10.13968547641073,1.2831779031472246,0.0,0.0,0.0,0.17456105536575575,1.0022405663782226,0.021018788465915525,37.6590541632983,0.5692729047771932,0.0,0.0,0.0,0.0,0.0,0.0,0.0,0.0,0.0,0.0,Telecom Services,Communication Services,IHS
