Quarters,Year,Quarter,FillingDate,Date,NetIncome,Revenue,OperatingIncome,EPSDiluted,GrossProfit,GrossProfitRatio,TotalAssets,CommonStockEquity,CurrentAssets,CurrentLiability,TotalLiability,Inventory,RetainedEarnings,MarketCap,EnterpriseValue,bookValuePerShare,currentRatio,debtToAssets,debtToEquity,roic,shareholdersEquityPerShare,roe,priceToSalesRatio,peRatio,pbRatio,payoutRatio,inventoryTurnover,dividendYield,assetTurnover,quickRatio,returnOnAssets,priceToFreeCashFlowsRatio,grossProfitMargin,epsdilutedGrowth,fiveYNetIncomeGrowthPerShare,fiveYRevenueGrowthPerShare,fiveYShareholdersEquityGrowthPerShare,grossProfitGrowth,netIncomeGrowth,operatingIncomeGrowth,threeYNetIncomeGrowthPerShare,threeYRevenueGrowthPerShare,threeYShareholdersEquityGrowthPerShare,Industry,Sector,Symbol
2023Q1,2023,Q1,2023-05-15,2023-03-31,-10918071.0,504427.0,-13705197.0,-0.0915,96777.0,0.1918553131,162235724.0,115928165.0,130956252.0,28909744.0,46307559.0,4286597.0,-285116802.0,83779182.85678665,-8921925.143213347,0.9718349344636473,4.529830910989734,0.11408530466446465,0.15965673225311555,-0.07946548604689183,0.9718349344636473,-0.09417962408013618,166.08782411882524,-1.918360460762406,0.7226818681792009,0.0,0.09509874616158226,0.0,0.0031092227258159243,3.8563296167548216,-0.06729757621077341,-3.830808259353766,0.19185531305818285,0.8305555555555555,0.3984529494519777,-0.597842779252592,1.6278900953832087,1.0044985593983737,0.8294728905127021,0.7257973470449361,-1.5202880574852022,0.902089645899047,1.6503134073161487,Auto Manufacturers,Consumer Cyclical,SOLO
2022Q4,2022,Q4,2023-04-17,2022-12-31,-64025427.0,2786939.0,-49982000.0,-0.54,-21512887.0,-7.7191811518,181246429.0,127325527.0,150153401.0,36196891.0,53920902.0,4233055.0,-272805168.0,97044420.78385459,-18872158.21614541,1.0723105917403497,4.148240272900786,0.10118245695202083,0.14403206829059503,-0.30487001479613035,1.0723105917403497,-0.5028483172899021,34.82114993684992,-0.37892922129146667,0.762175685193548,0.0,5.7404938041201925,0.0,0.015376518121634274,3.7166036165923755,-0.35325069494196765,-4.986242511990642,-7.719181151794137,-2.0000000000000004,-0.8333873296953322,2.3075855761600823,1.9193610968757762,-21.524979373196462,-2.0277361957785245,-1.2777792386132572,-2.1213223623368007,2.543154950064711,1.7368604271622203,Auto Manufacturers,Consumer Cyclical,SOLO
2022Q3,2022,Q3,2022-09-30,2022-09-30,-21146303.0,1440149.0,-21943303.0,-0.18,-955068.0,-0.6631730467,211343329.0,187703598.0,179913491.0,6774558.0,23639731.0,8837366.0,-211327080.0,198272442.380131,62262996.380131006,1.5793614283696458,26.5572294162955,0.08457249672640484,0.09522371009638292,-0.09638536754277717,1.5793614283696458,-0.11265795235315627,137.674950564234,-2.344055629725572,1.056306029787085,0.0,0.2710329073165013,0.0,0.006814262871765401,22.73040573274301,-0.10005663817285664,-8.668082011021449,-0.6631730466778091,-0.058823529411764594,-0.6105272216828065,0.0,15.623510513023746,0.4930335561349719,-0.04185680798291509,-0.0826007595911069,-0.6321080447318733,1.963237105112986,2.186053914686955,Auto Manufacturers,Consumer Cyclical,SOLO
2022Q2,2022,Q2,2022-06-30,2022-06-30,-20296746.0,1546715.0,-20269063.0,-0.17,-1883888.0,-1.2179929722,233508803.0,207996954.0,203395283.0,8255944.0,25511849.0,8504349.0,-189782277.0,204725810.93146202,46092207.93146202,1.7535803471214233,24.636223671090793,0.07596287494137854,0.08528009501523758,-0.08325322606495662,1.7535803471214233,-0.0975819386278128,132.36168973046878,-2.521658039809214,0.9842731203239737,0.0,0.40339395760921853,0.0,0.00662379739062771,21.387461567084273,-0.08692068881017732,-11.286492462652017,-1.2179929722023772,-0.13333333333333347,-2.013545169637546,0.0,31.545029873968666,0.010299486260259429,-0.15591525406933163,-0.11958734311795903,-3.5268160442723024,2.9524502187022565,2.028351352638587,Auto Manufacturers,Consumer Cyclical,SOLO
2022Q1,2022,Q1,2022-03-31,2022-03-31,-17559026.0,1038643.0,-18104048.0,-0.15,-1903493.0,-1.8326730166,235791376.0,226684518.0,221332616.0,6318484.0,9106858.0,6248482.0,-169485531.0,321302947.70301837,129659309.70301837,1.913728705338187,35.02938616288338,0.012824871084343645,0.013340099388701968,-0.076600268045299,1.913728705338187,-0.07746019073080236,309.3487826933974,-4.574612334747645,1.4174013758761346,0.0,0.4708561215347984,0.0,0.004404923613491276,30.83417351377324,-0.07446848268106294,-11.754697471435884,-1.8326730166187997,0.2857142857142857,-0.9283502176567134,0.0,0.0,0.15267450473453487,-0.03902611579606123,-0.07741206593572966,0.6829687959529483,2.81512863872391,2.5383660897984988,Auto Manufacturers,Consumer Cyclical,SOLO
2021Q4,2021,Q4,2021-12-31,2021-12-31,-16899504.0,1508246.0,-16803272.0,-0.21,-2246472.0,-1.4894599422,252850698.0,243137909.0,240308596.0,7853979.0,9712789.0,3580450.0,-151653994.0,233948128.7862,13907391.786199987,3.0198637050285435,30.597050997971856,0.007463973858596981,0.007762142101830776,-0.06824787711383261,3.0198637050285435,-0.06950583752861016,155.11271290373054,-3.4608727094327736,0.9622034249961408,0.0,1.048672094289824,0.0,0.005964966725146236,28.30412826415757,-0.06683590013265457,-15.736190115562204,-1.4894599422110186,-0.9090909090909091,-0.12453760919895802,0.0,21.191549608140683,-4369.568093385214,-0.31540285433673027,0.02112524675365227,-3.4908621293166684,5.3362654606375095,3.7921546913069717,Auto Manufacturers,Consumer Cyclical,SOLO
2021Q3,2021,Q3,2021-09-30,2021-09-30,-12847398.0,110139.0,-17165906.0,-0.11,-514.0,-0.004666830096514404,258670378.0,249826992.0,247807781.0,3596490.0,8843386.0,3306642.0,-134802606.0,509990121.48696476,283270066.48696476,2.1978152944449914,68.90267483018165,0.008092271779183003,0.00837872234398115,-0.06757872754251829,2.1978152944449914,-0.051425179870075846,4630.422661245923,-9.923996312073557,2.041373181513408,0.0,0.033463858500557365,0.0,0.0004257889938986365,63.7139427608585,-0.04966706315324594,-22.376609649242692,-0.004666830096514404,-0.09999999999999995,-1.1829645058378269,0.0,0.0,-1.0113989177681184,-0.12229980908303512,-0.12036204221854829,-0.34833122237070224,-0.824070393475108,3.504355824055074,Auto Manufacturers,Consumer Cyclical,SOLO
2021Q2,2021,Q2,2021-06-30,2021-06-30,-11447385.0,298796.0,-15321749.0,-0.1,45092.0,0.15091232814361638,275240356.0,259876984.0,263201712.0,5780842.0,15363372.0,578330.0,-121955208.0,599944798.8233279,351964306.8233279,2.3005673547509655,45.52999580337951,0.007441855655789081,0.007881802260718863,-0.05804704641514435,2.3005673547509655,-0.044049245238277815,2007.8742647937988,-13.102223757288845,2.308572269806425,0.0,0.4386837964483945,0.0,0.0010855820866617393,43.30888112838925,-0.04159050353793323,-55.7158688772914,0.15091232814361638,-56.33944954128441,-1.9137006090914062,0.0,63.652883722376394,2.408376799825093,-62.36284483903822,-0.7149238764809257,-0.2527555134117127,-0.6937791945394759,8.362846569845951,Auto Manufacturers,Consumer Cyclical,SOLO
2021Q1,2021,Q1,2021-03-31,2021-03-31,-180664.0,183589.0,-8934361.0,-0.001744,-32017.0,-0.1743949800913998,286451821.0,269158564.0,274820253.0,3984464.0,17293257.0,603233.0,-110507823.0,610821855.76464,352468715.76464,2.5983447656221825,68.97295420412884,0.0070255793556292315,0.007476968111629545,-0.032704609030183754,2.5983447656221825,-0.0006712177287437155,3327.1157627343687,-845.2456711971394,2.269375518605605,0.0,0.35741744897908434,0.0,0.0006409070794491476,65.43781923992788,-0.000630695938218525,-36.728019491649,-0.1743949800913998,0.9970123514515496,0.9606653293566157,0.0,0.0,0.6208582237740881,0.9955753989960675,0.18170717003615394,0.9885374739117733,-0.8314498161469078,6.026053737960945,Auto Manufacturers,Consumer Cyclical,SOLO
2020Q4,2020,Q4,2020-12-31,2020-12-31,-40831704.336601,224289.885967,-10918293.149892,-0.5837366650453532,-84445.98302700001,-0.3765037494353385,145754382.0,122679290.0,135312266.0,4556443.0,23075092.0,609094.0,-110327159.0,552084065.0004219,423709162.0004219,1.7538430192476522,29.69690743415423,0.0073807249239340195,0.008768986191556864,-0.08745760786431245,1.7538430192476522,-0.33283290387970943,2461.475525836464,-3.380241371075595,4.500222205397683,0.0,0.5068772127028013,0.0,0.0015388208772138324,28.457290478559703,-0.28014049235652483,-49.44510781711413,-0.3765037494353385,-2.7207933521072962,0.0,0.0,0.0,-12.080875899129648,-2.6701736282785262,-0.665756041682787,-0.9847856044852314,-0.5481360777747977,3.7748302775867155,Auto Manufacturers,Consumer Cyclical,SOLO
2020Q3,2020,Q3,2020-09-30,2020-09-30,-11125278.657662,244505.289266,-6554557.136027,-0.156885,7620.876164999994,0.03116855339971463,91777475.794884,80457549.904375,81905479.769304,2871803.281138,11319925.890509,1028275.161367,-68620298.679178,231628682.6488116,157137231.3877546,1.15023417763143,28.520574618484172,0.010937482626123351,0.012476325070413512,-0.07941375178507454,1.15023417763143,-0.13827513602992583,947.3360815389977,-5.205008561499906,2.878893067513313,0.0,0.2303706459135737,0.0,0.002664109980671637,26.35465693881038,-0.12122014210247176,-40.17480403571441,0.03116855339971463,0.234737180988059,-2.071920880356519,0.0,0.0,1.4699987657228517,-0.17459031825719376,-0.4622188536435291,-0.43964380068794967,0.0,11.106747449210271,Auto Manufacturers,Consumer Cyclical,SOLO
2020Q2,2020,Q2,2020-07-10,2020-06-30,-9471624.688827,12209.693952,-4482610.191829,-0.205008,-16214.67272,-1.3280163109529841,51673050.226973,42148193.000439,43264882.852541,1651165.617221,9524857.226534,958894.420852,-56348318.933958,140902746.27345002,104399923.01968002,0.9155387245700988,26.20263067575142,0.019797307411127188,0.024271200907790873,-0.10146657300587061,0.9155387245700988,-0.22472196349505058,11540.235719861721,-3.719075420071884,3.3430317231389353,0.0,0.029642853325545778,0.0,0.00023628746316250204,22.81883962216011,-0.18329912105484483,-32.216834059683165,-1.3280163109529841,-4.814840027229407,-42.308619396561426,0.0,0.0,0.5426663845672572,-6.039509424783985,0.0802689886097122,-2.623304498940219,0.0,15.991656635990944,Auto Manufacturers,Consumer Cyclical,SOLO
2020Q1,2020,Q1,2020-04-07,2020-03-31,-1345494.993654,82367.085037,-4873827.386828,-0.035256,-35454.80186200001,-0.4304486658241385,18613089.127062,13585576.787477,10636832.60471,2335639.543083,5027512.339585,544496.544916,-45144682.696376,54616889.132977605,50242040.0284786,0.36668679703347995,4.554141342661797,0.05039094660570449,0.06903874565219581,-0.31022030970193576,0.36668679703347995,-0.09903848873713328,663.0911984859392,-10.148103372843646,4.020211286378559,0.0,0.2163868402822951,0.0,0.004425223802170731,2.3387895920907007,-0.07228757056225309,-23.211866087660024,-0.4304486658241385,0.7959136002620648,0.1809421044034919,0.0,0.0,-1.6999355903055478,0.7897769636219807,0.25595623359869685,0.5275821969337887,0.0,0.0,Auto Manufacturers,Consumer Cyclical,SOLO
2019Q4,2019,Q4,2020-01-14,2019-12-31,-6400321.376933,245428.63926,-6550457.925884,-0.17275036477331068,50654.37784999999,0.20639147086798704,23181954.726052,14516126.834422,14444108.032796,2594400.08574,8665827.89163,574269.484869,-47552196.712778,104036179.94863099,96663970.52791399,0.39180317019388555,5.5674173432954195,0.04840358059529768,0.07729951844166834,-0.3884718536859145,0.39180317019388555,-0.4409110949455166,423.8958430536628,-4.063709219492528,7.166937926026566,0.0,0.33916874662847724,0.0,0.010587055412725227,3.4041965932597837,-0.2760906684775933,-25.42238875702599,0.20639147086798704,-0.6334805096005018,0.0,0.0,0.0,0.02223033321183496,-0.5885540871360785,-0.1110025756572692,0.07448314051332208,0.0,1.879176127553815,Auto Manufacturers,Consumer Cyclical,SOLO
2019Q3,2019,Q3,2019-10-09,2019-09-30,-4029023.266354,151131.590875,-5895988.064662,-0.105756,49552.80253799999,0.32787852130124673,26611819.761293,18320347.484514,17907307.750415,1825608.0979,8291472.276779,653282.973259,-40833827.617465,99399166.4816815,88379637.0965785,0.4957108293394419,9.808955038605387,0.04649188714653635,0.06753331082567188,-0.2831976825877241,0.4957108293394419,-0.21992067943906038,657.6994651230392,-6.1676962324687175,5.425615784073014,0.0,0.1554897226698853,0.0,0.0056791152288962025,6.873984789426805,-0.15139976531083496,-26.617229548346362,0.32787852130124673,-2.5426220899702434,-1.1055915974113628,0.0,0.0,10.580695018620263,-2.611922654089834,-0.5675096915687807,-1.1055915974113628,0.0,0.0,Auto Manufacturers,Consumer Cyclical,SOLO
2019Q2,2019,Q2,2019-07-05,2019-06-30,2499514.015844,121771.785497,-3761372.638635,0.068556,-5172.15112699999,-0.04247413393743341,31026318.555759,21372410.115783,23806589.731871,1416304.844607,9653908.439976,809657.982937,-37113193.174893,116330271.57720001,101392269.59670001,0.5790544566744337,16.808944643889088,0.043652247135121565,0.06336994835640143,-0.15642024013983155,0.5790544566744337,0.11695049843714961,955.3138364721272,11.635288984158713,5.44301138463055,0.0,0.15678711171785925,0.0,0.003924790022321135,12.420527341910823,0.08056108917182662,-16.363141795814016,-0.04247413393743341,1.147638634650587,15.255208893034016,0.0,0.0,-2.3149002638814604,1.1617728043278437,0.1985653303840329,2.947121203486502,0.0,15.273177300800475,Auto Manufacturers,Consumer Cyclical,SOLO
2019Q1,2019,Q1,2019-04-01,2019-03-31,-15450767.675255,75946.674655,-4693299.131216,-0.46435,3933.493108999988,0.051792828677075256,34192816.057519,17871900.838826,27589277.261833,1621648.442181,16320915.218694,645914.469742,-38948144.098262,160178485.770576,138732961.50454798,0.5408509624981086,17.013106259163926,0.04517071445355147,0.08642135743846588,-0.22348538006602228,0.5408509624981086,-0.8645285028489424,2109.091497398834,-2.5917561045705844,8.962588099336058,0.0,0.11149027451694107,0.0,0.0022211295649718597,14.69496056991754,-0.45187175134284907,-31.38377399502351,0.051792828677075256,-8.879787234042553,-9.545623125686998,0.0,0.0,1.616147157384358,-11.386868517050196,-0.5483549294967671,-9.545623125686998,0.0,0.0,Auto Manufacturers,Consumer Cyclical,SOLO
2018Q4,2018,Q4,2019-01-09,2018-12-31,-1247350.583724,78901.110713,-3031151.993517,-0.047,-6384.015671999994,-0.08091160712834101,21644700.190157,16817682.429902,16744957.893732,1337465.400909,4827017.760255,308904.355998,-23034512.455673,38716859.042001,24825312.600292005,0.6301682436309107,12.519918558155892,0.00021132447494375862,0.00027197890803713163,-0.18018700382168956,0.6301682436309107,-0.07416899379109448,490.7010648155792,-7.759819001008269,2.302151869223197,0.0,0.27608910243257356,0.0,0.0036452854518576583,11.04351726000571,-0.05762845282057715,-10.818263208012171,-0.08091160712834101,0.44796156872878473,0.0,0.0,0.0,-1.1656034711655574,0.4424183385654548,0.002333830820420178,0.0,0.0,0.0,Auto Manufacturers,Consumer Cyclical,SOLO
2018Q3,2018,Q3,2018-10-11,2018-09-30,-2237072.468479,146981.834506,-3038242.738059,-0.085139,38550.01122300001,0.26227738517868576,16306153.203149,13021713.45423,11314966.602426,1367091.585978,3284439.748918,779459.911301,-22636094.921866,88495490.99703899,79106313.66868998,0.48793110053778893,8.276670501436389,0.00034498286548133555,0.0004319971773893283,-0.23322052072511074,0.48793110053778893,-0.171795553353411,602.0845453077161,-9.889654028196016,6.7959943449909,0.0,0.13911148182337685,0.0,0.009013887743776091,7.09748366072538,-0.13719192016710494,-19.06337297714642,0.26227738517868576,-0.017958559010964086,-0.6190120569926663,0.0,0.0,-0.4153148271850687,-0.12460088736700611,0.12316804117460518,-0.6190120569926663,0.0,0.0,Auto Manufacturers,Consumer Cyclical,SOLO
2018Q2,2018,Q2,2018-08-09,2018-06-30,-1989214.568127,212413.321168,-3465022.810219,-0.083637,65932.93795600001,0.3103992611831201,9089567.36618,6042290.145985,4486257.603406,2053813.868613,3047277.220195,208727.189781,-20039340.784672,202093573.87094402,198879607.17386302,0.24571238432553075,2.184354518180218,0.0006947953669938108,0.0010451979533284196,-0.5728630822441575,0.24571238432553075,-0.32921533393241625,951.416666147346,-25.398664516773426,33.4465192813079,0.0,0.7017791183107942,0.0,0.023368914340008817,1.8003240070255486,-0.21884590189939823,-57.445656187965625,0.3103992611831201,0.4599500222768921,-16.027825920311088,0.0,0.0,0.3416285417960656,-0.06860206700435129,-0.24547364365523,-16.027825920311088,0.0,0.0,Auto Manufacturers,Consumer Cyclical,SOLO
2018Q1,2018,Q1,2018-04-19,2018-03-31,-1861511.061553,128644.659713,-2782092.441595,-0.154869,49143.958929,0.38201320628961816,8636249.525712,4524504.998413,5626768.415917,1659672.760781,4111744.5273,199853.648338,-18382640.679567,97752817.06078,93221349.13037801,0.3698156692972088,3.3902878620898647,0.0008378060706164557,0.0015991809673186125,-0.6139125665226327,0.3698156692972088,-0.41142866726988636,759.8668866539956,-13.128154202214073,21.605195948521978,0.0,0.3977945934194077,0.0,0.014895894257107413,2.893410123929037,-0.21554623404648918,-36.31632673928764,0.38201320628961816,0.5896252787021908,-2.4315883201160307,0.0,0.0,0.0,0.4826594908251066,0.008855682209672304,-2.4315883201160307,0.0,0.0,Auto Manufacturers,Consumer Cyclical,SOLO
2017Q4,2017,Q4,2018-02-21,2017-12-31,-3598231.780693,86817.49503,-2806949.897869,-0.37738435620553606,0.0,0.0,10068692.644135,4493849.701789,7958396.819085,2667733.59841,5574842.942346,185211.133201,-16966641.749503,95084279.694288,89535988.64061,0.3673100230348032,2.9832052285236785,0.12905543242080292,0.28915508290891473,-0.4845191563323321,0.3673100230348032,-0.8007014073613867,1095.22026247626,-6.60631981828414,21.158758303918123,0.0,0.0,0.0,0.008622519139122901,2.6394911578610363,-0.35736832058221235,-30.550120508729822,0.0,-2.3439755102169695,0.0,0.0,0.0,0.0,-0.4955160030792866,-0.6097249759623276,0.0,0.0,0.0,Auto Manufacturers,Consumer Cyclical,SOLO
2017Q3,2017,Q3,2017-10-05,2017-09-30,-2406013.558721,0.0,-1743745.012213,-0.112855,0.0,0.0,3930673.180012,2069100.303902,3392546.734057,886779.037992,1861572.876109,2801.222058,-13476859.084424,167921242.47893402,165128800.538796,0.09500769570496494,3.8256956792066226,0.0,0.0,-0.8427551863602598,0.09500769570496494,-1.1628307985763833,0.0,-17.44807732590235,81.15664676200606,0.0,0.0,0.0,0.0,3.2796143175547603,-0.6121123401853661,-133.11521791072573,0.0,-0.8346826635453245,-1.1338062087917635,0.0,0.0,0.0,-0.9868130531815669,-0.4608111360864925,-1.1338062087917635,0.0,0.0,Auto Manufacturers,Consumer Cyclical,SOLO
2017Q2,2017,Q2,2017-08-18,2017-06-30,-1210991.419081,0.0,-1193682.721289,-0.061512,0.0,0.0,1981142.738513,1149118.072215,1544274.773944,832024.666298,832024.666298,2671.92594,-10559848.065449,171795355.1004,170792466.344787,0.05388166346481171,1.8560444617766882,0.11039957773722259,0.1903349421242746,-0.8726800947972566,0.05388166346481171,-1.0538442030998043,0.0,-35.46584897165756,149.50191738717785,0.0,0.0,0.0,0.0,1.6383377475972272,-0.6112590453678982,-208.97553803882286,0.0,0.19982308482822317,-10.952795965458813,0.0,0.0,0.0,0.2624329552261712,0.26417052863966284,-10.952795965458813,0.0,0.0,Auto Manufacturers,Consumer Cyclical,SOLO
2017Q1,2017,Q1,2017-04-28,2017-03-31,-1641873.003494,0.0,-1622227.387933,-0.076873,0.0,0.0,,,,,,,,176550853.68195,,,0.0,0.0,0.0,0.0,,0.0,0.0,-26.882538007848297,0.0,0.0,0.0,0.0,0.0,0.0,0.0,-117.9933745078007,0.0,0.5881435842485937,-0.7337574712054488,0.0,0.0,0.0,0.5881506514836636,0.5914353951369775,-0.7337574712054488,0.0,0.0,Auto Manufacturers,Consumer Cyclical,SOLO
2016Q4,2016,Q4,2016-12-31,2016-12-31,-3986586.380211,0.0,-3970552.927552,-0.18665,0.0,0.0,3562060.858567,2906472.732684,3301206.75545,655588.125883,655588.125883,0.0,-7416992.783275,178478909.507646,175746518.316514,0.13608169588665162,5.035488937514943,0.05089555337494524,0.06237562682536637,-1.2858983472197318,0.13608169588665162,-1.3716235268202783,0.0,-11.192464710760861,61.40739168154128,0.0,0.0,0.0,0.0,4.752248132045962,-1.1191797497291454,-147.13373401934507,0.0,-2.6050217286335107,0.0,0.0,0.0,0.0,-2.605074984185849,-2.606748024686982,0.0,0.0,0.0,Auto Manufacturers,Consumer Cyclical,SOLO
2016Q3,2016,Q3,2016-09-30,2016-09-30,-1105826.2027,0.0,-1100867.845598,-0.051775,0.0,0.0,,,,,,,,174169916.611482,,,0.0,0.0,0.0,0.0,,0.0,0.0,-39.37551764152143,0.0,0.0,0.0,0.0,0.0,0.0,0.0,-262.8433302744527,0.0,-0.4886428982173664,0.0,0.0,0.0,0.0,-0.488647378320686,-0.48130512330474323,0.0,0.0,0.0,Auto Manufacturers,Consumer Cyclical,SOLO
2016Q2,2016,Q2,2016-06-30,2016-06-30,-742839.586328,0.0,-743174.264558,-0.03478,0.0,0.0,940000.0,760000.0,880000.0,170000.0,170000.0,0.0,-3080000.0,170916322.40562,170356322.40562,0.03558336801541209,5.176470588235294,0.0,0.0,-0.9778608744184211,0.03558336801541209,-0.9774205083263158,0.0,-57.521275639903806,224.8898979021316,0.0,0.0,0.0,0.0,3.9411764705882355,-0.7902548790723404,-267.61919351930425,0.0,0.21560667568786648,-6.321171824079947,0.0,0.0,0.0,0.33675036935,0.3364515495017857,-6.321171824079947,0.0,0.0,Auto Manufacturers,Consumer Cyclical,SOLO
2016Q1,2016,Q1,2016-03-31,2016-03-31,-1120000.0,0.0,-1120000.0,-0.04434,0.0,0.0,,,,,,,,203750645.88000003,,,0.0,0.0,0.0,0.0,,0.0,0.0,-45.480054883928574,0.0,0.0,0.0,0.0,0.0,0.0,0.0,-195.9140825769231,0.0,0.0,0.0,0.0,0.0,0.0,0.0,0.0,0.0,0.0,0.0,Auto Manufacturers,Consumer Cyclical,SOLO
2015Q2,2015,Q2,2015-06-30,2015-06-30,-120000.0,0.0,-120000.0,-0.00475,0.0,0.0,,,,,,,,197031991.07999998,,,0.0,0.0,0.0,0.0,,0.0,0.0,-410.48331475,0.0,0.0,0.0,0.0,0.0,0.0,0.0,-1970.3199108,0.0,0.0,0.0,0.0,0.0,0.0,0.0,0.0,0.0,0.0,0.0,Auto Manufacturers,Consumer Cyclical,SOLO
2015Q4,,,,,,,,,,,,,,,,,,0.0,,0.0,0.0,0.0,0.0,0.0,0.0,0.0,0.0,0.0,0.0,0.0,0.0,,0.0,0.0,0.0,0.0,0.0,0.0,0.0,0.0,0.0,0.0,0.0,0.0,0.0,0.0,0.0,Auto Manufacturers,Consumer Cyclical,SOLO
