Quarters,Year,Quarter,FillingDate,Date,NetIncome,Revenue,OperatingIncome,EPSDiluted,GrossProfit,GrossProfitRatio,TotalAssets,CommonStockEquity,CurrentAssets,CurrentLiability,TotalLiability,Inventory,RetainedEarnings,MarketCap,EnterpriseValue,bookValuePerShare,currentRatio,debtToAssets,debtToEquity,roic,shareholdersEquityPerShare,roe,priceToSalesRatio,peRatio,pbRatio,payoutRatio,inventoryTurnover,dividendYield,assetTurnover,quickRatio,returnOnAssets,priceToFreeCashFlowsRatio,grossProfitMargin,epsdilutedGrowth,fiveYNetIncomeGrowthPerShare,fiveYRevenueGrowthPerShare,fiveYShareholdersEquityGrowthPerShare,grossProfitGrowth,netIncomeGrowth,operatingIncomeGrowth,threeYNetIncomeGrowthPerShare,threeYRevenueGrowthPerShare,threeYShareholdersEquityGrowthPerShare,Industry,Sector,Symbol
2023Q1,2023,Q1,2023-04-20,2023-03-31,38661000.0,244748000.0,37725000.0,0.7,244748000.0,1.0,28596653000.0,3079974000.0,264211000.0,2100000000.0,25516679000.0,0.0,2297850000.0,929849420.4499999,312263420.4499998,62.768773111407704,0.1258147619047619,0.10603055539401761,0.9844625311772113,0.004704620217617353,62.768773111407704,0.012552378688911011,3.799211517356628,6.012838651677401,0.3019017110047033,0.11155945267840976,0.0,0.004638385425795853,0.008558623976029642,3.7030790476190476,0.0013519414317472748,55.21671142814726,1.0,-0.8349056603773585,-0.42905985132477564,0.1511102305741885,0.39063033764967287,-0.501807552638864,-0.8220445475509894,-0.8570730376667954,3.3763436798670443,0.7420981446516786,0.126823281616112,Banks—Regional,Financial Services,TCBIO
2022Q4,2022,Q4,2023-02-09,2022-12-31,217251000.0,491272000.0,263946000.0,4.24,491272000.0,1.0,28414642000.0,3055351000.0,8347066000.0,1225142000.0,25359291000.0,0.0,2263502000.0,960334302.42,-1919341697.58,60.863039550614246,6.813141660313661,0.07505229170228504,0.697983308628043,0.03973317935614806,60.863039550614246,0.07110508743512611,1.9547914442915533,1.1050976778242678,0.31431226802419754,0.01984800990559307,0.0,0.004490103070497378,0.017289396079669065,6.813141660313661,0.007645741234395985,-14.345337930509082,1.0,4.72972972972973,3.869824497861909,1.1607786320576758,0.3911326271708556,0.9463022902940815,4.245328118209474,5.636144214813697,1.970977832221179,0.9931962099166207,0.09046129844711912,Banks—Regional,Financial Services,TCBIO
2022Q3,2022,Q3,2022-10-20,2022-09-30,41418000.0,252413000.0,39774000.0,0.74,252413000.0,1.0,30408513000.0,2885775000.0,6669193000.0,1718465000.0,27522738000.0,0.0,2050563000.0,1060001013.26,52000013.26000023,57.5520992309056,3.880901269446861,0.08656279904249181,0.91214526427043,0.005392149141400051,57.5520992309056,0.01435247030693661,4.199470761252392,6.398190480346709,0.3673193555492026,0.1041334685402482,0.0,0.004068864035078139,0.008300734731750942,4.4563264308554436,0.0013620527909404844,15.985778902713056,1.0,0.25423728813559326,-0.2624868024864998,0.24311113918741017,0.33909162625774925,0.20326734136423658,0.2125062209081062,0.4368700552725696,-0.5141086596968732,-0.03007424690966433,0.05148837596242816,Banks—Regional,Financial Services,TCBIO
2022Q2,2022,Q2,2022-07-21,2022-06-30,34159000.0,209773000.0,27681000.0,0.59,209773000.0,1.0,32338963000.0,3006832000.0,3400572000.0,2658928000.0,29332131000.0,0.0,2013458000.0,1080056682.25,371798682.25,59.43749458247473,1.278925943086838,0.11030341325416032,1.186330995546143,0.0031632745995822794,59.43749458247473,0.011360461775050951,5.148692549803836,7.904627493852279,0.35920087395970246,0.12623320354811324,0.0,0.0039923830580975974,0.006486695321677445,2.7956766787216503,0.0010562800050205692,16.090949051726707,1.0,-0.23376623376623382,-0.30387899261833085,0.10216622260447546,0.4194149182935625,0.0191615370040179,-0.13848675914249683,-0.26808566895822317,-0.5495657805054233,-0.11056536144137578,0.11996208842803549,Banks—Regional,Financial Services,TCBIO
2022Q1,2022,Q1,2022-04-21,2022-03-31,39650000.0,205829000.0,37820000.0,0.77,205829000.0,1.0,31085377000.0,3090038000.0,8518905000.0,1433560000.0,27995339000.0,0.0,1983611000.0,1280326075.0,-309759925.0,60.33693408923192,5.942482351628114,0.1216471333128757,1.2237542062589521,0.004138078189991052,60.33693408923192,0.01283155741126808,6.220338606318838,8.072673865069357,0.4143399126483234,0.10877679697351829,0.0,0.003368673093688262,0.006621409159683024,5.942482351628114,0.0012755193543253472,18.23488634583339,1.0,-0.39370078740157477,-0.08769005035762208,0.17500055543835932,0.47514072862982515,-0.12595810455601275,-0.3912175648702595,-0.5525795880703663,-0.5068786248106388,-0.1443328327629978,0.17977307490321265,Banks—Regional,Financial Services,TCBIO
2021Q4,2021,Q4,2022-02-09,2021-12-31,65130000.0,235491000.0,84529000.0,1.27,235491000.0,1.0,34731738000.0,3209616000.0,12090364000.0,7699000.0,31522122000.0,0.0,1948274000.0,1380914772.5600002,-3437006227.4399996,62.77847835553754,1570.3810884530458,0.09008296676659257,0.974801346952408,0.009776693303654145,62.77847835553754,0.020292147097970597,5.8639810971969215,5.300609444802703,0.4302429862513148,0.06622140334715185,0.0,0.0031232919552336836,0.006780282633710988,1570.3810884530458,0.0018752300849442087,12.611784870038543,1.0,0.6710526315789473,0.2539672343105243,0.2116618296760689,0.4879131385873604,0.11970615505313459,0.5010371053238073,0.0,-0.07687673584196823,0.04918069722478491,0.26363168983715096,Banks—Regional,Financial Services,TCBIO
2021Q3,2021,Q3,2021-10-21,2021-09-30,43390000.0,210315000.0,0.0,0.76,210315000.0,1.0,36404320000.0,3147752000.0,32700806000.0,8920000.0,33256568000.0,0.0,1887457000.0,1355903761.77,-4051085238.2299995,61.21837152486655,3666.0096412556054,0.08592557147063865,0.9937447422795697,0.0,61.21837152486655,0.013784440451471399,6.447014058768989,7.812305610566951,0.4307530459102242,0.0993777368057156,0.0,0.003180166706205686,0.005777198969792596,1438.0336322869955,0.0011918915117766244,12.723486274081095,1.0,-0.41984732824427484,-0.08539196856970062,0.1731301091704321,0.6426385302807929,-0.14539448020284768,-0.40950721955335395,0.0,-0.48856909498969325,-0.15798426978012448,0.2708728326799207,Banks—Regional,Financial Services,TCBIO
2021Q2,2021,Q2,2021-07-22,2021-06-30,73481000.0,246096000.0,0.0,1.31,246096000.0,1.0,35228542000.0,3114957000.0,31389518000.0,8116000.0,32113585000.0,0.0,1848379000.0,1468892060.85,-2574920939.1499996,60.75566777749325,3867.6094135041894,0.08309699561225099,0.9397837594547854,0.0,60.75566777749325,0.02358973173626474,5.968776659718158,4.9975233762809435,0.4715609431687179,0.08596780120031028,0.0,0.004300520214088813,0.006985699266237019,937.1510596352883,0.002085837103335131,6.130089562014857,1.0,-0.015037593984962419,0.7222772095885992,0.4468526623406033,0.6849022512338602,0.0037974425386984277,0.021449025549778976,0.0,0.03855789416156512,0.08110440535165003,0.29622379103980917,Banks—Regional,Financial Services,TCBIO
2021Q1,2021,Q1,2021-04-22,2021-03-31,71938000.0,245165000.0,0.0,1.33,245165000.0,1.0,40054433000.0,3159482000.0,15550368000.0,5629000.0,36894951000.0,0.0,1781215000.0,1301170673.52,-7061972326.48,61.65159545364359,2762.545389944928,0.07652006957631881,0.9700856026399264,0.0,61.65159545364359,0.022768922247381057,5.3073263863928375,4.521847540660013,0.4118303802711964,0.05253134643720982,0.0,0.002904307695297833,0.006120795668234774,2762.545389944928,0.0017960059502028153,6.587972444115905,1.0,0.16666666666666682,1.5868316379147596,0.7570333205514264,0.7332723544953506,0.04828261492348411,0.2459169711979771,0.0,0.017203170165812628,0.10404830943360689,0.36587947720711256,Banks—Regional,Financial Services,TCBIO
2020Q4,2020,Q4,2021-02-09,2020-12-31,57739000.0,233873000.0,0.0,1.14,233873000.0,1.0,37726096000.0,2871224000.0,34381489000.0,11150000.0,34854872000.0,0.0,1713056000.0,1109788285.56,-4700695714.440001,56.4523058092893,3083.541614349776,0.0900145087898838,1.1827346107444072,0.0,56.4523058092893,0.02010954213255392,4.745260400131695,4.805193567432758,0.3865209699974645,0.04220717366078387,0.0,0.0021959143304259043,0.00619923672992827,1176.5963228699552,0.0015304790614963182,2.361512945176913,1.0,0.05555555555555539,0.508128764837405,0.5217469492239221,0.605341455470044,-0.01699752434672596,0.05598229635319507,0.0,0.27744692607471216,0.015290757160212583,0.29031749104513144,Banks—Regional,Financial Services,TCBIO
2020Q3,2020,Q3,2020-10-22,2020-09-30,54678000.0,237917000.0,0.0,1.08,237917000.0,1.0,38432872000.0,2800404000.0,36925815000.0,14674000.0,35632468000.0,0.0,1655317000.0,1104698094.14,-6446281905.860001,55.31358803290929,2516.4109990459315,0.08055099291044396,1.1054854942358316,0.0,55.31358803290929,0.01952503995852027,4.643207900822556,5.050925848330224,0.3944781160646821,0.04458831705622005,0.0,0.002206937816705447,0.006190455920130039,870.0573804007088,0.0014226883694770456,-13.263114791994335,1.0,2.4794520547945207,0.34540712526569217,0.5555226284049122,0.6083793966125349,0.3187353461225078,2.593367525352605,0.0,-0.03571428735859698,0.16047597400766894,0.28700713862690785,Banks—Regional,Financial Services,TCBIO
2020Q2,2020,Q2,2020-07-24,2020-06-30,-34316000.0,180413000.0,0.0,-0.73,180413000.0,1.0,36613127000.0,2734755000.0,36256235000.0,20314000.0,33878372000.0,0.0,1600639000.0,1098562266.5,-5472306733.5,54.31859068864168,1784.790538544846,0.08455205150873893,1.1319898857484492,0.0,54.31859068864168,-0.01254810760013237,6.089152480697067,-8.00328029563469,0.4017040892145732,-0.07101643548199091,0.0,0.002218354001693722,0.004927549619020522,528.0356404450133,-0.0009372594698070995,2.359054770560837,1.0,-0.9210526315789473,-1.8392251703809235,0.1908670123527402,0.6321663620589614,0.2520073005364368,-1.0564511296218613,0.0,-1.7026757861072706,-0.04754586025626415,0.29717139838651735,Banks—Regional,Financial Services,TCBIO
2020Q1,2020,Q1,2020-04-24,2020-03-31,-16687000.0,144099000.0,0.0,-0.38,144099000.0,1.0,35879416000.0,2803533000.0,10751664000.0,16969000.0,33075883000.0,0.0,1668329000.0,1098177623.54,-3236772376.46,55.70418550580842,633.6062231127349,0.14759507233897007,1.8889112416368918,0.0,55.70418550580842,-0.0059521325413326685,7.620994063386977,-16.452592190627435,0.39171203746843714,-0.14610175585785343,0.0,0.0022200415923073107,0.004016202493373916,633.6062231127349,-0.0004650856078593921,0.6153162194429768,1.0,-1.3114754098360657,-1.4407088677244548,0.016101698556008414,0.7096509926062029,-0.4216282822120363,-1.2257532096811288,0.0,-1.3906971320638093,-0.1629426533071028,0.36187749734261,Banks—Regional,Financial Services,TCBIO
2019Q4,2019,Q4,2020-02-12,2019-12-31,73917000.0,249146000.0,0.0,1.22,249146000.0,1.0,32548069000.0,2832258000.0,32193983000.0,12760000.0,29715811000.0,0.0,1694608000.0,1107246146.46,-492801853.53999996,55.814029931449,2523.039420062696,0.08588942711163602,0.9870340202057863,0.0,55.814029931449,0.026098257997682416,4.444165856405482,3.74489679796258,0.3909411312316886,0.03296941163737706,0.0,0.002200955955269191,0.007654709101175864,421.2778213166144,0.0022710103017171313,5.898266318957619,1.0,-0.2823529411764706,0.7300292048287288,0.6674744044065049,0.6897975373984591,-0.04712987008020071,-0.13692728036990331,0.0,0.4338453192969784,0.29155793525488743,0.32284869955255663,Banks—Regional,Financial Services,TCBIO
2019Q3,2019,Q3,2019-10-17,2019-09-30,85644000.0,261469000.0,0.0,1.7,261469000.0,1.0,33526437000.0,2757433000.0,33188406000.0,34336000.0,30769004000.0,0.0,1623128000.0,1099266572.46,-1189559427.54,54.73393767023636,966.5775279589935,0.08636300958553991,1.0500505361327002,0.0,54.73393767023636,0.031059322202932945,4.204194655810058,3.2088254065083373,0.3986557687747989,0.028466676007659616,0.0,0.002217842387896966,0.0077988901713593965,180.36710740913327,0.002554521376667613,-0.7519993080137256,1.0,0.1333333333333333,1.0352203749239628,0.7664409626731199,0.8594999706385382,0.11540118677399677,0.13623880597014926,0.0,0.842522346386554,0.48856087289101113,0.46864532152080257,Banks—Regional,Financial Services,TCBIO
2019Q2,2019,Q2,2019-07-18,2019-06-30,75375000.0,234417000.0,0.0,1.5,234417000.0,1.0,29970384000.0,2668452000.0,29635217000.0,23115000.0,27301932000.0,0.0,1537425000.0,1097127165.1,981904165.0999999,53.07098802415753,1282.0773091066408,0.11662693410935275,1.3098807848145666,0.0,53.07098802415753,0.0282467138250941,4.680237205919365,3.6388960699834163,0.4111474237123246,0.032331674958540634,0.0,0.0022212557281615338,0.00782162150474949,201.5641791044776,0.0025149827910112862,1.2822493505931907,1.0,-0.044585987261146535,0.9574234715948103,0.6684754465408279,0.8339868875093354,-0.01143264397287541,-0.04905189054161462,0.0,0.8014340069826441,0.4053092073502494,0.47178741454362555,Banks—Regional,Financial Services,TCBIO
2019Q1,2019,Q1,2019-04-18,2019-03-31,79263000.0,237128000.0,0.0,1.57,237128000.0,1.0,28383111000.0,2581942000.0,3217007000.0,24488000.0,25801169000.0,0.0,1461893000.0,1101581085.32,2790553085.3199997,51.142830238079384,131.37075302188828,0.14076201865257124,1.547387199247698,0.0,51.142830238079384,0.030698985492315475,4.645512488276374,3.474449255390283,0.4266482691400504,0.030758361404438387,0.0,0.0022131825178278016,0.008354545771955725,131.37075302188828,0.0027926114230395673,6.820006471688067,1.0,0.13768115942029,1.3910161201589422,0.7786649452129845,0.7896005609143475,0.07320561386358185,0.14123016672905808,0.0,1.8932779126027885,0.7250997310055787,0.4378290315124847,Banks—Regional,Financial Services,TCBIO
2018Q4,2018,Q4,2019-02-14,2018-12-31,69454000.0,220953000.0,0.0,1.38,220953000.0,1.0,28257767000.0,2500394000.0,28052705000.0,20675000.0,25757373000.0,0.0,1381492000.0,1098178452.7,2363476452.7,49.680993964014974,1356.841837968561,0.15199973161361263,1.7177984749603463,0.0,49.680993964014974,0.027777222309763983,4.970190278928098,3.9528985108849026,0.4392021628191397,0.03508797189506724,0.0,0.002219129317287505,0.007819195338400236,182.67013301088272,0.002457872909773798,-3.748023742841346,1.0,-0.16363636363636366,1.059415638705414,0.5548323556601724,0.8882871907816681,-0.09701953059548087,-0.1643525759799793,0.0,0.8333004552739494,0.4528790915286325,0.4127847926854121,Banks—Regional,Financial Services,TCBIO
2018Q3,2018,Q3,2018-10-18,2018-09-30,83114000.0,244693000.0,0.0,1.65,244693000.0,1.0,27127107000.0,2426442000.0,26880668000.0,17218000.0,24700665000.0,0.0,1312038000.0,1099119680.22,1939151680.22,48.17033612700168,1561.1957254036474,0.13252732773900291,1.481627419901238,0.0,48.17033612700168,0.0342534459921152,4.491831316057263,3.306060592138509,0.4529758717579072,0.029333204995548284,0.0,0.0022181387922305326,0.009020239423245539,200.90068532930653,0.0030638726053611245,-4.9902597477446395,1.0,0.19565217391304351,1.067275673360746,0.7839660749206436,0.8941496877284105,0.10226540715614597,0.20456818214756736,0.0,1.0554830851229122,0.607944388360883,0.40067167778873525,Banks—Regional,Financial Services,TCBIO
2018Q2,2018,Q2,2018-07-19,2018-06-30,68999000.0,221991000.0,0.0,1.38,221991000.0,1.0,27781910000.0,2343530000.0,27629746000.0,11268000.0,25438380000.0,0.0,1228924000.0,1090984180.5,2062182180.5,46.871279633554686,2452.054135605254,0.15819617873645117,1.8753726216434183,0.0,46.871279633554686,0.029442336987365213,4.914542393610552,3.95289852208003,0.46553028145575265,0.0353193524543834,0.0,0.002233762912018686,0.00799048733510403,360.1085374511892,0.0024835945404761586,-6.234409068310914,1.0,0.0,1.3849668880506996,0.753391292986825,0.8841645286001282,0.017154874981099397,-0.007308616398348368,0.0,0.6991466469966534,0.4754925772693661,0.4083893745156422,Banks—Regional,Financial Services,TCBIO
2018Q1,2018,Q1,2018-04-19,2018-03-31,69507000.0,218247000.0,0.0,1.38,218247000.0,1.0,24449147000.0,2273429000.0,2971723000.0,5174000.0,22175718000.0,0.0,1159925000.0,1099016471.6200001,1367748471.6200001,45.13692202163102,574.3569771936606,0.11022478616534147,1.1853908787122889,0.0,45.13692202163102,0.030573640082888008,5.035654426498417,3.9528985268390238,0.48341798737501807,0.03507560389601047,0.0,0.002218347097570137,0.008926569094619129,574.3569771936606,0.002842921268377993,1244.6392657078145,1.0,0.6428571428571428,0.7250021390868843,0.6686253203164602,0.8411607518636652,-0.04287286808786833,0.5535067721603862,0.0,0.834300381411967,0.5377753031947848,0.3853246903578495,Banks—Regional,Financial Services,TCBIO
2017Q4,2017,Q4,2018-02-14,2017-12-31,44742000.0,228023000.0,0.0,0.84,228023000.0,1.0,25075645000.0,2202721000.0,24922591000.0,7680000.0,22872924000.0,0.0,1090500000.0,1098573547.44,1417794547.44,43.75070957424909,3245.1290364583333,0.1274069719841703,1.4503933997996115,0.0,43.75070957424909,0.020312150290481636,4.817819024572083,6.138379751910956,0.4987347682434589,0.05446783782575656,0.0,0.002218331222046014,0.009093405174622628,444.705859375,0.0017842811221805061,-87.4312413402308,1.0,-0.2500000000000001,0.16413120500480136,0.7033356455977812,1.1544058427029855,0.12125548277964635,-0.2045300999182164,0.0,0.05545454849513454,0.5381509302648944,0.3245745091118167,Banks—Regional,Financial Services,TCBIO
2017Q3,2017,Q3,2017-10-19,2017-09-30,56246000.0,203364000.0,0.0,1.12,203364000.0,1.0,24400998000.0,2158363000.0,24256105000.0,4562000.0,22242635000.0,0.0,1048195000.0,1095792588.44,1514360588.44,42.978462490831774,5316.9892590968875,0.11863125434459688,1.3411650403569741,0.0,42.978462490831774,0.026059564586679813,5.388331211227159,4.870535631155993,0.5076961514073397,0.043345304554990575,0.0,0.002224873598999974,0.008334249279476192,660.1455501972819,0.002305069653298607,-20.477511370159966,1.0,0.1546391752577321,0.40000174326871907,0.5790618856524846,1.1806452133721745,0.07755076088338773,0.1559455793497472,0.0,0.3408518777942745,0.37824891677046224,0.4601260779242249,Banks—Regional,Financial Services,TCBIO
2017Q2,2017,Q2,2017-07-20,2017-06-30,48658000.0,188728000.0,0.0,0.97,188728000.0,1.0,23119713000.0,2100553000.0,22897620000.0,6246000.0,21019160000.0,0.0,991949000.0,1094554172.52,1944550172.52,41.87464413431077,3665.965417867435,0.13385248337641562,1.4732458547820502,0.0,41.87464413431077,0.023164376238066834,5.79963848777076,5.623711273171935,0.5210790551440502,0.0,0.0,0.0,0.00816307711086206,457.23951328850467,0.002104610900662997,40.81416110522783,1.0,0.2124999999999999,0.2763174557159284,0.46496441821534956,1.3977737241981922,0.10065376248767999,0.14376380988199897,0.0,0.26657650652505005,0.3464392441924163,0.44707214093108594,Banks—Regional,Financial Services,TCBIO
2017Q1,2017,Q1,2017-04-20,2017-03-31,42542000.0,171469000.0,0.0,0.8,171469000.0,1.0,20864874000.0,2050442000.0,3370972000.0,3293000.0,18814432000.0,0.0,943291000.0,1093836600.0,92442600.0,40.902493516856175,1023.6781050713635,0.09080045247337702,0.9239666374371964,0.0,40.902493516856175,0.020747721710733587,6.379209069861025,6.4279805838935635,0.5334638092664898,0.0,0.0,0.0,0.00821807023612987,1023.6781050713635,0.0020389291591216894,6.872775596116993,1.0,-0.1666666666666666,0.0,0.0,0.0,-0.05296092964685349,-0.12077873765138676,0.0,0.292390988101024,0.29527189420464367,0.4312685668705805,Banks—Regional,Financial Services,TCBIO
2016Q4,2016,Q4,2017-02-17,2016-12-31,48386000.0,181058000.0,0.0,0.96,181058000.0,1.0,21697134000.0,2009557000.0,21604437000.0,5498000.0,19687577000.0,0.0,903187000.0,1039254393.6800001,619352393.6800001,42.19230056341868,3929.5083666787923,0.11035789335126013,1.1915312678366425,0.0,42.19230056341868,0.0240779435467618,5.739897677429332,5.369602745008887,0.5171559670514447,0.05036580829165461,0.0,0.0023449503940710633,0.008344788763345426,601.156602400873,0.0022300641181457422,-3.467163072509025,1.0,0.10344827586206894,0.0,0.0,0.0,0.1214146356569942,0.13249853715623172,0.0,0.5160639246727439,0.346332825731841,0.6036551273756966,Banks—Regional,Financial Services,TCBIO
2016Q3,2016,Q3,2016-10-20,2016-09-30,42725000.0,161455000.0,0.0,0.87,161455000.0,1.0,22216388000.0,1725782000.0,22134336000.0,3124000.0,20490606000.0,0.0,857238000.0,1010417627.1800001,-483641372.8199997,37.26831582015909,7085.254801536492,0.09292059537310926,1.1961881628154656,0.0,37.26831582015909,0.02475689281728515,6.258199666656345,5.912332517144529,0.5854839297083873,0.05706260971328262,0.0,0.0024128636856863587,0.007267382978727235,1292.8588348271446,0.0019231298985235583,-2.804549895303072,1.0,0.11538461538461534,0.0,0.0,0.0,0.04163844104231586,0.0988940329218107,0.0,0.15598008348918604,0.2804440748042911,0.4654614114961136,Banks—Regional,Financial Services,TCBIO
2016Q2,2016,Q2,2016-07-21,2016-06-30,38880000.0,155001000.0,0.0,0.78,155001000.0,1.0,21080994000.0,1684735000.0,21003565000.0,5339000.0,19396259000.0,0.0,816951000.0,1019469545.08,740224545.0799999,36.058867945010846,3933.9885746394457,0.11449801655462735,1.4327072210169551,0.0,36.058867945010846,0.023077813424663227,6.57718043806169,6.555231128343622,0.6051216037418348,0.06268004115226337,0.0,0.00239045885358818,0.007352641910528508,596.4500842854467,0.0018443153107486298,-11.2908069937536,1.0,0.5918367346938777,0.0,0.0,0.0,0.2293861040609137,0.5472779369627507,0.0,0.4381692883752783,0.3101534803735527,0.4495196302434094,Banks—Regional,Financial Services,TCBIO
2016Q1,2016,Q1,2016-04-21,2016-03-31,25128000.0,126080000.0,0.0,0.49,126080000.0,1.0,20210893000.0,1647088000.0,3160500000.0,2880000.0,18563805000.0,0.0,780508000.0,1010401633.12,304885633.1199999,35.56947948413664,1097.3958333333333,0.09886643801439154,1.2131586169045006,0.0,35.56947948413664,0.015256015464868908,8.01397234390863,10.05254728907991,0.6134472676141166,0.09702324100604903,0.0,0.002412901879890817,0.006238220151875526,1097.3958333333333,0.0012432899427056489,46.25745699400265,1.0,-0.3,0.0,0.0,0.0,-0.09625254465693724,-0.27695450752453027,0.0,-0.3216885016001933,0.04849631616282051,0.4508993227103036,Banks—Regional,Financial Services,TCBIO
2015Q4,2015,Q4,2016-02-18,2015-12-31,34753000.0,139508000.0,0.0,0.7,139508000.0,1.0,18909139000.0,1623533000.0,18835203000.0,5097000.0,17285606000.0,0.0,757818000.0,1007399201.12,1170935201.12,35.16529497007231,3695.35079458505,0.10044910030012472,1.1699213998113989,0.0,35.16529497007231,0.021405786023443934,7.221085537173495,7.2468506396570085,0.6204981365454229,0.07012344258049664,0.0,0.0024191005882182627,0.007377808159324441,422.46046694133804,0.0018378943642013525,-41.646996614990286,1.0,-0.06666666666666672,0.0,0.0,0.0,-0.0012170850098082732,-0.06361480842808644,0.0,-0.013933117613227405,0.13644449111524115,0.731636302157003,Banks—Regional,Financial Services,TCBIO
2015Q3,2015,Q3,2015-10-22,2015-09-30,37114000.0,139678000.0,0.0,0.75,139678000.0,1.0,18665995000.0,1590051000.0,18596130000.0,2694000.0,17075944000.0,0.0,725502000.0,1008840412.12,236296412.1199999,34.39088323899647,6902.795100222717,0.08836421524810223,1.0373289913342403,0.0,34.39088323899647,0.02334138967869584,7.222614958117957,6.795551625532144,0.6344704742929629,0.06568949722476694,0.0,0.002416635942325835,0.007483019255067839,1060.5003711952486,0.0019883215440698447,57.892827506025476,1.0,-0.013157894736842117,0.0,0.0,0.0,-0.0062466205640456475,-0.021693860874607902,0.0,0.0034149911614923486,0.17803710875619086,0.744927821342071,Banks—Regional,Financial Services,TCBIO
2015Q2,2015,Q2,2015-07-23,2015-06-30,37937000.0,140556000.0,0.0,0.76,140556000.0,1.0,17817338000.0,1554529000.0,17743789000.0,4905000.0,16262809000.0,0.0,690826000.0,1019223677.32,1380178677.3200002,33.28005768978067,3617.4901121304792,0.10099185411423413,1.1575248837429215,0.0,33.28005768978067,0.0244041764418676,7.251370822447993,6.7165542697103096,0.6556479019175584,0.06423807892031526,0.0,0.002391035504991382,0.007888720526040421,377.5494393476045,0.0021292181806283296,27.112060152688002,1.0,0.0857142857142858,0.0,0.0,0.0,0.0706907584021451,0.08236804564907275,0.0,0.0686492769402376,0.17167694648777937,0.905641218404339,Banks—Regional,Financial Services,TCBIO
2015Q1,2015,Q1,2015-04-23,2015-03-31,35050000.0,131276000.0,0.0,0.7,131276000.0,1.0,17325458000.0,1517958000.0,1227359000.0,2545000.0,15807500000.0,0.0,655326000.0,1016562619.22,1581421619.22,32.582197037123116,482.2628683693517,0.08077165983144573,0.9219003424337169,0.0,32.582197037123116,0.023090230427982857,7.7437050124927636,7.250803275463624,0.6696908736737117,0.06955777460770328,0.0,0.0023982782308783466,0.007577057991771415,482.2628683693517,0.002023034542578903,28.4639810500084,1.0,-0.11392405063291149,0.0,0.0,0.0,-0.007799981860507301,-0.07358460643865307,0.0,0.0,0.0,0.0,Banks—Regional,Financial Services,TCBIO
2014Q4,2014,Q4,2015-02-19,2014-12-31,37834000.0,132308000.0,0.0,0.79,132308000.0,1.0,15899946000.0,1484190000.0,15820271000.0,4747000.0,14415756000.0,0.0,622714000.0,980472775.62,1149369775.62,33.030010220856354,3332.6882241415633,0.09430289889034843,1.0102554255182963,0.0,33.030010220856354,0.02549134544768527,7.410532814493455,6.478780829544855,0.6606113608230753,0.06441296188613417,0.0,0.0024855356115920384,0.008321286122606956,359.3705498209395,0.002379504936683433,24.919882465878764,1.0,0.012820512820512832,0.0,0.0,0.0,0.021233904931681848,0.027204604691572546,0.0,0.0,0.0,0.0,Banks—Regional,Financial Services,TCBIO
2014Q3,2014,Q3,2014-10-23,2014-09-30,36832000.0,129556999.0,0.0,0.78,129556999.0,1.0,14266502000.0,1297922000.0,14184161000.0,1908000.0,12968580000.0,0.0,587317000.0,962150085.22,1281865085.22,29.434761244680814,7434.046645702306,0.05953926197185547,0.6544437955439542,0.0,29.434761244680814,0.028377668303642283,7.426461655074305,6.530666846899435,0.7413003903316224,0.06619244135534318,0.0,0.0025339082098013222,0.00908120287650049,452.58490566037733,0.0025817120412558034,11.540584678365379,1.0,0.09859154929577474,0.0,0.0,0.0,0.06246513859275053,0.1020615780497292,0.0,0.0,0.0,0.0,Banks—Regional,Financial Services,TCBIO
2014Q2,2014,Q2,2014-07-24,2014-06-30,33421000.0,121940000.0,0.0,0.71,121940000.0,1.0,13532826000.0,1262816000.0,13446796000.0,4671000.0,12270010000.0,0.0,552923000.0,952212493.52,1694492493.52,28.937495892476704,2878.78312995076,0.08124112435939101,0.8706113954843778,0.0,28.937495892476704,0.026465454983148774,7.80886086206331,7.12286057807965,0.7540389839216481,0.07291822506807097,0.0,0.0025593026940775106,0.009010682617215354,157.13594519374865,0.0024696246002128453,-58.385706880863324,1.0,0.18333333333333332,0.0,0.0,0.0,0.07274502731567419,0.18241641606226783,0.0,0.0,0.0,0.0,Banks—Regional,Financial Services,TCBIO
2014Q1,2014,Q1,2014-04-24,2014-03-31,28265000.0,113671000.0,0.0,0.6,113671000.0,1.0,12143588000.0,1230131000.0,584571000.0,2304000.0,10913457000.0,0.0,521939000.0,939241900.0,1585869900.0,28.57779068416773,253.72005208333334,0.07447774084562157,0.7352281992730856,0.0,28.57779068416773,0.022977227628602156,8.262810215446333,8.3074641783124,0.7635299817661696,0.08625508579515302,0.0,0.002595710434127779,0.009360577779812689,253.72005208333334,0.0023275657902754937,26.392095650219176,1.0,-0.1044776119402986,0.0,0.0,0.0,-0.03389455970219023,0.012247967625255166,0.0,0.0,0.0,0.0,Banks—Regional,Financial Services,TCBIO
2013Q4,2013,Q4,2014-02-21,2013-12-31,27923000.0,117659000.0,0.0,0.67,117659000.0,1.0,11714691000.0,1096350000.0,11618709000.0,749000.0,10618341000.0,0.0,496112000.0,909246709.7,1834857709.7,26.310083660234554,15512.295060080107,0.09214344620784279,0.9845687964609842,0.0,26.310083660234554,0.025469056414466184,7.727812659465065,8.140661011531712,0.829339818214986,0.07176879275149518,0.0,0.0022040222731861264,0.010043713487619947,665.6461949265688,0.0023835882653669652,-1.0277469621871393,1.0,-0.09459459459459453,0.0,0.0,0.0,0.030225818032169657,-0.16588003345680488,0.0,0.0,0.0,0.0,Banks—Regional,Financial Services,TCBIO
2013Q3,2013,Q3,2013-11-12,2013-09-30,33476000.0,114207000.0,0.0,0.74,114207000.0,1.0,10797744000.0,1066629000.0,10695813000.0,743000.0,9731115000.0,0.0,468191000.0,915172061.62,1194651061.62,25.431113728277058,14395.441453566622,0.04393853012258857,0.4448003945139313,0.0,25.431113728277058,0.03138485827780794,8.013274682112305,6.834538636784562,0.8580041060387446,0.08576293463974191,0.0,0.00313711499771734,0.010576931625717371,718.4724091520861,0.003100277243098188,1.4781247361195458,1.0,0.423076923076923,0.0,0.0,0.0,0.08409272126665908,0.3906035807751423,0.0,0.0,0.0,0.0,Banks—Regional,Financial Services,TCBIO
2013Q2,2013,Q2,2013-07-29,2013-06-30,24073000.0,105348000.0,0.0,0.52,105348000.0,1.0,10978288000.0,1034955000.0,10868873000.0,1023000.0,9943333000.0,0.0,437152000.0,907795919.72,2198317919.7200003,24.876426088107333,10624.509286412513,0.1388597202040974,1.4729548627718114,0.0,24.876426088107333,0.023259948500176337,8.617115841971371,9.42753208698542,0.8771356433081632,0.0,0.0,0.0,0.009596031730994851,576.5865102639297,0.002192782699816219,-4.121081344827743,1.0,-0.35000000000000003,0.0,0.0,0.0,-0.018402392776944363,-0.27190515077276717,0.0,0.0,0.0,0.0,Banks—Regional,Financial Services,TCBIO
2013Q1,2013,Q1,2013-05-09,2013-03-31,33063000.0,107323000.0,0.0,0.8,107323000.0,1.0,10020866000.0,1013195000.0,541741000.0,1013000.0,9007671000.0,0.0,415517000.0,901794437.82,1409798437.8200002,24.51547045848245,534.7887462981244,0.06730426292498073,0.6656635692043487,0.0,24.51547045848245,0.03263241528037544,8.402620480418923,6.818758414390709,0.890050225099808,0.0,0.0,0.0,0.010709952612877969,534.7887462981244,0.0032994154397434313,1.3440420739630112,1.0,0.05263157894736847,0.0,0.0,0.0,-0.019800714213953657,0.0517894067122634,0.0,0.0,0.0,0.0,Banks—Regional,Financial Services,TCBIO
2012Q4,2012,Q4,2013-02-21,2012-12-31,31435000.0,109491000.0,0.0,0.76,109491000.0,1.0,10540844000.0,836242000.0,10409321000.0,650000.0,9704602000.0,0.0,382455000.0,898522877.94,2566626877.94,20.307552415174513,16014.34,0.17782750603272376,2.2415186034664605,0.0,20.307552415174513,0.037590793095778494,8.206362878592762,7.145879417369175,1.0744770986628271,0.0,0.0,0.0,0.010387308644355234,958.0676923076923,0.002982209014762006,-2.634114737005658,1.0,-0.050000000000000044,0.0,0.0,0.0,0.04869405308073214,-0.03484801964998465,0.0,0.0,0.0,0.0,Banks—Regional,Financial Services,TCBIO
2012Q3,2012,Q3,2012-10-25,2012-09-30,32570000.0,104407000.0,0.0,0.8,104407000.0,1.0,9881666000.0,802406000.0,9743066000.0,1039000.0,9079260000.0,0.0,351026000.0,888347841.0,2490274841.0,19.70905777211204,9377.34937439846,0.17720878240571986,2.182334130103713,0.0,19.70905777211204,0.04059042429892099,8.508508442920494,6.818758374270802,1.1071051824138902,0.0,0.0,0.0,0.01056572849153169,431.9278152069297,0.003296002920964947,-2.244861560427064,1.0,0.05263157894736847,0.0,0.0,0.0,0.043006133743581546,0.09948350943523614,0.0,0.0,0.0,0.0,Banks—Regional,Financial Services,TCBIO
2012Q2,2012,Q2,2012-07-26,2012-06-30,29623000.0,100102000.0,0.0,0.76,100102000.0,1.0,9144748000.0,680705000.0,8997566000.0,887000.0,8464043000.0,0.0,318490000.0,850493021.24,2136324021.24,17.463968226740626,10143.817361894025,0.1562057259533013,2.098503757134148,0.0,17.463968226740626,0.04351811724609045,8.496264023096442,7.177640863855788,1.2494296666544245,0.0,0.0,0.0,0.010946392399221936,481.21533258173616,0.0032393456878199375,-6.3880081812241345,1.0,0.0,0.0,0.0,0.0,0.027540828791098246,0.09370500276906037,-1.0,0.0,0.0,0.0,Banks—Regional,Financial Services,TCBIO
2012Q1,2012,Q1,2012-04-26,2012-03-31,27085000.0,97419000.0,47049000.0,0.0,97419000.0,1.0,8560307000.0,647341000.0,407996000.0,893000.0,7912966000.0,0.0,288868000.0,0.0,1235337000.0,0.0,456.8824188129899,0.15927781562039772,2.1062577528690443,0.015035540396333952,0.0,0.04184039014985919,0.0,0.0,0.0,0.0,0.0,,0.011380316149876401,456.8824188129899,0.0031640220379946654,0.0,1.0,0.0,0.0,0.0,0.0,0.002861819417135916,0.052253302253302256,0.03170844023419512,0.0,0.0,0.0,Banks—Regional,Financial Services,TCBIO
2011Q4,2011,Q4,2012-02-23,2011-12-31,25740000.0,97141000.0,45603000.0,0.0,97141000.0,1.0,8137618000.0,616331000.0,7961971000.0,1332665000.0,7521287000.0,0.0,261783000.0,0.0,1344214000.0,0.0,5.974472954568477,0.17762839199382424,2.345285244454684,0.0139606851285701,0.0,0.041763273306064434,0.0,0.0,0.0,0.0,0.0,,0.011937276977120331,0.28470846011563294,0.003163087773350875,0.0,1.0,0.0,0.0,0.0,0.0,0.1191230515777468,0.18601115053218448,0.2104955803891381,0.0,0.0,0.0,Banks—Regional,Financial Services,TCBIO
2011Q3,2011,Q3,2011-10-20,2011-09-30,21703000.0,86801000.0,37673000.0,0.0,86801000.0,1.0,7705767000.0,587944000.0,7530630000.0,671000.0,7117823000.0,0.0,236043000.0,0.0,982336000.0,0.0,11222.995529061103,0.1431272188738642,1.8758674295511137,0.01438971155416045,0.0,0.03691337950553114,0.0,0.0,0.0,0.0,0.0,,0.011264420530753137,575.2324888226527,0.002816462008259528,0.0,1.0,0.0,0.0,0.0,0.0,0.09812132329685622,0.30317040951122853,0.2602615997056167,0.0,0.0,0.0,Banks—Regional,Financial Services,TCBIO
2011Q2,2011,Q2,2011-07-21,2011-06-30,16654000.0,79045000.0,29893000.0,0.0,79045000.0,1.0,6709734000.0,563924000.0,6519003000.0,1032000.0,6145810000.0,0.0,214340000.0,0.0,367379000.0,0.0,6316.863372093023,0.06806603659697985,0.8098697696852767,0.01898057917984546,0.0,0.029532348330626113,0.0,0.0,0.0,0.0,0.0,,0.011780645849746056,290.43798449612405,0.002482065607965979,0.0,1.0,0.0,0.0,0.0,0.0,0.09507910559419246,0.40196986278306257,0.25411142809196174,0.0,0.0,0.0,Banks—Regional,Financial Services,TCBIO
2011Q1,2011,Q1,2011-04-21,2011-03-31,11879000.0,72182000.0,23836000.0,0.0,72182000.0,1.0,6061534000.0,544925000.0,405186000.0,1662000.0,5516609000.0,0.0,197686000.0,0.0,-96665000.0,0.0,243.7942238267148,0.019271524336908777,0.2143689498554847,0.023521579545862578,0.0,0.021799330183052714,0.0,0.0,0.0,0.0,0.0,,0.011908206734466886,243.7942238267148,0.001959734944982574,0.0,1.0,0.0,0.0,0.0,0.0,-0.03927701542597793,-0.014518002322880372,-0.14889666500035706,0.0,0.0,0.0,Banks—Regional,Financial Services,TCBIO
2010Q4,2010,Q4,2011-02-23,2010-12-31,12054000.0,75133000.0,28006000.0,0.0,75133000.0,1.0,6446169000.0,528319000.0,6239694000.0,5765000.0,5917850000.0,0.0,185807000.0,0.0,11726000.0,0.0,1082.340676496097,0.01808702191953081,0.22068485138713542,0.028268780835036464,0.0,0.022815760932315514,0.0,0.0,0.0,0.0,0.0,,0.01165544992692559,57.27233304423244,0.001869947871363596,0.0,1.0,0.0,0.0,0.0,0.0,0.06259634831063403,0.2653789628385471,0.13873302431487355,0.0,0.0,0.0,Banks—Regional,Financial Services,TCBIO
2010Q3,2010,Q3,2010-10-21,2010-09-30,9526000.0,70707000.0,24594000.0,0.0,70707000.0,1.0,6345496000.0,515618000.0,6121294000.0,2830000.0,5829878000.0,0.0,173753000.0,0.0,-87360000.0,0.0,2163.001413427562,0.0004718307284410864,0.005806624283869066,0.030947353475277026,0.0,0.018474917477667576,0.0,0.0,0.0,0.0,0.0,,0.01114286416696189,106.09434628975265,0.0015012222842784866,0.0,1.0,0.0,0.0,0.0,0.0,0.07260205397369579,0.1815926569089556,0.12630518409965194,0.0,0.0,0.0,Banks—Regional,Financial Services,TCBIO
2010Q2,2010,Q2,2010-07-22,2010-06-30,8062000.0,65921000.0,21836000.0,0.0,65921000.0,1.0,5962054000.0,514078000.0,5714316000.0,2503000.0,5447976000.0,0.0,164227000.0,0.0,-40047000.0,0.0,2282.9868158210147,0.008908339307225328,0.10331506113858208,0.025396597419532183,0.0,0.01568244507642809,0.0,0.0,0.0,0.0,0.0,,0.011056759968963716,120.11386336396325,0.0013522185475005762,0.0,1.0,0.0,0.0,0.0,0.0,0.06023224395265054,0.06852220013253811,0.06449568566275045,0.0,0.0,0.0,Banks—Regional,Financial Services,TCBIO
2010Q1,2010,Q1,2010-04-22,2010-03-31,7545000.0,62176000.0,20513000.0,0.0,62176000.0,1.0,5500182000.0,499996000.0,258715000.0,2038000.0,5000186000.0,0.0,156165000.0,0.0,47588000.0,0.0,126.94553483807654,0.021390928518365392,0.23530988247905985,0.021967482943189103,0.0,0.015090120720965768,0.0,0.0,0.0,0.0,0.0,,0.011304353201403154,126.94553483807654,0.0013717727886095406,0.0,1.0,0.0,0.0,0.0,0.0,-0.011777421046775911,0.18408662900188325,0.04674184824207787,0.0,0.0,0.0,Banks—Regional,Financial Services,TCBIO
2009Q4,2009,Q4,2010-02-19,2009-12-31,6372000.0,62917000.0,19597000.0,0.0,62917000.0,1.0,5698904000.0,481360000.0,5411781000.0,353908000.0,5217544000.0,0.0,148620000.0,0.0,270981000.0,0.0,15.291491008962781,0.06166799791679242,0.7300980555093901,0.015719436054915496,0.0,0.013237493767658301,0.0,0.0,0.0,0.0,0.0,,0.011040192991494505,0.800628977022277,0.0011181097277651983,0.0,1.0,0.0,0.0,0.0,0.0,0.07185812364776231,0.19954819277108435,0.04673645977993804,0.0,0.0,0.0,Banks—Regional,Financial Services,TCBIO
2009Q3,2009,Q3,2009-10-23,2009-09-30,5312000.0,58699000.0,18722000.0,0.0,58699000.0,1.0,5318440000.0,474044000.0,5013531000.0,111257000.0,4844396000.0,0.0,142248000.0,0.0,48376000.0,0.0,45.06261179071878,0.020446033047284543,0.22939009880939323,0.02114675575238884,0.0,0.011205710862282826,0.0,0.0,0.0,0.0,0.0,,0.011036882995765676,2.164627843641299,0.0009987891186137288,0.0,1.0,0.0,0.0,0.0,0.0,0.04413177274182646,-0.1748990369680025,-0.10898534170949933,0.0,0.0,0.0,Banks—Regional,Financial Services,TCBIO
2009Q2,2009,Q2,2009-07-23,2009-06-30,6438000.0,56218000.0,21012000.0,0.0,56218000.0,1.0,5304378000.0,464026000.0,4977495000.0,367711000.0,4840352000.0,0.0,136936000.0,0.0,290333000.0,0.0,13.536432143721564,0.06877545303143931,0.7861865498916009,0.016691354008847064,0.0,0.013874222565114886,0.0,0.0,0.0,0.14243553898726313,0.0,,0.010598415120491035,0.7393142984572123,0.0012137144072311588,0.0,1.0,0.0,0.0,0.0,0.0,0.1683604547249413,0.06766169154228856,-0.11732829237555135,0.0,0.0,0.0,Banks—Regional,Financial Services,TCBIO
2009Q1,2009,Q1,2009-04-23,2009-03-31,6030000.0,48117000.0,23805000.0,0.0,48117000.0,1.0,5010522000.0,471990000.0,228426000.0,877694000.0,4538532000.0,0.0,134951000.0,0.0,925288000.0,0.0,0.2602569916166682,0.19676971780584937,2.0888556960952562,0.01074106971127616,0.0,0.012775694400305092,0.0,0.0,0.0,0.050082918739635156,0.0,,0.009603191044765395,0.2602569916166682,0.0012034674231547133,0.0,1.0,0.0,0.0,0.0,0.0,0.07735882853432448,0.7803365810451727,-0.05834651898734177,0.0,0.0,0.0,Banks—Regional,Financial Services,TCBIO
2008Q4,2008,Q4,2009-02-19,2008-12-31,3387000.0,44662000.0,25280000.0,0.0,44662000.0,1.0,5140212000.0,387073000.0,4744304000.0,819141000.0,4753139000.0,0.0,129851000.0,0.0,774833000.0,0.0,5.791803853060706,0.1658919904470866,2.202995300628047,0.013623620587138152,0.0,0.008750287413485311,0.0,0.0,0.0,0.0,0.0,,0.008688746689825244,0.32000473666926693,0.0006589222390049282,0.0,1.0,0.0,0.0,0.0,0.0,0.03501656972028458,-0.5368521810474497,-0.2817773737144156,0.0,0.0,0.0,Banks—Regional,Financial Services,TCBIO
2008Q3,2008,Q3,2008-10-30,2008-09-30,7313000.0,43151000.0,35198000.0,0.0,43151000.0,1.0,4742691000.0,380858000.0,4343134000.0,47540000.0,4361833000.0,0.0,126464000.0,0.0,643288000.0,0.0,91.35746739587715,0.1492878199317645,1.859028824391243,0.021308592463116574,0.0,0.019201382142425786,0.0,0.0,0.0,0.0,0.0,,0.00909842112842688,4.149347917543121,0.00154195160511195,0.0,1.0,0.0,0.0,0.0,0.0,-0.0217854552049329,0.28659394792399717,0.11428390528048626,0.0,0.0,0.0,Banks—Regional,Financial Services,TCBIO
2008Q2,2008,Q2,2008-07-31,2008-06-30,5684000.0,44112000.0,31588000.0,0.0,44112000.0,1.0,4663236000.0,314917000.0,4237648000.0,209667000.0,4348319000.0,0.0,119151000.0,0.0,219108000.0,0.0,20.21132557817873,0.06796632209907455,1.0064334411924412,0.032740978292362395,0.0,0.018049200265466775,0.0,0.0,0.0,0.0,0.0,,0.009459525531197648,1.0727916171834384,0.0012188960627341186,0.0,1.0,0.0,0.0,0.0,0.0,0.04328082872144175,-0.27886323268206037,-0.2535387669258218,0.0,0.0,0.0,Banks—Regional,Financial Services,TCBIO
2008Q1,2008,Q1,2008-05-02,2008-03-31,7882000.0,42282000.0,42317000.0,0.0,42282000.0,1.0,4352244000.0,312016000.0,189195000.0,436048000.0,4040228000.0,0.0,113467000.0,0.0,464737000.0,0.0,0.4338857190034125,0.1249268193603116,1.742577303728014,0.0324027118345288,0.0,0.025261525049997437,0.0,0.0,0.0,0.0,0.0,,0.009714988405980915,0.4338857190034125,0.001811019786574466,0.0,1.0,0.0,0.0,0.0,0.0,-0.0030416637193181016,0.4724453577433215,-0.06392815271971154,0.0,0.0,0.0,Banks—Regional,Financial Services,TCBIO
2007Q4,2007,Q4,2008-02-26,2007-12-31,5353000.0,42411000.0,45207000.0,0.0,42411000.0,1.0,4287449000.0,295138000.0,3780600000.0,12778000.0,3992311000.0,0.0,105585000.0,0.0,462981000.0,0.0,295.8678979496009,0.12885144523001907,1.8718158962925817,0.0352058147070011,0.0,0.01813727815462597,0.0,0.0,0.0,0.0,0.0,,0.009891896090192559,13.767099702613868,0.001248527970828341,0.0,1.0,0.0,0.0,0.0,0.0,0.024271844660194174,-0.35052171802960447,-0.13922580399474477,0.0,0.0,0.0,Banks—Regional,Financial Services,TCBIO
2007Q3,2007,Q3,2007-10-31,2007-09-30,8242000.0,41406000.0,52519000.0,0.0,41406000.0,1.0,4078153000.0,284209000.0,3551590000.0,141258000.0,3793944000.0,0.0,100232000.0,0.0,171628000.0,0.0,25.142575995695818,0.06065294754757852,0.8703172665186535,0.06466844762720589,0.0,0.028999785369217723,0.0,0.0,0.0,0.0,0.0,,0.010153125691949273,1.150164946410115,0.002021012943849826,0.0,1.0,0.0,0.0,0.0,0.0,0.04142458311325738,0.0045094454600853135,0.03759680733364944,0.0,0.0,0.0,Banks—Regional,Financial Services,TCBIO
2007Q2,2007,Q2,2007-08-02,2007-06-30,8205000.0,39759000.0,50616000.0,0.0,39759000.0,1.0,3944782000.0,270097000.0,3412106000.0,257224000.0,3674685000.0,0.0,91990000.0,0.0,280349000.0,0.0,13.265115230305105,0.09226162561074351,1.3474862734499087,0.05209937801417649,0.0,0.030377975319977636,0.0,0.0,0.0,0.0,0.0,,0.010078883953536595,0.650114297266196,0.002079962847123111,0.0,1.0,0.0,0.0,0.0,0.0,0.08031953916800261,0.07648911046969299,0.0760204081632653,0.0,0.0,0.0,Banks—Regional,Financial Services,TCBIO
2007Q1,2007,Q1,2007-05-03,2007-03-31,7622000.0,36803000.0,47040000.0,0.0,36803000.0,1.0,3819757000.0,263616000.0,185145000.0,7895000.0,3556141000.0,0.0,83785000.0,0.0,6753000.0,0.0,23.45091830272324,0.02968932316898693,0.4301939184268026,0.08224577651512292,0.0,0.028913267783442585,0.0,0.0,0.0,0.0,0.0,,0.00963490609481179,23.45091830272324,0.0019954148915755634,0.0,1.0,0.0,0.0,0.0,0.0,-0.0381318279232659,-0.05551425030978934,0.003819807515844732,0.0,0.0,0.0,Banks—Regional,Financial Services,TCBIO
