Quarters,Year,Quarter,FillingDate,Date,NetIncome,Revenue,OperatingIncome,EPSDiluted,GrossProfit,GrossProfitRatio,TotalAssets,CommonStockEquity,CurrentAssets,CurrentLiability,TotalLiability,Inventory,RetainedEarnings,MarketCap,EnterpriseValue,bookValuePerShare,currentRatio,debtToAssets,debtToEquity,roic,shareholdersEquityPerShare,roe,priceToSalesRatio,peRatio,pbRatio,payoutRatio,inventoryTurnover,dividendYield,assetTurnover,quickRatio,returnOnAssets,priceToFreeCashFlowsRatio,grossProfitMargin,epsdilutedGrowth,fiveYNetIncomeGrowthPerShare,fiveYRevenueGrowthPerShare,fiveYShareholdersEquityGrowthPerShare,grossProfitGrowth,netIncomeGrowth,operatingIncomeGrowth,threeYNetIncomeGrowthPerShare,threeYRevenueGrowthPerShare,threeYShareholdersEquityGrowthPerShare,Industry,Sector,Symbol
2023Q1,2023,Q1,2023-05-04,2023-03-31,417000000.0,1567000000.0,68000000.0,0.66,684000000.0,0.4365028717,20012000000.0,11388000000.0,1606000000.0,2146000000.0,8624000000.0,136000000.0,11017000000.0,14924091469.2,20600091469.2,18.282954145859733,0.7483690587138863,0.2925244853088147,0.5140498770635757,0.003126594666926591,18.282954145859733,0.03661749209694415,9.52398945067007,8.947297043884893,1.3105103151738673,0.1510791366906475,6.492647058823529,0.004221362494997967,0.07830301818908655,0.6491146318732526,0.0208374975014991,44.8170914990991,0.43650287172941926,-0.19512195121951212,0.6041094589604601,0.39618533394496197,0.2959414896475281,-0.17590361445783131,-0.2057142857142857,-0.6964285714285714,12.512075212942293,0.9433205127288162,0.20938423895091565,Oil & Gas E&P,Energy,MRO
2022Q4,2022,Q4,2023-02-16,2022-12-31,525000000.0,1603000000.0,224000000.0,0.82,830000000.0,0.5177791641,19940000000.0,11397000000.0,1671000000.0,2306000000.0,8543000000.0,125000000.0,10663000000.0,17135310000.0,22724310000.0,18.00473933649289,0.7246313963573288,0.29704112337011035,0.5196981661840835,0.009840345416206446,18.00473933649289,0.04606475388260069,10.689525888958203,8.159671428571428,1.5034930244801266,0.11047619047619048,6.184,0.0033848235018800357,0.08039117352056169,0.6418039895923677,0.026328986960882646,21.580994962216625,0.5177791640673737,-0.3278688524590164,26.177725118483412,0.750022476528083,0.3071428455772939,-0.2820069204152249,-0.3574051407588739,-0.3978494623655914,34.00947867298578,0.6348571216250326,0.17927857416673582,Oil & Gas E&P,Energy,MRO
2022Q3,2022,Q3,2022-11-03,2022-09-30,817000000.0,2008000000.0,372000000.0,1.22,1156000000.0,0.5756972112,17858000000.0,11187000000.0,2636000000.0,2431000000.0,6671000000.0,103000000.0,10196000000.0,15128599999.999998,18000600000.0,16.697014925373136,1.0843274372686138,0.22292529958561988,0.3558594797532851,0.018956654251943043,16.697014925373136,0.07303119692500223,7.5341633466135445,4.629314565483476,1.3523375346384194,0.06609547123623011,8.271844660194175,0.0035693983580767554,0.11244260275506776,1.0148087206910736,0.04574980400940755,13.435701598579039,0.5756972111553785,-0.1094890510948906,2.730371514713577,1.1923086803503995,0.20530468675729638,-0.16049382716049382,-0.15424430641821946,-0.5143603133159269,4.919647218453188,0.9220247840063094,0.08991190247118254,Oil & Gas E&P,Energy,MRO
2022Q2,2022,Q2,2022-08-04,2022-06-30,966000000.0,2168000000.0,766000000.0,1.37,1377000000.0,0.6351476015,18286000000.0,11532000000.0,2808000000.0,2377000000.0,6754000000.0,93000000.0,9433000000.0,15803440000.0,18623440000.0,16.40398293029872,1.1813209928481279,0.217762222465274,0.3453000346860909,0.038310053414638306,16.40398293029872,0.0837669094693028,7.289409594095941,4.08991718426501,1.3703988900450919,0.057971014492753624,8.505376344086022,0.003543532294234673,0.11856064748988297,1.1249474127050905,0.05282729957344417,11.945154950869236,0.6351476014760148,-0.23033707865168535,9.402836763306283,1.6398158374625222,0.12401334064924732,0.3756243756243756,-0.25920245398773006,0.4055045871559633,5.862019914651493,0.7954210928028527,0.08989358532023564,Oil & Gas E&P,Energy,MRO
2022Q1,2022,Q1,2022-05-05,2022-03-31,1304000000.0,1761000000.0,545000000.0,1.78,1001000000.0,0.5684270301,17981000000.0,11366000000.0,2230000000.0,2021000000.0,6615000000.0,78000000.0,8523000000.0,18330300000.0,21663300000.0,15.56986301369863,1.103414151410193,0.22323563761748513,0.3531585430230512,0.05871418350536927,15.56986301369863,0.1147281365475981,10.409028960817718,3.5142446319018403,1.612730951961992,0.03987730061349693,9.743589743589743,0.0028368330032787245,0.0979367109726934,1.0509648688767936,0.0725209943829598,24.939183673469387,0.5684270300965361,1.119047619047619,1.3063054598312611,1.075384060784205,0.05168337266718334,0.14925373134328357,1.0092449922958397,-0.019784172661870502,7.418201857975123,0.6484246575342466,0.04581321029102847,Oil & Gas E&P,Energy,MRO
2021Q4,2021,Q4,2022-02-17,2021-12-31,649000000.0,1732000000.0,556000000.0,0.84,871000000.0,0.502886836,16994000000.0,10686000000.0,1821000000.0,1637000000.0,6308000000.0,77000000.0,7271000000.0,12200060000.000002,15634060000.000002,14.382234185733513,1.112400733048259,0.23620101212192537,0.3756316676024705,0.03594027947928805,14.382234185733513,0.06073367022272132,7.04391454965358,4.699560862865948,1.1416863185476325,0.0724191063174114,11.181818181818182,0.003852440069966869,0.10191832411439332,1.0519242516799023,0.03818994939390373,13.990894495412846,0.5028868360277137,2.652173913043478,1.539637148273259,0.6453611484970839,-0.3055269166343832,0.5388692579505301,2.527173913043478,0.6023054755043228,0.834320323014805,0.38345134296916145,-0.028772279179110634,Oil & Gas E&P,Energy,MRO
2021Q3,2021,Q3,2021-11-04,2021-09-30,184000000.0,1438000000.0,347000000.0,0.23,566000000.0,0.39360222531293465,17161000000.0,10796000000.0,1655000000.0,1676000000.0,6365000000.0,77000000.0,6669000000.0,10785630000.0,14313630000.0,13.683143219264892,0.9874701670644391,0.23384418157450032,0.37171174509077437,0.02293315019762278,13.683143219264892,0.017043349388662466,7.500438108484006,14.654388586956522,0.9990394590589108,0.21195652173913043,11.324675324675324,0.0036159222966113246,0.08379465066138336,0.9266109785202864,0.010721985898257678,20.466091081593927,0.39360222531293465,10.5,2.028781157583439,0.4033713561470215,-0.38750542718965425,0.31934731934731936,10.5,2.3047619047619046,-0.23060187818727987,-0.006953543604272696,-0.047951343594820665,Oil & Gas E&P,Energy,MRO
2021Q2,2021,Q2,2021-08-05,2021-06-30,16000000.0,1254000000.0,105000000.0,0.02,429000000.0,0.34210526315789475,17800000000.0,10634000000.0,2075000000.0,1575000000.0,7166000000.0,78000000.0,6524000000.0,10746180000.0,14684180000.0,13.477820025348542,1.3174603174603174,0.2757303370786517,0.46153846153846156,0.004157469091197054,13.477820025348542,0.0015046078615760768,8.569521531100479,167.9090625,1.0105491818694752,2.0,10.576923076923077,0.002977802344647121,0.0704494382022472,1.2558730158730158,0.0008988764044943821,28.2051968503937,0.34210526315789475,-0.8333333333333333,1.101155595317975,0.40539297509684125,-0.40326886746224805,0.051470588235294115,-0.8350515463917526,-0.10256410256410256,-0.8196028728348119,-0.061984806640722485,-0.05126456465152861,Oil & Gas E&P,Energy,MRO
2021Q1,2021,Q1,2021-05-06,2021-03-31,97000000.0,1177000000.0,117000000.0,0.12,408000000.0,0.3466440101954121,18233000000.0,10671000000.0,2150000000.0,1899000000.0,7562000000.0,78000000.0,6540000000.0,8415840000.0,12695840000.0,13.541878172588833,1.1321748288572933,0.2964405199363791,0.5065129791022397,0.0065977494750402875,13.541878172588833,0.009090057164277012,7.150246389124894,21.690309278350515,0.788664605004217,0.23711340206185566,9.85897435897436,0.0027329416909066713,0.06455328250973509,1.0774091627172195,0.005320024132068228,20.37733656174334,0.3466440101954121,1.2790697674418605,1.220787238553736,0.4123938086846742,-0.48914417518526965,0.0,1.28698224852071,1.468,-0.7050526150687275,-0.17105558656358058,-0.0401178260579795,Oil & Gas E&P,Energy,MRO
2020Q4,2020,Q4,2021-02-23,2020-12-31,-338000000.0,822000000.0,-250000000.0,-0.43,0.0,0.0,17956000000.0,10561000000.0,1612000000.0,1213000000.0,7395000000.0,76000000.0,6466000000.0,5262630000.0,9924630000.0,13.385297845373891,1.3289365210222588,0.3009578970817554,0.511693968374207,-0.015521489916082926,13.385297845373891,-0.03200454502414544,6.402226277372263,-3.8924778106508873,0.4983079253858536,-0.07100591715976332,10.81578947368421,0.004560457413878612,0.04577856983738026,1.227535037098104,-0.018823791490309646,31.894727272727273,0.0,-0.07160835954204936,0.6337343389640342,-0.39316373329152127,-0.5108482757956396,1.0,-0.06624605678233439,-0.03305785123966942,-12.004707586456636,-0.28003956845652106,-0.028228291034522707,Oil & Gas E&P,Energy,MRO
2020Q3,2020,Q3,2020-11-05,2020-09-30,-317000000.0,761000000.0,-242000000.0,-0.401266,-105000000.0,-0.13797634691195795,18663000000.0,10892000000.0,1922000000.0,1566000000.0,7771000000.0,77000000.0,6828000000.0,3231100000.0,8017100000.0,13.7873417721519,1.227330779054917,0.31640143599635645,0.5421410209327947,-0.01473266155438663,13.7873417721519,-0.029103929489533602,4.245860709592641,-2.548186119873817,0.29664891663606313,0.0,11.246753246753247,0.0,0.040775866688099446,1.1251596424010217,-0.016985479290574933,16.075124378109454,-0.13797634691195795,0.5776147368421052,0.6373071268019808,-0.5287947245189142,-0.5172469418284543,0.6920821114369502,0.5773333333333334,0.6557610241820768,0.43059106950402576,-0.29535501862785674,-0.004735413475234478,Oil & Gas E&P,Energy,MRO
2020Q2,2020,Q2,2020-08-06,2020-06-30,-750000000.0,490000000.0,-703000000.0,-0.95,-341000000.0,-0.6959183673469388,18567000000.0,11175000000.0,1405000000.0,1065000000.0,7392000000.0,77000000.0,7145000000.0,4834800000.0,9815800000.0,14.145569620253164,1.3192488262910798,0.29638606129153877,0.4924384787472036,-0.041324840285076735,14.145569620253164,-0.06711409395973154,9.866938775510205,-1.6116000000000001,0.4326442953020134,0.0,10.792207792207792,0.0,0.026390908601281845,1.072300469483568,-0.040394247859104865,-15.251735015772871,-0.6959183673469388,0.9793478260869565,-0.665081655407621,-0.7181802735536488,-0.5263354123597095,-5.4868421052631575,-15.304347826086957,-47.86666666666667,-4.805482196521263,-0.4690682881435874,-0.0307348506880137,Oil & Gas E&P,Energy,MRO
2020Q1,2020,Q1,2020-05-07,2020-03-31,-46000000.0,1024000000.0,15000000.0,-46.0,76000000.0,0.07421875,19715000000.0,11958000000.0,1909000000.0,1442000000.0,7757000000.0,78000000.0,7895000000.0,2602390000.0,7287390000.0,15.117572692793932,1.323855755894591,0.2790768450418463,0.46011038635223284,0.0008065081702784208,15.117572692793932,-0.00384679712326476,2.541396484375,-14.143423913043478,0.21762752968723867,-0.8695652173913043,12.153846153846153,0.015370486360614664,0.05194014709611971,1.0540915395284327,-0.0023332487953335026,32.12827160493827,0.07421875,-1532.3333333333333,0.8577749683944375,-0.4111653678001505,-0.5060812406759001,-0.7508196721311475,-1.3,-0.7945205479452054,0.9900280210059355,0.1137441971163444,0.021132929821586287,Oil & Gas E&P,Energy,MRO
2019Q4,2019,Q4,2020-02-20,2019-12-31,-20000000.0,1233000000.0,73000000.0,-0.03,305000000.0,0.24736415247364152,20245000000.0,12153000000.0,2135000000.0,1745000000.0,8092000000.0,72000000.0,7993000000.0,10809680000.0,15452680000.0,15.267587939698492,1.2234957020057307,0.27172141269449246,0.45264543734057433,0.02756693478342963,15.267587939698492,-0.0016456841932033243,8.766974858069748,-135.12099999999998,0.8894659754793055,-2.0,12.88888888888889,0.003700387060486527,0.06090392689552976,1.1346704871060171,-0.0009878982464806125,128.68666666666667,0.24736415247364152,-1.145636016757851,-1.0183151177051564,-0.5639818148289404,-0.5097230323836117,-0.06441717791411043,-1.121212121212121,-0.6919831223628692,0.984477456575364,0.09333228643216081,-0.2627759543398539,Oil & Gas E&P,Energy,MRO
2019Q3,2019,Q3,2019-11-07,2019-09-30,165000000.0,1249000000.0,237000000.0,0.205993,326000000.0,0.2610088070456365,20373000000.0,12271000000.0,2520000000.0,2379000000.0,8102000000.0,71000000.0,8053000000.0,9828270000.0,14166270000.0,15.319600499375781,1.0592686002522067,0.27011240367152606,0.4484557085812077,0.01257213586458551,15.319600499375781,0.013446336891858854,7.868911128903123,14.891318181818182,0.8009347241463612,0.24242424242424243,13.0,0.004069892259777153,0.06130663132577431,0.9722572509457755,0.00809895449860109,151.20415384615384,0.2610088070456365,0.02996499999999999,-0.6773899215308011,-0.6332654739067455,-0.4887407130881711,-0.2106537530266344,0.024844720496894408,-0.07058823529411765,1.9087273720349565,0.20066167290886397,-0.3142531644133133,Oil & Gas E&P,Energy,MRO
2019Q2,2019,Q2,2019-08-08,2019-06-30,161000000.0,1381000000.0,255000000.0,0.2,413000000.0,0.2990586531498914,21282000000.0,12101000000.0,2688000000.0,2471000000.0,9181000000.0,72000000.0,7928000000.0,11457000000.0,15998000000.0,15.050995024875622,1.0878186968838528,0.258528333803214,0.45467316750681763,0.012084315585632336,15.050995024875622,0.013304685563176597,8.296162201303403,17.790372670807454,0.9467812577472936,0.2546583850931677,13.444444444444445,0.0035785982368857464,0.06489051780847664,0.8518818292189397,0.007565078470068602,76.38,0.2990586531498914,-0.04761904761904753,-0.7493182236963332,-0.5979434544727883,-0.48789648495993954,0.3540983606557377,-0.07471264367816093,2.591549295774648,1.9988879133743047,0.5188499629070498,-0.3336164683812182,Oil & Gas E&P,Energy,MRO
2019Q1,2019,Q1,2019-05-02,2019-03-31,174000000.0,1200000000.0,71000000.0,0.21,305000000.0,0.25416666666666665,21410000000.0,12208000000.0,2776000000.0,1858000000.0,9202000000.0,83000000.0,7808000000.0,14259800000.0,18741800000.0,14.887804878048781,1.4940796555435953,0.2569360112097151,0.45060615989515074,0.02583745866822269,14.887804878048781,0.014252948885976408,11.883166666666666,20.488218390804597,1.1680701179554391,0.23563218390804597,10.783132530120483,0.002875215641173088,0.0560485754320411,1.1329386437029063,0.00812704343764596,-142.598,0.25416666666666665,-0.5531914893617021,-0.8720180857161052,-0.6990663675182746,-0.479058380182388,-0.22784810126582278,-0.5538461538461539,-0.8479657387580299,1.3805956732786,0.3837988120813849,-0.43837023611308923,Oil & Gas E&P,Energy,MRO
2018Q4,2018,Q4,2019-02-21,2018-12-31,390000000.0,1380000000.0,467000000.0,0.47,395000000.0,0.286231884057971,21321000000.0,12128000000.0,2921000000.0,1832000000.0,9193000000.0,96000000.0,7706000000.0,11744460000.0,15781460000.0,14.808302808302809,1.5944323144104804,0.25791473195441117,0.45341358839050133,0.025449370801231094,14.808302808302809,0.03215699208443272,8.510478260869565,7.5285,0.9683756596306068,0.10512820512820513,10.260416666666666,0.0034910076751080935,0.06472491909385113,1.387008733624454,0.018291824961305755,68.68105263157895,0.286231884057971,0.5666666666666667,-0.11492063492063488,-0.5986219294489971,-0.4664295359084441,-0.27522935779816515,0.5354330708661418,0.10401891252955082,1.4071338497568004,-0.018541595861183487,-0.45884604624431063,Oil & Gas E&P,Energy,MRO
2018Q3,2018,Q3,2018-11-08,2018-09-30,254000000.0,1538000000.0,423000000.0,0.3,545000000.0,0.3543563068920676,21778000000.0,12044000000.0,3065000000.0,2142000000.0,9734000000.0,110000000.0,7357000000.0,19994680000.0,23928680000.0,14.372315035799522,1.430905695611578,0.25245660758563687,0.45649285951511126,0.017156423622920837,14.372315035799522,0.021089339090003323,13.000442132639792,19.679803149606297,1.6601361673862505,0.16929133858267717,9.027272727272727,0.002150572052165876,0.07062172834971071,1.3534080298786182,0.011663146294425566,103.06536082474227,0.3543563068920676,1.7272727272727273,-0.6233856659298438,-0.6573612906356566,-0.4650296551379245,0.08134920634920635,1.6458333333333333,1.0634146341463415,1.273965924335072,-0.10223039993378122,-0.49676455757764276,Oil & Gas E&P,Energy,MRO
2018Q2,2018,Q2,2018-08-02,2018-06-30,96000000.0,1447000000.0,205000000.0,0.11,504000000.0,0.3483068417415342,21871000000.0,12132000000.0,3087000000.0,2044000000.0,9739000000.0,117000000.0,7146000000.0,17814440000.0,21644440000.0,14.206088992974239,1.5102739726027397,0.25133738740798317,0.45309924167490934,0.007973874216996345,14.206088992974239,0.00791295746785361,12.311292328956462,46.39177083333333,1.4683844378503133,0.4479166666666667,8.05982905982906,0.0024137721982840886,0.0661606693795437,1.3909001956947162,0.004389374056970418,138.09643410852712,0.3483068417415342,-0.7364328826335627,-0.8126463700234192,-0.6929531986519911,-0.46972697623617526,-0.16,-0.7303370786516854,-0.6416083916083916,1.1971581463639562,-0.23013768605692905,-0.5243089203559422,Oil & Gas E&P,Energy,MRO
2018Q1,2018,Q1,2018-05-03,2018-03-31,356000000.0,1537000000.0,572000000.0,0.417351,600000000.0,0.3903708523096942,21634000000.0,12034000000.0,2902000000.0,1909000000.0,9600000000.0,110000000.0,7093000000.0,13758890000.0,17640890000.0,14.107854630715122,1.5201676270298585,0.2539983359526671,0.45662290177829484,0.022169586800325217,14.107854630715122,0.02958284859564567,8.951782693558881,9.662141853932583,1.1433347182981553,0.11797752808988764,8.518181818181818,0.0030525718281053196,0.07104557640750671,1.4211629125196439,0.016455579180918924,-1058.3761538461538,0.3903708523096942,13.669651801706083,-0.22850085246664364,-0.6703545171169697,-0.46264465899793916,1.0477815699658704,13.714285714285714,1.75,2.020694224985983,-0.18041366605258738,-0.5390705771668582,Oil & Gas E&P,Energy,MRO
2017Q4,2017,Q4,2018-02-22,2017-12-31,-28000000.0,1230000000.0,208000000.0,-0.032941,293000000.0,0.23821138211382115,22012000000.0,11708000000.0,2566000000.0,1968000000.0,10304000000.0,126000000.0,6779000000.0,14390500000.0,19321500000.0,13.774117647058823,1.3038617886178863,0.2495911321097583,0.4692517936453707,-0.002564888508383451,13.774117647058823,-0.0023915271609156134,11.699593495934959,-128.48660714285714,1.2291168431841477,-1.5,7.436507936507937,0.0029185921267502863,0.0558786116663638,1.2159552845528456,-0.0012720334363074686,-85.6577380952381,0.23821138211382115,0.9532556839306037,-1.0723273657289003,-0.7418444137685354,-0.46735759030407553,0.7337278106508875,0.9532554257095158,1.5517241379310345,-1.0240121966713251,-0.5926752686061914,-0.5576817596686628,Oil & Gas E&P,Energy,MRO
2017Q3,2017,Q3,2017-11-02,2017-09-30,-599000000.0,1162000000.0,-377000000.0,-0.704706,169000000.0,0.14543889845094665,22947000000.0,11775000000.0,3690000000.0,1762000000.0,11172000000.0,132000000.0,6849000000.0,11526000000.0,16219000000.0,13.852941176470589,2.094211123723042,0.28273848433346405,0.5509978768577495,-0.026997936745183845,13.852941176470589,-0.05087048832271762,9.919104991394148,-4.8105175292153595,0.9788535031847134,-0.07178631051752922,7.5227272727272725,0.003730695818150269,0.05063842768117837,1.977866061293984,-0.02610363010415305,339.0,0.14543889845094665,-3.309364088326841,-2.10560522875817,-0.7610439392394739,-0.4585819048611473,1.2236842105263157,-3.3093525179856114,-13.5,-2.1036577043810567,-0.6784791965566714,-0.5376873680353186,Oil & Gas E&P,Energy,MRO
2017Q2,2017,Q2,2017-08-03,2017-06-30,-139000000.0,993000000.0,-26000000.0,-0.163529,76000000.0,0.07653575025176233,24241000000.0,12405000000.0,4424000000.0,2082000000.0,11836000000.0,140000000.0,7491000000.0,10072500000.0,14721500000.0,14.594117647058823,2.1248799231508166,0.29961635246070706,0.5854897218863362,-0.0018058703041924518,14.594117647058823,-0.01120515920999597,10.143504531722055,-18.116007194244602,0.8119709794437726,-0.30935251798561153,6.55,0.004269049391908662,0.04096365661482612,1.9803073967339098,-0.005734086877604059,-419.6875,0.07653575025176233,0.9719984589041096,-1.2937703936536447,-0.7785246730271056,-0.4206664571929419,-0.5189873417721519,0.9719588460762558,-1.4193548387096775,-1.2047145969498911,-0.7265488023464234,-0.5034415376780871,Oil & Gas E&P,Energy,MRO
2017Q1,2017,Q1,2017-05-05,2017-03-31,-4957000000.0,988000000.0,62000000.0,-5.84,158000000.0,0.15991902834008098,24537000000.0,12584000000.0,3743000000.0,3099000000.0,11953000000.0,145000000.0,7673000000.0,13430000000.0,18204000000.0,14.804705882352941,1.207808970635689,0.29604271100786567,0.5772409408773045,0.009761688835147117,14.804705882352941,-0.39391290527654166,13.593117408906883,-0.677324994956627,1.0672282263191355,-0.008472866653217672,5.724137931034483,0.0031273268801191357,0.04026572115580552,1.0458212326556955,-0.20202143701348982,42.9073482428115,0.15991902834008098,-2.604938271604938,-10.873443362956692,-0.7928770377408915,-0.4027017342167451,1.8727272727272728,-2.6156090444930706,0.16981132075471697,-4.517330671171863,-0.7609760865770641,-0.48196611075634493,Oil & Gas E&P,Energy,MRO
2016Q4,2016,Q4,2017-02-24,2016-12-31,-1371000000.0,1200000000.0,53000000.0,-1.62,55000000.0,0.04583333333333333,31094000000.0,17541000000.0,3665000000.0,2240000000.0,13553000000.0,227000000.0,12672000000.0,14661569999.999998,19446570000.0,20.70956316410862,1.6361607142857142,0.23396796809673892,0.4147426030442962,0.12200294165054804,20.70956316410862,-0.07815974003762613,12.217975,-2.673517505470459,0.8358457328544552,-0.031363967906637494,5.044052863436123,0.002932837342794803,0.038592654531420856,1.503125,-0.044092107802148325,75.96668393782383,0.04583333333333333,-6.043478260869565,-3.0756511248314533,-0.7309407614236316,-0.1499806163985268,1.9482758620689655,-6.140625,1.2610837438423645,-4.008538370720189,-0.6625135878227284,-0.253796240416475,Oil & Gas E&P,Energy,MRO
2016Q3,2016,Q3,2016-11-03,2016-09-30,-192000000.0,1100000000.0,-203000000.0,-0.23,-58000000.0,-0.05272727272727273,32310000000.0,18922000000.0,3042000000.0,1408000000.0,13388000000.0,221000000.0,14086000000.0,13391070000.0,18716070000.0,22.340023612750887,2.1605113636363638,0.22525533890436397,0.384631645703414,-0.005129770992366413,22.340023612750887,-0.01014691893034563,12.1737,-17.436289062500002,0.7076984462530388,-0.21875,5.239819004524887,0.0031364185236878008,0.03404518724852987,1.9431818181818181,-0.005942432683379758,98.46375,-0.05272727272727273,-0.1472923899596951,-1.3979535615899252,-0.7488094060455323,-0.051602771156802035,0.5703703703703704,-0.12941176470588237,-0.3355263157894737,-1.281659864340804,-0.7575437501500348,-0.16845336978967687,Oil & Gas E&P,Energy,MRO
2016Q2,2016,Q2,2016-08-04,2016-06-30,-170000000.0,959000000.0,-152000000.0,-0.200472,-135000000.0,-0.14077163712200208,32527000000.0,19153000000.0,3754000000.0,1382000000.0,13374000000.0,272000000.0,14320000000.0,12728480000.0,17425480000.0,22.58608490566038,2.7163531114327064,0.22384480585359856,0.38014932386571293,-0.00410726445378787,22.58608490566038,-0.008875894115804313,13.272659019812304,-18.71835294117647,0.6645684749125463,-0.2529411764705882,4.022058823529412,0.0033782509773358643,0.02948319857349279,2.4645441389290883,-0.005226427275801642,-105.19404958677686,-0.14077163712200208,0.6420142857142858,-1.1435103622035312,-0.7846918532886615,-0.03609992591513441,0.5933734939759037,0.5823095823095823,0.745819397993311,-1.3341194968553458,-0.7950647471274331,-0.1569254885117045,Oil & Gas E&P,Energy,MRO
2016Q1,2016,Q1,2016-05-05,2016-03-31,-407000000.0,772000000.0,-598000000.0,-0.56,-332000000.0,-0.43005181347150256,32868000000.0,19351000000.0,3268000000.0,1526000000.0,13517000000.0,306000000.0,14533000000.0,8132200000.0,13341200000.0,26.508219178082193,2.1415465268676277,0.2215224534501643,0.3762596248255904,-0.013380461950462396,26.508219178082193,-0.021032504780114723,10.533937823834197,-4.995208845208846,0.4202470156581055,-0.08353808353808354,3.607843137254902,0.004180910454735496,0.023487890957770475,1.8682830930537353,-0.012382864792503346,-21.400526315789474,-0.43005181347150256,0.5213675213675213,-1.3979988446938438,-0.964100890460011,-0.23710407465628658,-1.1699346405228759,0.48675914249684743,0.34573304157549234,-2.0306377195178658,-0.8065286184559838,0.009673938997320516,Oil & Gas E&P,Energy,MRO
2015Q4,2015,Q4,2016-02-25,2015-12-31,-793000000.0,1164000000.0,-914000000.0,-1.17,-153000000.0,-0.13144329896907217,32311000000.0,18553000000.0,2590000000.0,1729000000.0,13758000000.0,313000000.0,14974000000.0,8536020000.0,14592020000.0,27.364306784660766,1.4979757085020242,0.22521741821670638,0.3922276720745971,-0.02803243987912977,27.364306784660766,-0.04274241362582871,7.333350515463917,-2.6910529634300127,0.46008839540775076,-0.0416141235813367,4.207667731629393,0.00386597032340599,0.036024883166723407,1.2336610757663389,-0.024542725387638884,-48.500113636363636,-0.13144329896907217,-0.0540540540540539,-2.1762432416622794,-0.9379738421994024,-0.1826739381132832,-2.8214285714285716,-0.05874499332443257,0.14579439252336449,-3.5680710529690907,-0.6937200074137095,0.05817234024805341,Oil & Gas E&P,Energy,MRO
2015Q3,2015,Q3,2015-11-05,2015-09-30,-749000000.0,1384000000.0,-1070000000.0,-1.11,84000000.0,0.06069364161849711,34674000000.0,19335000000.0,3858000000.0,2848000000.0,15339000000.0,324000000.0,15800000000.0,10425800000.0,17103800000.0,28.559822747415065,1.3546348314606742,0.24104516352310087,0.43227307990690456,-0.025274938238140362,28.559822747415065,-0.03873803982415309,7.533092485549133,-3.4799065420560753,0.5392190328419965,-0.18958611481975968,4.012345679012346,0.013620057933204165,0.039914633442925535,1.1836376404494382,-0.021601199746207535,-78.98333333333333,0.06069364161849711,-0.947368421052632,-2.1286057488242585,-0.9218593629165168,-0.13180877930019277,2.230769230769231,-0.9404145077720207,-2.2035928143712575,-2.7357426555063182,-0.6426627677046873,0.11621096433099176,Oil & Gas E&P,Energy,MRO
2015Q2,2015,Q2,2015-08-06,2015-06-30,-386000000.0,1490000000.0,-334000000.0,-0.57,26000000.0,0.0174496644295302,35770000000.0,20218000000.0,4130000000.0,3052000000.0,15552000000.0,336000000.0,16691000000.0,17967580000.0,24751580000.0,29.86410635155096,1.353211009174312,0.23360357841766843,0.4132950835888812,-0.011510035525374145,29.86410635155096,-0.019091898308438025,12.058778523489933,-11.637033678756476,0.8886922544267485,-0.3704663212435233,4.357142857142857,0.007958779089894133,0.04165501817165222,1.2096985583224116,-0.010791165781381045,-39.05995652173913,0.0174496644295302,-0.39024390243902435,-1.5709666599304575,-0.9158700739379502,-0.07169057792560826,1.2795698924731183,-0.39855072463768115,0.10455764075067024,-2.0242613535993628,-0.5827535709922622,0.18549671544531776,Oil & Gas E&P,Energy,MRO
2015Q1,2015,Q1,2015-05-07,2015-03-31,-276000000.0,1484000000.0,-373000000.0,-0.41,-93000000.0,-0.06266846361185983,34736000000.0,20660000000.0,2968000000.0,3561000000.0,14076000000.0,379000000.0,17220000000.0,17624250000.0,22892250000.0,30.607407407407408,0.8334737433305252,0.18407415937356056,0.309486931268151,-0.009060186505296285,30.607407407407408,-0.013359148112294288,11.87617924528302,-15.96399456521739,0.8530614714424007,-0.5144927536231884,4.160949868073879,0.008057080443139424,0.042722247812068175,0.6927829261443414,-0.007945647167204053,-15.419291338582678,-0.06266846361185983,-1.2992700729927007,-1.6343593484074885,-0.907327608226538,-0.023680575342967962,-1.188259109311741,-1.2980561555075594,-1.6083916083916083,-1.6922675193178789,-0.6082397591938229,0.23486082802615185,Oil & Gas E&P,Energy,MRO
2014Q4,2014,Q4,2015-03-02,2014-12-31,926000000.0,2398000000.0,-143000000.0,1.37,494000000.0,0.20600500417014178,36011000000.0,21020000000.0,4593000000.0,4379000000.0,14991000000.0,357000000.0,17638000000.0,19095750000.0,23088750000.0,31.14074074074074,1.048869604932633,0.1774735497486879,0.30404376784015225,-0.0024137820256275805,31.14074074074074,0.044053282588011416,7.963198498748957,5.155440064794816,0.9084562321598478,0.15334773218142547,5.333333333333333,0.007436209627796762,0.06659076393324262,0.9424526147522265,0.025714365055122045,-52.174180327868854,0.20600500417014178,1.1406250000000002,1.7398393322900365,-0.8432224481421544,0.007703568470341624,-0.44306651634723787,1.148491879350348,-1.281496062992126,0.7591688592052892,-0.32532366194087264,0.2781647318960751,Oil & Gas E&P,Energy,MRO
2014Q3,2014,Q3,2014-11-04,2014-09-30,431000000.0,2870000000.0,508000000.0,0.64,887000000.0,0.30905923344947733,36700000000.0,20226000000.0,4204000000.0,4176000000.0,16474000000.0,379000000.0,16854000000.0,25373250000.000004,31035250000.000004,29.964444444444446,1.0067049808429118,0.17501362397820164,0.3175615544348858,0.01279258104520735,29.964444444444446,0.02130920597251063,8.840853658536586,14.717662412993041,1.254486799169386,0.3271461716937355,5.2321899736147754,0.005557033489994384,0.0782016348773842,0.6726532567049809,0.011743869209809264,69.51575342465755,0.30905923344947733,-0.20000000000000004,0.09614922428481748,-0.7917688082501235,-0.03830559453573345,-0.047261009667024706,-0.20185185185185187,-0.13458262350936967,0.12095473251028793,-0.17762060210373604,0.2720754716981132,Oil & Gas E&P,Energy,MRO
2014Q2,2014,Q2,2014-08-05,2014-06-30,540000000.0,2888000000.0,587000000.0,0.8,931000000.0,0.3223684210526316,35935000000.0,19868000000.0,4218000000.0,3974000000.0,16067000000.0,404000000.0,16564000000.0,26985920000.0,32246920000.0,29.390532544378697,1.0613990941117262,0.17893418672603312,0.32363599758405476,0.01572522908069025,29.390532544378697,0.027179383933964164,9.34415512465374,12.493481481481483,1.3582605194282265,0.2351851851851852,4.844059405940594,0.004706157877885949,0.08036732990121052,0.8080020130850528,0.015027132322248504,-296.54857142857145,0.3223684210526316,-0.5151515151515151,0.3713340114904652,-0.7732458265817704,-0.04470326988655864,-0.33783783783783783,-0.5300261096605744,-0.5033840947546532,-0.4281564126327797,-0.18662990496204004,0.25429159658478545,Oil & Gas E&P,Energy,MRO
2014Q1,2014,Q1,2014-05-07,2014-03-31,1149000000.0,3370000000.0,1182000000.0,1.65,1406000000.0,0.4172106824925816,36151000000.0,19805000000.0,4787000000.0,4314000000.0,16346000000.0,405000000.0,16151000000.0,24615360000.000004,29111360000.000004,28.57864357864358,1.1096430227167362,0.17869491853614008,0.3261802575107296,0.021505789359304164,28.57864357864358,0.05801565261297652,7.30426112759644,5.355822454308095,1.2428861398636708,0.11575282854656223,4.849382716049383,0.005403130403130402,0.09322010456142292,0.9703291608715809,0.031783353157589005,58.74787589498808,0.4172106824925816,2.0555555555555554,3.1685394983267323,-0.667103732952917,-0.05805130876024831,0.19456244689889549,2.064,0.6258596973865199,0.18357846972304798,-0.8349232529227755,-0.17751809008639605,Oil & Gas E&P,Energy,MRO
2013Q4,2013,Q4,2014-02-28,2013-12-31,375000000.0,2926000000.0,727000000.0,0.54,1177000000.0,0.40225563909774437,35620000000.0,19344000000.0,2975000000.0,4333000000.0,16276000000.0,364000000.0,15135000000.0,24604099999.999996,30937099999.999996,27.7532281205165,0.6865912762520194,0.1852049410443571,0.34103598014888337,0.009101818430412214,27.7532281205165,0.019385856079404466,8.408783321941215,16.402733333333334,1.2719241108354011,0.352,4.804945054945055,0.005364959498620149,0.08214486243683324,0.5534271867066698,0.010527793374508702,87.55907473309607,0.40225563909774437,-0.325,10.303810756902404,-0.8106751544621752,-0.08089874644092684,-0.3084606345475911,-0.3409490333919156,-0.48874824191279886,-0.4589316414743885,-0.848332287396101,-0.17105750849494272,Oil & Gas E&P,Energy,MRO
2013Q3,2013,Q3,2013-11-06,2013-09-30,569000000.0,3787000000.0,1422000000.0,0.8,1702000000.0,0.4494322682862424,35776000000.0,18994000000.0,3455000000.0,4673000000.0,16782000000.0,360000000.0,14892000000.0,24660160000.0,31007160000.0,26.865629420084865,0.7393537342178472,0.1873043381037567,0.3527956196693693,0.023222210167950445,26.865629420084865,0.0299568284721491,6.511792975970425,10.834868189806679,1.2983131515215331,0.23725834797891038,5.791666666666667,0.005474417035412584,0.10585308586762075,0.624010271774021,0.015904516994633272,49.02616302186879,0.4494322682862424,0.3333333333333335,-0.7243217054263565,-0.836159903089037,-0.13376202854927718,-0.14256926952141058,0.33568075117370894,-0.09714285714285714,-0.1790022598318945,-0.7952587183348213,-0.1833106316038596,Oil & Gas E&P,Energy,MRO
2013Q2,2013,Q2,2013-08-08,2013-06-30,426000000.0,3918000000.0,1575000000.0,0.6,1985000000.0,0.5066360387953037,35048000000.0,19021000000.0,3281000000.0,4008000000.0,16027000000.0,368000000.0,14458000000.0,24729300000.0,30979300000.0,26.79014084507042,0.8186127744510978,0.1853458114585711,0.34151727038536356,0.017482869159400616,26.79014084507042,0.02239629882761159,6.311715160796324,14.5125,1.3001051469428526,0.284037558685446,5.252717391304348,0.004892981200438347,0.1117895457658069,0.6709081836327345,0.012154759187400136,-57.11154734411085,0.5066360387953037,0.111111111111111,-0.44961240310077527,-0.8211938663745892,-0.05410512705753648,-0.00997506234413965,0.1122715404699739,0.06418918918918919,-0.39915373765867423,-0.7890599763109724,-0.16724311545028675,Oil & Gas E&P,Energy,MRO
2013Q1,2013,Q1,2013-05-10,2013-03-31,383000000.0,3870000000.0,1480000000.0,0.54,2005000000.0,0.5180878552971576,35109000000.0,18588000000.0,3777000000.0,4629000000.0,16521000000.0,368000000.0,14153000000.0,23788800000.0,29564800000.0,26.25423728813559,0.8159429682436812,0.18639095388646787,0.3520550893049279,0.016018829670250166,26.25423728813559,0.02060469119862277,6.146976744186047,15.52793733681462,1.2797934151065204,0.3133159268929504,5.067934782608695,0.005044390637610976,0.11022814662906948,0.6986390149060272,0.010908883761998348,155.48235294117646,0.5180878552971576,0.20000000000000004,-0.47479567759125724,-0.782328575037708,-0.05263058710009895,1.8439716312056738,0.18944099378881987,-0.11957168352171327,-0.1607418808490647,-0.7695917894354984,-0.16253861352012716,Oil & Gas E&P,Energy,MRO
2012Q4,2012,Q4,2013-02-22,2012-12-31,322000000.0,3963000000.0,1681000000.0,0.45,705000000.0,0.17789553368660105,35306000000.0,18283000000.0,3762000000.0,5081000000.0,17023000000.0,361000000.0,13890000000.0,21676620000.0,27888620000.0,25.85997171145686,0.7404054320015745,0.19532090862742876,0.377180987802877,0.013253612151789735,25.85997171145686,0.0176119892796587,5.4697501892505676,16.82967391304348,1.1856161461466936,0.37267080745341613,9.024930747922438,0.0055359184227061235,0.112247210105931,0.6101161188742373,0.009120262844842237,-95.91424778761062,0.17789553368660105,-0.291,-0.5161172415367284,-0.764297695711113,-0.045255793161642355,-0.717434869739479,-0.28444444444444444,-0.05667789001122334,-0.09039185608701712,-0.7526322202386162,-0.16318028555805955,Oil & Gas E&P,Energy,MRO
2012Q3,2012,Q3,2012-11-07,2012-09-30,450000000.0,4039000000.0,1782000000.0,0.6346967559943583,2495000000.0,0.6177271601881654,34558000000.0,18064000000.0,4037000000.0,6782000000.0,16494000000.0,324000000.0,13688000000.0,21074100000.0,26943100000.0,25.586402266288953,0.5952521380123857,0.18924706290873314,0.3620460584588131,0.018850353626898308,25.586402266288953,0.02491142604074402,5.217652884377321,11.707833333333333,1.1666352967227636,0.26666666666666666,4.765432098765432,0.0056941933463350745,0.1168759766190173,0.47861987614273077,0.013021586897389895,-81.68255813953489,0.6177271601881654,0.13338706427563965,-0.5750708213216504,-0.7473024701581695,0.04398819992303966,0.1377108983128135,0.1450381679389313,0.20813559322033898,0.0942183566661409,-0.7198202051862669,-0.17881674859450147,Oil & Gas E&P,Energy,MRO
2012Q2,2012,Q2,2012-08-03,2012-06-30,393000000.0,3724000000.0,1475000000.0,0.56,2193000000.0,0.5888829215896885,32250000000.0,17785000000.0,3254000000.0,4691000000.0,14465000000.0,335000000.0,13358000000.0,18052420000.0,22850420000.0,25.191218130311615,0.6936687273502451,0.16279069767441862,0.29519257801518134,0.01774680278952462,25.191218130311615,0.02209727298285072,4.847588614393126,11.483727735368957,1.0150362665167276,0.30279898218829515,4.570149253731343,0.006591913992694608,0.11547286821705427,0.5363461948411853,0.012186046511627907,-45.70232911392405,0.5888829215896885,-0.0508474576271185,-0.7547765534871607,-0.7665612048489684,0.08764160738272468,-0.06680851063829787,-0.05755395683453238,0.05810616929698709,-0.04438263517823701,-0.7200311152413361,-0.18119590820194678,Oil & Gas E&P,Energy,MRO
2012Q1,2012,Q1,2012-05-04,2012-03-31,417000000.0,3962000000.0,1394000000.0,0.59,2350000000.0,0.5931347804139323,31851000000.0,17499000000.0,3445000000.0,4673000000.0,14345000000.0,296000000.0,13084000000.0,22380200000.0,26623200000.0,24.78611898016997,0.7372137812968115,0.1493202725189162,0.27178695925481455,0.01943443688416728,24.78611898016997,0.023829933139036516,5.648712771327612,13.417386091127097,1.2789416538087892,0.290167865707434,5.445945945945946,0.005406564731325011,0.12439169884775989,0.5876310721164134,0.013092210605632476,-508.6409090909091,0.5931347804139323,-0.24358974358974367,-0.43206580948119516,-0.699357215114742,0.15522731302034093,0.20698510529019004,-0.24043715846994534,0.10372129849564529,0.4850069314688688,-0.6158312547985912,-0.18305246818183674,Oil & Gas E&P,Energy,MRO
2011Q4,2011,Q4,2011-12-31,2011-12-31,549000000.0,3707000000.0,1263000000.0,0.78,1947000000.0,0.5252225519287834,31371000000.0,17152000000.0,3224000000.0,4394000000.0,14212000000.0,361000000.0,12788000000.0,20606080000.0,24928080000.0,24.363636363636363,0.7337278106508875,0.15348570335660322,0.28072527985074625,0.0259153844963594,24.363636363636363,0.03200792910447761,5.558694362017804,9.383460837887068,1.2013805970149254,0.1912568306010929,4.875346260387811,0.00509558343945088,0.11816645946893628,0.556440600819299,0.017500239074304293,69.61513513513513,0.5252225519287834,0.3684210526315791,-0.5017307833523781,-0.7931013684128505,0.1499180631702111,0.03015873015873016,0.35555555555555557,-0.05251312828207052,14.485345066518846,-0.7625260400101775,-0.19315156327627725,Oil & Gas E&P,Energy,MRO
2011Q3,2011,Q3,2011-09-30,2011-09-30,405000000.0,3676000000.0,1333000000.0,0.57,1890000000.0,0.514145810663765,30541000000.0,16748000000.0,7154000000.0,4125000000.0,13785000000.0,342000000.0,12352000000.0,15343379999.999998,15753379999.999998,23.555555555555557,1.7343030303030302,0.16512229462034642,0.30111058036780514,0.01901356686047628,23.555555555555557,0.02418199187962742,4.173933623503808,9.47122222222222,0.916132075471698,0.2617283950617284,5.222222222222222,0.006908516897841285,0.12036279100225926,1.5403636363636364,0.013260862447202123,47.21039999999999,0.514145810663765,-0.5899280575539568,-0.7496174712791596,-0.757259458648632,0.16279329055570949,0.015037593984962405,-0.5933734939759037,0.4364224137931034,-0.804882984986753,-0.8418569149158205,-0.24048990843353954,Oil & Gas E&P,Energy,MRO
2011Q2,2011,Q2,2011-06-30,2011-06-30,996000000.0,3745000000.0,928000000.0,1.39,1862000000.0,0.497196261682243,30490000000.0,16707000000.0,7314000000.0,4161000000.0,13783000000.0,343000000.0,12053000000.0,37560840000.0,37871840000.0,23.431977559607294,1.7577505407354002,0.1647097408986553,0.3005925659903035,0.01390924017586731,23.431977559607294,0.059615729933560783,10.029596795727636,9.427921686746988,2.248209732447477,0.178714859437751,5.489795918367347,0.0047389781485185105,0.12282715644473598,1.5751021389089161,0.032666448015742866,34.84307977736549,0.497196261682243,0.0,-0.42276262528844827,-0.7755341602726583,0.25474435544436647,-0.4364406779661017,0.0,-0.5587256300523062,0.28140730834882627,-0.8298082038724834,-0.172673724833598,Oil & Gas E&P,Energy,MRO
2011Q1,2011,Q1,2011-03-31,2011-03-31,996000000.0,20945000000.0,2103000000.0,1.39,3304000000.0,0.15774647887323945,51865000000.0,24705000000.0,15775000000.0,11782000000.0,27160000000.0,3088000000.0,20725000000.0,37903410000.0,40528410000.0,34.74683544303797,1.3389068069937193,0.160821363154343,0.33762396276057477,0.03603411607029284,34.74683544303797,0.0403157255616272,1.8096638815946526,9.513908132530121,1.5342404371584701,0.178714859437751,5.712759067357513,0.004696147391487995,0.40383688421864455,1.041673739602784,0.01920370191844211,24.773470588235295,0.15774647887323945,0.3978753541076486,-0.47538952492013964,0.29785421148532965,1.0783714365761912,0.2425723956374577,0.41076487252124644,0.6959677419354838,0.36004260400468685,0.17309849324252133,0.25382004940879355,Oil & Gas E&P,Energy,MRO
2010Q4,2010,Q4,2010-12-31,2010-12-31,706000000.0,19652000000.0,1240000000.0,0.9943661971830986,2659000000.0,0.13530429472827193,50014000000.0,23771000000.0,13829000000.0,11113000000.0,26243000000.0,3453000000.0,19907000000.0,26291300000.0,30236300000.0,33.48028169014084,1.2443984522631153,0.1578757947774623,0.3321694501703757,0.02280955666855409,33.48028169014084,0.02970005468848597,1.3378434764909424,9.309950424929179,1.1060241470699594,0.2521246458923513,4.921227917752679,0.006770300441590944,0.3929299796057104,0.8981373166561685,0.014116047506698124,14.963745019920319,0.13530429472827193,0.014659384880712875,-0.4280265793687023,0.598572552156498,1.0813144826864647,-0.012991833704528583,0.014367816091954023,-0.17662682602921648,0.056452663042928286,0.16387831473056852,0.23608429829861957,Oil & Gas E&P,Energy,MRO
2010Q3,2010,Q3,2010-09-30,2010-09-30,696000000.0,18575000000.0,1506000000.0,0.98,2694000000.0,0.1450336473755047,48123000000.0,23356000000.0,11600000000.0,9604000000.0,24767000000.0,3969000000.0,19379000000.0,23501000000.0,29800000000.0,32.89577464788732,1.2078300708038316,0.16503543004384597,0.34004110292858364,0.022643807347208805,32.89577464788732,0.02979962322315465,1.2651951547779272,8.441451149425287,1.0062082548381572,0.25287356321839083,4.0012597631645255,0.007489043019445981,0.3859900671196725,0.735006247396918,0.014462938719531202,-87.69029850746269,0.1450336473755047,-0.020000000000000018,-0.07082304239985371,0.10705703429178977,1.2560832899566161,-0.0051698670605613,-0.018335684062059238,-0.041374920432845325,-0.3464788729193969,0.1555861238380967,0.34222858697761427,Oil & Gas E&P,Energy,MRO
2010Q2,2010,Q2,2010-06-30,2010-06-30,709000000.0,18574000000.0,1571000000.0,1.0,2708000000.0,0.14579519758802628,47496000000.0,22841000000.0,11260000000.0,9302000000.0,24655000000.0,3586000000.0,18859000000.0,22073900000.0,27941900000.0,32.170422535211266,1.2104923672328531,0.1669614283308068,0.34718269778030736,0.02477596586793111,32.170422535211266,0.031040672474935423,1.1884300635296652,7.783462623413258,0.9664156560570903,0.25105782792665726,4.424428332403792,0.008063821979804204,0.3910645106956375,0.762201677058697,0.014927572848239852,182.4289256198347,0.14579519758802628,0.5625,0.02947582403155932,0.21889573894639078,1.2416695260257131,0.08493589743589744,0.5514223194748359,0.571,-0.560091828671513,0.15775097195257873,0.3889717398888557,Oil & Gas E&P,Energy,MRO
2010Q1,2010,Q1,2010-03-31,2010-03-31,457000000.0,16820000000.0,1000000000.0,0.64,2496000000.0,0.1483947681331748,47725000000.0,22227000000.0,11739000000.0,9385000000.0,25498000000.0,3848000000.0,18328000000.0,22432760000.0,28252760000.0,31.34978843441467,1.2508257858284497,0.17889994761655317,0.38412741260628963,0.015313961339787312,31.34978843441467,0.020560579475412788,1.3336956004756242,12.271750547045952,1.0092572096999144,0.37636761487964987,3.7224532224532223,0.007667357917616914,0.35243583027763226,0.8172615876398508,0.009575694080670508,-44.95543086172345,0.1483947681331748,0.2781971830985916,0.37142514153998857,0.2570414889316996,1.5798428449908097,0.21934538348803126,0.28732394366197184,0.007049345417925478,-0.3802213300816558,0.2709274849752652,0.4611457278091654,Oil & Gas E&P,Energy,MRO
2009Q4,2009,Q4,2010-02-26,2009-12-31,355000000.0,16066000000.0,993000000.0,0.5007052186177715,2047000000.0,0.12741192580605004,47052000000.0,21910000000.0,10637000000.0,9057000000.0,25142000000.0,3622000000.0,18043000000.0,22134980000.0,28609980000.0,30.90267983074753,1.1744507011151595,0.18133129303749043,0.3894112277498859,0.007156849032124783,30.90267983074753,0.01620264719306253,1.3777530187974605,15.588014084507043,1.0102683706070288,0.476056338028169,3.8705135284373275,0.007634974144995839,0.3414520105415285,0.7525670751904604,0.007544844002380345,46.01866943866944,0.12741192580605004,-0.136715140314187,-0.19541491443676204,0.1861043663936824,1.6264485223135479,-0.010154738878143133,-0.14043583535108958,-0.02359882005899705,-0.6800762442174035,-0.1096326645332992,0.45854868326554415,Oil & Gas E&P,Energy,MRO
2009Q3,2009,Q3,2009-11-06,2009-09-30,413000000.0,14477000000.0,1017000000.0,0.58,2068000000.0,0.14284727498791186,45415000000.0,22091000000.0,9626000000.0,8244000000.0,23324000000.0,3680000000.0,17857000000.0,22617100000.0,29933100000.0,31.157968970380818,1.1676370693837943,0.19125839480347903,0.3931917975646191,0.01319074265723465,31.157968970380818,0.018695396315241503,1.562278096290668,13.690738498789345,1.0238151283328052,0.4116222760290557,3.3720108695652176,0.007516436678442417,0.31877133105802047,0.6960213488597768,0.009093911703181768,-88.69450980392156,0.14284727498791186,0.0,0.820345557122708,0.26716269587180574,1.811268171830107,-0.05224564619615032,0.0,-0.043273753527751646,-0.7439513943088901,-0.04133084691107743,0.5380778084665858,Oil & Gas E&P,Energy,MRO
2009Q2,2009,Q2,2009-08-06,2009-06-30,413000000.0,13358000000.0,1063000000.0,0.58,2182000000.0,0.16334780655786793,44441000000.0,21813000000.0,9114000000.0,7773000000.0,22628000000.0,3498000000.0,17614000000.0,21362170000.0,28487170000.0,30.76586741889986,1.1725202624469317,0.19398753403388763,0.39522303213679916,0.011321731923296713,30.76586741889986,0.01893366341172695,1.5992042221889504,12.93109564164649,0.9793320496951359,0.4116222760290557,3.1949685534591197,0.007957993031606807,0.30057829481784837,0.6979287276469831,0.009293220224567404,-52.35825980392157,0.16334780655786793,0.44999999999999984,0.14217760375528904,0.13529967172596685,1.8154973520011488,0.3435960591133005,0.4645390070921986,0.8814159292035398,-0.7592931493336733,-0.19483818692474103,0.6474622505084588,Oil & Gas E&P,Energy,MRO
2009Q1,2009,Q1,2009-05-08,2009-03-31,282000000.0,10357000000.0,565000000.0,0.4,1624000000.0,0.15680216278845224,43312000000.0,21511000000.0,8583000000.0,6928000000.0,21801000000.0,3496000000.0,17371000000.0,18639610000.0,25461610000.0,30.339915373765866,1.2388856812933025,0.20066032508311785,0.4040258472409465,0.00955702616872479,30.339915373765866,0.01310957184696202,1.7997113063628465,16.52447695035461,0.8665152712565665,0.6028368794326241,2.4979977116704806,0.009120362496854816,0.23912541558921316,0.6939953810623557,0.0065108976727004065,-23.866338028169015,0.15680216278845224,7.917073170731708,-0.041582408600387054,-0.058029575047593616,1.593773830166638,-0.6744838645019042,7.878048780487805,0.4675324675324675,-0.8510467122729818,-0.3564194837241213,0.8147728475690101,Oil & Gas E&P,Energy,MRO
2008Q4,2008,Q4,2009-02-27,2008-12-31,-41000000.0,15721000000.0,385000000.0,-0.05782792665726375,4989000000.0,0.31734622479486035,42686000000.0,21409000000.0,8403000000.0,7753000000.0,21277000000.0,3507000000.0,17259000000.0,19398240000.0,25298240000.0,30.19605077574048,1.0838385141235651,0.1683221665182964,0.3356065206221682,-0.0014191231086824448,30.19605077574048,-0.0019150824419636601,1.2339062400610648,-118.2819512195122,0.9060787519267597,-4.146341463414634,3.060165383518677,0.008763681653593315,0.36829405425666495,0.5720366309815555,-0.0009605022724078152,-6466.08,0.31734622479486035,-1.0199406643645736,-1.074125475483111,0.3747841827892618,2.0901209183566953,-0.17029768834192582,-1.0198643410852712,-0.8949809056192035,-1.0332634366613334,0.280612915479781,0.8771490150870395,Oil & Gas E&P,Energy,MRO
2008Q3,2008,Q3,2008-11-07,2008-09-30,2064000000.0,23114000000.0,3666000000.0,2.9,6013000000.0,0.26014536644457903,48906000000.0,21927000000.0,12373000000.0,12277000000.0,26979000000.0,4446000000.0,17470000000.0,28188090000.0,35161090000.0,31.014144271570014,1.0078194998778203,0.17282133071606756,0.3854608473571396,0.06729915241101744,31.014144271570014,0.09413052401149268,1.2195245305875226,3.4142550872093023,1.285542481871665,0.08187984496124032,3.846378767431399,0.005995439918064687,0.47262094630515683,0.6280850370611712,0.042203410624463256,427.0922727272727,0.26014536644457903,1.685185185185185,5.4875058888290456,1.213248643323916,2.394078176620456,1.6454025516937967,1.6666666666666667,1.299874529485571,1.7671826089384446,0.383423718313158,1.1270358698753595,Oil & Gas E&P,Energy,MRO
2008Q2,2008,Q2,2008-08-08,2008-06-30,774000000.0,21912000000.0,1594000000.0,1.08,2273000000.0,0.10373311427528295,48690000000.0,20109000000.0,14054000000.0,14827000000.0,28581000000.0,5015000000.0,15575000000.0,36827700000.0,43684700000.0,28.322535211267606,0.9478653807243542,0.16691312384473198,0.4041473966880501,0.02758486909039395,28.322535211267606,0.038490228256004774,1.6807092004381161,11.895251937984494,1.8314038490228255,0.2222222222222222,3.9160518444666,0.004670397554015049,0.4500308071472582,0.5998516220408714,0.01589648798521257,127.87395833333333,0.10373311427528295,0.058823529411764754,1.7253521126760565,1.2056971222145554,2.2032053686585034,-0.2672469374597034,0.058823529411764705,0.23565891472868217,0.12385654132641324,0.43794785354761034,0.9735446127074591,Oil & Gas E&P,Energy,MRO
2008Q1,2008,Q1,2008-05-09,2008-03-31,731000000.0,17822000000.0,1290000000.0,1.02,3102000000.0,0.17405453933340814,44765000000.0,19668000000.0,11414000000.0,11636000000.0,25097000000.0,3892000000.0,14973000000.0,32362718452.8,39367718452.8,27.712777012476348,0.9809212787899622,0.18304478945604824,0.4166158226560911,0.026054674283001192,27.712777012476348,0.03716697173073012,1.8158858968017058,11.067961167168262,1.6454503992678464,0.23255813953488372,3.7821171634121273,0.005252957975330151,0.3981235340109461,0.6301993812306634,0.016329721880933765,-45.26254329062937,0.17405453933340814,0.08368699514970067,1.08080807973178,0.7015550372759896,2.231344290834254,0.8574850299401198,0.09431137724550898,0.35932560590094836,1.1914893608765857,0.3305957827044306,1.2805451985755247,Oil & Gas E&P,Energy,MRO
2007Q4,2007,Q4,2008-02-29,2007-12-31,668000000.0,16878000000.0,949000000.0,0.9412311899702156,1670000000.0,0.0989453726744875,42746000000.0,19223000000.0,10587000000.0,11260000000.0,23523000000.0,3277000000.0,14412000000.0,43192873794.68,49208873794.68,27.085759228738706,0.9402309058614565,0.16878772282786694,0.375331633980128,0.024195824299320254,27.085759228738706,0.03475003901576237,2.5591227511956394,16.1649976776497,2.2469371999521406,0.25748502994011974,4.640830027464144,0.003982138368880308,0.3948439620081411,0.6321492007104795,0.015627193187666682,23.615567957725535,0.0989453726744875,-0.3683012147850902,2.009038584054286,0.9509772765983188,2.305518021821603,-0.26334362593736216,-0.34573947110675807,-0.41383570105003087,0.5124679139705203,0.2448075319640463,1.30204476413334,Oil & Gas E&P,Energy,MRO
2007Q3,2007,Q3,2007-11-07,2007-09-30,1021000000.0,15410000000.0,1619000000.0,1.49,2267000000.0,0.14711226476314082,35959000000.0,16682000000.0,13463000000.0,8821000000.0,19277000000.0,4604000000.0,13916000000.0,39165560019.18,41997560019.18,24.50832515939847,1.5262441900011336,0.16966545232069857,0.3657235343483995,0.04153065452828497,24.50832515939847,0.06120369260280542,2.5415678143530176,9.590000004696376,2.347773649393358,0.15964740450538686,2.8546915725456126,0.004161819719165928,0.4285436191217776,0.9853758077315498,0.028393448093662225,-88.81079369428572,0.14711226476314082,-0.3377777777777778,9.68531033959482,0.8950334457992883,2.029919309971451,-0.33732826658871673,-0.3412903225806452,-0.4125544267053701,3.6874999977044562,0.4049737025415465,1.2112954323491596,Oil & Gas E&P,Energy,MRO
2007Q2,2007,Q2,2007-08-07,2007-06-30,1550000000.0,15429000000.0,2756000000.0,2.25,3421000000.0,0.2217253224447469,33605000000.0,15815000000.0,11699000000.0,8813000000.0,17790000000.0,4310000000.0,13058000000.0,40941850204.68,43268850204.68,23.161322589461406,1.3274707817996143,0.1386103258443684,0.29453050901043315,0.07477607043000756,23.161322589461406,0.09800822004426178,2.6535647290608595,6.603524226561291,2.58879862185773,0.10580645161290322,2.786078886310905,0.004005681208350799,0.45912810593661657,0.8167479859298763,0.04612408867728017,108.31177302825397,0.2217253224447469,1.173913043478261,7.3721653603296815,0.9876220814676852,1.8707901050103102,0.08328055731475617,1.1617852161785216,1.094224924012158,3.4509803910692436,0.361592801035288,1.1195775672950234,Oil & Gas E&P,Energy,MRO
2007Q1,2007,Q1,2007-05-07,2007-03-31,717000000.0,12869000000.0,1316000000.0,1.035,3158000000.0,0.24539591265832622,31396000000.0,14792000000.0,10337000000.0,8849000000.0,16058000000.0,3536000000.0,11671000000.0,34067841349.954998,35247841349.955,21.45562063916813,1.1681545937394056,0.11233915148426551,0.23843969713358573,0.03858264673934044,21.45562063916813,0.04847214710654408,2.6472796137971093,11.878605770556138,2.3031261053241616,0.19246861924686193,2.7463235294117645,0.004050740948991248,0.4098929799974519,0.7440388744490903,0.022837304115173908,117.88180397908303,0.24539591265832622,-0.3386905609870251,8.454545452079428,1.0830877770115905,1.6643065195249902,0.3017312448474856,-0.33549582947173306,-0.2660345789180145,1.5060240961544962,0.20367297791269343,0.8342512376279562,Oil & Gas E&P,Energy,MRO
