Quarters,Year,Quarter,FillingDate,Date,NetIncome,Revenue,OperatingIncome,EPSDiluted,GrossProfit,GrossProfitRatio,TotalAssets,CommonStockEquity,CurrentAssets,CurrentLiability,TotalLiability,Inventory,RetainedEarnings,MarketCap,EnterpriseValue,bookValuePerShare,currentRatio,debtToAssets,debtToEquity,roic,shareholdersEquityPerShare,roe,priceToSalesRatio,peRatio,pbRatio,payoutRatio,inventoryTurnover,dividendYield,assetTurnover,quickRatio,returnOnAssets,priceToFreeCashFlowsRatio,grossProfitMargin,epsdilutedGrowth,fiveYNetIncomeGrowthPerShare,fiveYRevenueGrowthPerShare,fiveYShareholdersEquityGrowthPerShare,grossProfitGrowth,netIncomeGrowth,operatingIncomeGrowth,threeYNetIncomeGrowthPerShare,threeYRevenueGrowthPerShare,threeYShareholdersEquityGrowthPerShare,Industry,Sector,Symbol
2023Q1,2023,Q1,2023-04-24,2023-03-31,32751000.0,700795000.0,180558000.0,0.19,493862000.0,0.7047167859,36912465000.0,18883994000.0,1306581000.0,3062929000.0,14225698000.0,0.0,0.0,21448762560.0,31722615560.0,110.57238382986696,0.4265789380034601,0.3125585083521244,0.6109568240701623,0.001576346328817519,110.57238382986696,0.001734325905843859,30.60632932597978,163.7260126408354,1.1358170607340798,6.385484412689689,0.0,0.009750259457392212,0.01898532108327092,0.9287407576212181,0.000887261254429906,70.19263199921458,0.7047167859359728,-0.5957446808510638,-0.8588140637396477,0.2798970717238565,0.7823928477238093,0.059951194280673664,-0.5787436009569624,0.1382408008623896,0.24098216367883776,0.13268152900024371,0.44028022756907087,REIT—Office,Real Estate,ARE
2022Q4,2022,Q4,2023-01-30,2022-12-31,77746000.0,670281000.0,158629000.0,0.47,465929000.0,0.6951248805,35523399000.0,18972387000.0,865589000.0,2680390000.0,12840152000.0,-49099000.0,2506617000.0,24092798309.999996,33427367309.999996,114.71094302660934,0.3229339760258768,0.2860019673230031,0.5355025701299473,0.004382480816267749,114.71094302660934,0.0040978502072512015,35.944325305357005,77.47279059372829,1.2698875639633536,2.490468963033468,-4.162039960080653,0.008036592408596808,0.01886871805257149,0.9132555337096467,0.0021885856136683317,60.05737894571532,0.695124880460583,-0.7772511848341233,0.19169966151155504,0.3541718417437215,0.9252276036876819,0.015841696408910245,-0.774450530322371,-0.23749621461566933,-0.7348855035564688,0.13378135642007705,0.4772590754728461,REIT—Office,Real Estate,ARE
2022Q3,2022,Q3,2022-10-24,2022-09-30,344696000.0,659852000.0,208037000.0,2.11,458663000.0,0.6950998103,34368614000.0,17616335000.0,991132000.0,2019399000.0,13113235000.0,0.0,0.0,22648255260.0,33049309260.0,109.04301348156035,0.4908054327054733,0.31816464871117583,0.620723777108008,0.006457639706774298,109.04301348156035,0.019566839527063944,34.3232349981511,16.426253321767586,1.2856394511117095,0.0,0.0,0.0,0.019199261279491807,1.1011667332706414,0.010029383204105933,62.38535707005878,0.6950998102604826,0.26347305389221554,2.6741414184981105,0.33295183229151365,0.8674349889800619,0.024991061053007954,0.26626845055728215,0.28245324193369414,6.068053803817022,0.17275871132631998,0.5693887770675568,REIT—Office,Real Estate,ARE
2022Q2,2022,Q2,2022-07-25,2022-06-30,272214000.0,643764000.0,162218000.0,1.67,447480000.0,0.6950994464,33244053000.0,17139335000.0,524731000.0,2660469000.0,12781917000.0,-55740000.0,1533707000.0,23409582360.0,33260730360.0,106.18377196243154,0.19723251802595707,0.30896972760812286,0.5992884788120426,0.005129868038658851,106.18377196243154,0.015882413174140072,36.36360896229053,21.49924540986136,1.36583959412661,0.0,-3.521420882669537,0.0,0.01936478683871669,0.7836167232168464,0.008188351763246197,69.04789006412337,0.6950994463809719,2.7578947368421054,3.445910295095419,0.3175689934338862,0.8574877563697336,0.03168509949577739,2.8199894363136746,0.06465310730013717,1.3858556071770187,0.1887768408704804,0.5509693592479286,REIT—Office,Real Estate,ARE
2022Q1,2022,Q1,2022-04-25,2022-03-31,-149569000.0,615065000.0,152367000.0,-0.95,433737000.0,0.7051888825,32844256000.0,16929981000.0,1080820000.0,1388062000.0,12663640000.0,0.0,1261493000.0,31837347500.0,41771352500.0,107.01766773284112,0.7786539794331954,0.32605594719515035,0.6325503259572471,0.006922144591045285,107.01766773284112,-0.008834563960821929,51.762573874305964,-53.215150699677075,1.8805306101642998,-1.2291785062412666,0.0,0.005774570259033043,0.01872671434542466,1.8217932628369626,-0.004553886073717121,166.61266393142355,0.7051888824758359,-2.938775510204082,-2.998009438454583,0.2747185043028444,0.9047789575759351,0.08108303465052866,-2.9970492022164366,0.3882212524030358,-1.8129243515928983,0.20323640378649965,0.5706891071620547,REIT—Office,Real Estate,ARE
2021Q4,2021,Q4,2022-01-31,2021-12-31,74895000.0,576923000.0,109757000.0,0.49,401206000.0,0.6954238261,30219373000.0,16189542000.0,707233000.0,1733043000.0,11186123000.0,0.0,1227215000.0,34216333440.0,43081596440.0,105.49407027055206,0.4080873930998827,0.3053210601027361,0.5699117986166625,0.003186370587735469,105.49407027055206,0.0046261345750238025,59.308319203775895,114.21434488283597,2.1134837193047216,2.317377662060218,0.0,0.005072431279182671,0.019091163804093488,14.675423518054659,0.0024783770331700795,137.10664144895014,0.6954238260565101,-0.2794117647058824,1.810922620111672,0.349117712048667,0.8993817986162724,0.050926750557936315,-0.27390035580288324,-0.20938591752206015,3.0963887608072707,0.17079933442497452,0.5235502693076646,REIT—Office,Real Estate,ARE
2021Q3,2021,Q3,2021-10-25,2021-09-30,103147000.0,547759000.0,138825000.0,0.68,381764000.0,0.6969561431,28558718000.0,14723238000.0,650976000.0,2192692000.0,11586597000.0,0.0,0.0,28823673780.0,38132926780.0,97.59925490871969,0.29688437774206317,0.3373794650025957,0.6544161685085849,0.00465335658595294,97.59925490871969,0.007005727951962741,52.62108660925699,69.86066919057268,1.9576993715648692,1.6544155428660068,0.0,0.005920411162799387,0.019180097650041573,0.18973982666056155,0.0036117517600054738,93.33396081250424,0.6969561431213362,-0.7424242424242424,1.141385686852814,0.2352493361949897,0.9132816501379954,0.044029491555088826,-0.7321441555608647,-0.6696546275717324,-0.6665693512865664,0.10665332869348577,0.47942875209875085,REIT—Office,Real Estate,ARE
2021Q2,2021,Q2,2021-07-26,2021-06-30,385084000.0,509619000.0,420242000.0,2.64,365664000.0,0.7175242681,27018850000.0,14191022000.0,612189000.0,1425978000.0,10837033000.0,0.0,0.0,26531400500.0,35420428500.0,97.31542602434425,0.42931167241009327,0.340980611684065,0.6492065194458863,0.01682593571576355,97.31542602434425,0.027135748221657326,52.06124673530618,17.224424086692775,1.8695905411181801,0.4175141008195615,0.0,0.006059913799122667,0.01886160957997842,0.23687321964293978,0.014252420069692085,110.65769870829702,0.7175242681297205,43.0,2.75831585420543,0.20339920919304663,0.7982061528352163,0.06931492187705615,46.418298239133115,8.425002242755898,3.915766438231489,0.09541335847336552,0.5346571891365363,REIT—Office,Real Estate,ARE
2021Q1,2021,Q1,2021-04-26,2021-03-31,8121000.0,479849000.0,44588000.0,0.06,341961000.0,0.7126429356,25234346000.0,12990406000.0,763294000.0,1102525000.0,10452384000.0,0.0,0.0,22561511700.0,30955293700.0,94.60020827416453,0.6923144599895694,0.35213775700784955,0.6840406681669534,0.0006381956648768965,94.60020827416453,0.0006251536711015807,47.01794043542864,694.5422885112671,1.7367826455924475,18.59155276443788,0.0,0.00669201612053327,0.0190157097790448,0.4570454184712365,0.00032182328006440114,106.39562609347664,0.7126429355901545,-0.9818181818181818,-0.27685417367540266,0.201359923839216,0.7762438866167125,0.04590262208941346,-0.9816052223863152,-0.906918680144127,-0.956459548055955,0.08994653220484874,0.524926286119452,REIT—Office,Real Estate,ARE
2020Q4,2020,Q4,2021-02-01,2020-12-31,441484000.0,463720000.0,479022000.0,3.3,326953000.0,0.7050655568,22827878000.0,11725712000.0,727830000.0,1146016000.0,9384100000.0,0.0,0.0,23825875360.0,31166379360.0,87.70953264316917,0.6350958450841873,0.34646391574372354,0.6745036889870739,0.02315376100688295,87.70953264316917,0.037650933265289135,51.379874406969726,13.491924599758994,2.031934210903355,0.3239981516883964,0.0,0.006003556966479489,0.020313758466730898,0.5054807262725826,0.019339686325640957,137.27033836687426,0.7050655568015182,4.156249999999999,4.706403158290533,0.17990357625359366,0.6015520458726541,-0.19190853165727054,4.446654165021713,2.8514641323749337,7.371984764205492,0.15903725517438744,0.47205496612476344,REIT—Office,Real Estate,ARE
2020Q3,2020,Q3,2020-10-26,2020-09-30,81056000.0,545042000.0,124374000.0,0.64,404599000.0,0.7423262794,21910671000.0,10701814000.0,642309000.0,1263358000.0,9575551000.0,0.0,0.0,19984160000.0,27687121000.0,85.68237243897167,0.5084140837355682,0.37192909336277286,0.761479876215378,0.005487460758675106,85.68237243897167,0.007574043054756885,36.66535789902429,61.63689301223845,1.8673619257445513,1.649242499013028,0.0,0.0066893479635871615,0.024875641645114382,0.3612261924173512,0.003699384651433085,63.384630999352964,0.7423262794426851,-0.654054054054054,0.17384151936258832,0.47202838658408053,0.6296955623052357,0.2924627449727675,-0.6470516516150383,-0.5471842369697234,0.11752331520154809,0.42413017350238735,0.4673682900226741,REIT—Office,Real Estate,ARE
2020Q2,2020,Q2,2020-07-27,2020-06-30,229654000.0,436956000.0,274668000.0,1.85,313045000.0,0.7164222485,20069108000.0,9431440000.0,315459000.0,1322734000.0,9000132000.0,0.0,0.0,20173029250.0,27781149250.0,75.85628915895217,0.23849012726670668,0.3894034553005545,0.8286094170137328,0.014766958212916455,75.85628915895217,0.024349834171664135,46.16718674191452,21.96024154815505,2.1389129602690575,0.5659862227524886,0.0,0.006443305979938536,0.021772567071740308,0.16353098960183982,0.011443159307329453,99.67404145461732,0.7164222484643763,11.333333333333336,2.455976437138906,0.2445471148540618,0.4170089015231182,0.0071714454854318955,11.238422595257127,3.2581545330522137,3.869379898429449,0.16100420398857557,0.3269648059427371,REIT—Office,Real Estate,ARE
2020Q1,2020,Q1,2020-04-27,2020-03-31,18765000.0,439919000.0,64504000.0,0.15,310816000.0,0.7065300658,19701935000.0,9322586000.0,597789000.0,1128794000.0,8787670000.0,0.0,0.0,16643606980.0,23796659980.0,76.7714377475645,0.5295820140787424,0.3856630325904537,0.8150429505289627,0.002292053146115879,76.7714377475645,0.0020128535151083616,37.833344274741485,221.73736983746338,1.7852993772328836,6.729443112176925,0.0,0.00758717747611702,0.022328720503848987,0.40890454768540585,0.000952444518774425,-25.041499064908724,0.7065300657621062,-0.9147727272727273,-0.5501646436455179,0.34267312149539353,0.44922652120610246,0.08577457014902432,-0.9073063262876592,-0.7398339880774722,-0.6734356454454694,0.18776427763077758,0.36643436791639666,REIT—Office,Real Estate,ARE
2019Q4,2019,Q4,2020-02-04,2019-12-31,202441000.0,408114000.0,247934000.0,1.76,286262000.0,0.7014265622,18390503000.0,8865826000.0,336083000.0,1260953000.0,8224025000.0,0.0,0.0,18448396500.0,25308002500.0,77.65120210203635,0.2665309492106367,0.38331126669020416,0.7951077542013569,0.014351920260942092,77.65120210203635,0.022833856653627086,45.20402755112542,22.782435993696932,2.080843510802039,0.5709021393887602,0.0,0.006264717911933429,0.022191562677758188,0.15925018616871525,0.011007909897842382,-16.842190478451077,0.7014265621860558,5.190476190476191,18.105677983975003,0.36523805855895214,0.4464427477372946,0.04462220016494304,5.288822507520868,249.18218218218217,9.212452103896323,0.2827705401978139,0.39808123371320986,REIT—Office,Real Estate,ARE
2019Q3,2019,Q3,2019-10-29,2019-09-30,-47202000.0,390484000.0,-999000.0,-0.42,274034000.0,0.7017803546,17058154000.0,7790232000.0,530472000.0,1199961000.0,8094534000.0,0.0,0.0,17270964800.0,23868586800.0,69.48119871566179,0.44207436741694106,0.41084732849756195,0.8996262242254146,-8.691578243503701e-05,69.48119871566179,-0.006059126352077833,44.229635017055756,-91.47369179272064,2.2170026258524778,-2.4268039489852127,0.0,0.006632518873525815,0.022891339824930645,0.351513090842119,-0.0027671223978866645,-24.173350894308033,0.7017803546368097,-1.5915492957746478,-1.866189775613833,0.3486709856984304,0.27650611467118347,0.021878158013476676,-1.5992611118869577,-1.008212353879289,-2.318476629264501,0.18479194206726213,0.3620708749938472,REIT—Office,Real Estate,ARE
2019Q2,2019,Q2,2019-07-30,2019-06-30,78767000.0,373856000.0,121646000.0,0.71,268167000.0,0.7173002439,16039470000.0,7629020000.0,324527000.0,1297895000.0,7628001000.0,0.0,0.0,15956091270.0,22356972270.0,68.46284314341354,0.25004102797221656,0.41147182544061617,0.8650901426395526,0.007594336687892117,68.46284314341354,0.01032465506709905,42.67977849760336,50.643325472596395,2.091499467821555,1.4038620234362107,0.0,0.006930143362109259,0.02330850084198543,0.1607364232083489,0.004910823113232545,-34.58677808967453,0.7173002439441925,-0.3879310344827586,0.4443329548812302,0.34930131036921214,0.24641284135168134,0.04206869484458364,-0.3901547704766993,-0.2770312434996048,1.4706563092115632,0.15527833161817442,0.265064654295214,REIT—Office,Real Estate,ARE
2019Q1,2019,Q1,2019-04-30,2019-03-31,129159000.0,358842000.0,168259000.0,1.16,257341000.0,0.7171429208,15480206000.0,7566577000.0,400833000.0,809925000.0,7125292000.0,0.0,0.0,15718583160.0,21545315160.0,68.1342139859888,0.49490137975738496,0.3932831384801985,0.8046047770345824,0.011427924786545742,68.1342139859888,0.0170696736450313,43.80363268513719,30.42487004389938,2.0773704093674064,0.8552868944479285,0.0,0.007027859882506103,0.023180699274932128,0.33524462141556316,0.008343493620175339,-30.073225261490364,0.7171429208398125,6.0434782608695645,1.0897999108832734,0.32764767350404916,0.23447078534629448,0.059971744082115155,6.232498784637822,9.817036322725812,13.221240260620645,0.11088279596054725,0.2793098796495893,REIT—Office,Real Estate,ARE
2018Q4,2018,Q4,2019-02-05,2018-12-31,-24684000.0,340463000.0,15555000.0,-0.23,242781000.0,0.713090703,14464956000.0,7341965000.0,348269000.0,1060624000.0,6570242000.0,0.0,0.0,12219242920.0,17463316920.0,69.24226420076768,0.32836236027093485,0.3787260051119409,0.7461565125957424,0.0015907833302204425,69.24226420076768,-0.003362042722895029,35.89007592601839,-123.7567140657916,1.6643014397371823,-4.103953978285529,0.0,0.008290366323284455,0.023537091989771695,0.23053127215676808,-0.0017064690691074346,-66.78860762814696,0.713090702954506,-1.1133004926108374,-1.3833846025139307,0.37795036628227147,0.25516098984512703,0.002962026571485227,-1.1155423243273606,-0.9392097858371111,-1.4022669914802943,0.09222468836919055,0.26434478157296215,REIT—Office,Real Estate,ARE
2018Q3,2018,Q3,2018-10-30,2018-09-30,213636000.0,341823000.0,255880000.0,2.03,242064000.0,0.7081559755,14105566000.0,6872783000.0,309919000.0,1197616000.0,6692182000.0,0.0,0.0,12851521440.0,18331344440.0,65.97090584474797,0.2587799428197352,0.40296178118623527,0.827030913095903,0.01964589265156797,65.97090584474797,0.03108435112821109,37.59700616985984,15.039040049429872,1.8699152061108288,0.4629041921773484,0.0,0.007695042214394812,0.024233199858835867,0.18016793362814124,0.01514551064452146,-39.040659572335144,0.7081559754609842,2.7592592592592586,3.616644734641756,0.4971063423954004,0.19349420937860906,0.03833978192050651,2.9034533162799194,1.7565255798420718,2.7092360117631964,0.106810391656799,0.25477959393595706,REIT—Office,Real Estate,ARE
2018Q2,2018,Q2,2018-07-31,2018-06-30,54730000.0,325034000.0,92827000.0,0.54,233126000.0,0.7172357353,13562190000.0,6460461000.0,388252000.0,741654000.0,6562055000.0,0.0,0.0,12854325770.0,18181401770.0,63.41183341349221,0.523494783281692,0.4139526875821678,0.8689944881642347,0.006878910263555728,63.41183341349221,0.008471531675525942,39.54763430902613,58.717000593824224,1.98969172168983,1.7044034350447652,0.0,0.007256856693153499,0.023966188351586284,0.3995191827995265,0.004035483944702146,-26.721781150541634,0.7172357353384569,-0.6,0.1118949388045419,0.4134431723621816,0.07853946346343404,0.020834792965739507,-0.5964757059647571,-0.4620128082529195,0.0051142274049924006,0.1297845759063112,0.18454426660040915,REIT—Office,Real Estate,ARE
2018Q1,2018,Q1,2018-05-01,2018-03-31,135630000.0,320139000.0,172545000.0,1.35,228368000.0,0.7133401429,12821196000.0,6194597000.0,348468000.0,1205507000.0,6087849000.0,0.0,0.0,12470890950.0,17460043950.0,62.03592208702619,0.289063439697986,0.4064205866597781,0.8411843417739685,0.014391553696145157,62.03592208702619,0.02189488678601691,38.95461330859408,22.9869699734572,2.013188420489662,0.6809850328098503,0.0,0.007406207012017854,0.0249695114246752,0.19369111917226528,0.01057857628882672,-32.76304043989187,0.7133401428754385,2.4615384615384617,1.932493337684541,0.35910839171296255,0.14115425236924783,0.08351955969919105,2.4434345485934803,1.2862726911355506,2.953918276949448,0.18823699014685785,0.17106187136433942,REIT—Office,Real Estate,ARE
2017Q4,2017,Q4,2018-01-30,2017-12-31,39388000.0,298838000.0,75470000.0,0.39,210765000.0,0.7052817915,12103953000.0,5949666000.0,347992000.0,740953000.0,5620784000.0,0.0,0.0,13040064450.0,17550490450.0,59.583055430374046,0.46965462046850476,0.3936570969831096,0.800852854597216,0.006033595440158441,59.583055430374046,0.006620203554283551,43.63589787777993,82.76673384025592,2.1917305021828115,2.1229562303239566,0.0,0.006412468306473746,0.02468928952384399,0.357994366714218,0.0032541435017138616,-61.410091408280906,0.7052817914723027,-0.32758620689655166,-0.10463477672126299,-0.004434322464494744,0.09220331865732131,0.05241476421595063,-0.26751343611105943,-0.1100655629451441,4.8054581632544675,0.14304655447282558,0.10987951354630299,REIT—Office,Real Estate,ARE
2017Q3,2017,Q3,2017-10-31,2017-09-30,53773000.0,283737000.0,84804000.0,0.58,200268000.0,0.7058226456,11545323000.0,5406970000.0,209787000.0,976199000.0,5640512000.0,0.0,0.0,11016384060.0,15714862060.0,58.391865915030564,0.2149018796372461,0.41722869078673674,0.8908945305781242,0.007423349739909522,58.391865915030564,0.009945126383168391,38.826039818564375,51.217079482268055,2.037441313711746,1.5215814628159112,0.0,0.007427119420889181,0.02457592568003511,0.1322435282150463,0.004657557003818776,-55.25209675801469,0.7058226456190063,0.5263157894736841,0.03609887772598132,0.48873260297057547,0.053726417280876466,0.02123363113450006,0.571345080506122,0.28551289241916655,0.19480876947887585,0.18658874902614045,0.07277328637674793,REIT—Office,Real Estate,ARE
2017Q2,2017,Q2,2017-08-01,2017-06-30,34221000.0,273084000.0,65969000.0,0.38,196104000.0,0.7181087138,11245667000.0,5157164000.0,206691000.0,950509000.0,5591176000.0,0.0,0.0,10868201050.0,15518709050.0,57.16526076594801,0.2174529646747164,0.4246422199768142,0.9259711345227726,0.005427850181104378,57.16526076594801,0.006635623765309771,39.79801471342151,79.3971614651822,2.1073987660660007,2.308202565676047,0.0,0.007267900146179207,0.02428348625297192,0.14089819244215468,0.0030430387099315676,-29.697865198013986,0.7181087138023465,-0.1914893617021276,-0.0564505825626501,0.37063507002779417,0.037827369317414324,0.022626652413109797,-0.17956893864927717,-0.07729211832995314,-0.22491241381198923,0.2174073290406397,0.040732634323116065,REIT—Office,Real Estate,ARE
2017Q1,2017,Q1,2017-05-02,2017-03-31,41711000.0,268852000.0,71495000.0,0.47,191765000.0,0.7132734739,10868626000.0,4952431000.0,237840000.0,709142000.0,5422299000.0,0.0,0.0,9742006440.0,14021483440.0,56.18377256174345,0.33539121924804904,0.40765833694157844,0.8946487088866054,0.006621326840124362,56.18377256174345,0.008422328347431797,36.23557362415009,58.3899117738726,1.9671160365485152,1.8537556040373042,0.0,0.00793696868055037,0.02473652143334401,0.2282504773374021,0.003837743611750004,-29.899505685567405,0.7132734738815407,1.7647058823529407,-0.09227225712923195,0.4572224288798972,0.022478050062463367,0.11246149472963644,1.7254966021955045,0.5366346422507361,-0.14972912298767438,0.2531974759683893,0.017950039788757814,REIT—Office,Real Estate,ARE
2016Q4,2016,Q4,2017-01-31,2016-12-31,15304000.0,245623000.0,46527000.0,0.17,172379000.0,0.7018031699,10354888000.0,4895796000.0,202127000.0,702504000.0,4972610000.0,0.0,0.0,9795776110.0,13834769110.0,55.54126629380467,0.2877236286199082,0.4021313412564192,0.8505307410684596,0.003945094345645833,55.54126629380467,0.0031259472412657717,39.88134706440358,160.01986588473602,2.0008546332404373,4.398065865133298,0.0,0.006871124783189845,0.02372048833362563,0.1928387596369558,0.0014779493510697556,-13.864923051881417,0.7018031698985844,-0.46875,-0.84442121015242,0.3555455661369954,0.012423458291048347,0.12433796863993321,-0.374708886618999,-0.07546944858420268,-0.7140713991817971,0.19582105942712302,0.006801721221166477,REIT—Office,Real Estate,ARE
2016Q3,2016,Q3,2016-11-02,2016-09-30,24475000.0,225318000.0,50325000.0,0.32,153316000.0,0.680442752,9293901000.0,3910078000.0,280264000.0,970929000.0,5000980000.0,0.0,0.0,8337329270.0,12508495270.0,51.01144146847399,0.28865550416147834,0.4657994527809151,1.1071630796111995,0.005220022917273878,51.01144146847399,0.006259465923697686,37.0024998890457,85.16168815117467,2.1322667399473874,2.7692747701736464,0.0,0.008129461822250904,0.024243641071709284,0.17966195262475423,0.002633447461943053,-51.009998898712105,0.6804427520215872,1.2133333333333334,-0.6944648229948998,0.3950825932458339,-0.07313310136314433,0.03242402408064592,1.2192785980504588,1.5811804921989583,-0.2811519857436768,0.341249631692552,-0.07714076038374669,REIT—Office,Real Estate,ARE
2016Q2,2016,Q2,2016-08-04,2016-06-30,-111616000.0,215826000.0,-86591000.0,-1.5,148501000.0,0.6880588993,8775584000.0,4022000000.0,256000000.0,1006000000.0,5123000000.0,0.0,0.0,7693502880.0,12277296880.0,54.11805863910978,0.2544731610337972,0.5515067715151493,1.2033301839880657,-0.0100875938882052,54.11805863910978,-0.027751367478866237,35.646784354062994,-17.23207891341743,1.9128550174042764,-0.5817983084862385,0.0,0.008440628542404603,0.024593918763697094,0.2634194831013916,-0.0127189256008489,-66.13572608721815,0.6880588992985089,-19.75,-2.3163083234224997,0.33344069969379503,-0.06846194226206997,0.022107661281996573,-19.80323450134771,-3.812217855866974,-4.108551748505267,0.2866092320990796,-0.0795336014383555,REIT—Office,Real Estate,ARE
2016Q1,2016,Q1,2016-05-04,2016-03-31,5936000.0,211126000.0,30791000.0,0.08,145289000.0,0.6881625191,8971532000.0,3865720000.0,206608000.0,842613000.0,4784241000.0,0.0,0.0,6597159760.0,10542461760.0,53.258569381681916,0.245199160231328,0.456053548045083,1.0584054199476423,0.0022975973727818095,53.258569381681916,0.0015355483583911922,31.247500355238103,277.8453402964959,1.7065798247157062,10.568901617250674,0.0,0.009509698458477227,0.02353288156359471,0.2051333174304218,0.0006616484230341039,-114.2978873507857,0.6881625190644449,-0.8620689655172413,-0.9291119292661136,0.33221874241058363,-0.005390878870537129,0.005675958164035191,-0.8586834900607071,-0.5616003417099736,-0.8234352179080775,0.2330655027213226,-0.020305640984107937,REIT—Office,Real Estate,ARE
2015Q4,2015,Q4,2016-02-03,2015-12-31,42005000.0,213382000.0,70235000.0,0.58,144469000.0,0.6770439868,8911120000.0,3975087000.0,202449000.0,664448000.0,4617156000.0,0.0,0.0,6558690240.0,10399387240.0,54.765333957897056,0.3046875,0.4450388952230472,0.9976624410987734,0.008616464706418739,54.765333957897056,0.010567064318340706,30.73684865640026,39.03517581240329,1.6499488539496117,1.4776812284251875,0.0,0.009463779768321549,0.023945587086696172,0.2290818845116548,0.004713773352844536,-95.82144199161395,0.677043986840502,0.05454545454545439,-0.8253871730266215,0.023797449105846604,0.027464756125320913,0.009467976578112554,0.06263755723645931,0.04503928103797167,0.3136092560860364,-0.0220406705602043,0.003890771699153821,REIT—Office,Real Estate,ARE
2015Q3,2015,Q3,2015-11-04,2015-09-30,39529000.0,211960000.0,67208000.0,0.55,143114000.0,0.6751934327,8737344000.0,3759162000.0,123500000.0,1341285000.0,4962166000.0,0.0,0.0,6053905000.0,10291754000.0,52.57569230769231,0.09207588245600301,0.4937692735916086,1.1476579088637309,0.00826127784590572,52.57569230769231,0.010515375501242033,28.561544631062464,38.287744440790306,1.6104400395620089,1.5665460800930961,0.0,0.010228769694932444,0.024259088345382762,0.06449561428033565,0.004524143721478747,-39.73890982132308,0.6751934327231554,0.03773584905660381,-0.5339343637161389,0.41676434863606915,-0.08156337550344453,0.02659856821083741,0.035685277857835304,0.03660060152695303,-0.01361075271755759,0.44029085273760515,-0.05123093733530073,REIT—Office,Real Estate,ARE
2015Q2,2015,Q2,2015-07-29,2015-06-30,38167000.0,201656000.0,64835000.0,0.53,139406000.0,0.6913059864,8524891000.0,3822876000.0,122087000.0,1073925000.0,4685772000.0,0.0,0.0,6245693520.0,10270042520.0,53.53268358259116,0.11368298531089228,0.4801194525537042,1.0706509967888052,0.00810567483156532,53.53268358259116,0.009983844623785862,30.97201928035863,40.91029894935415,1.6337682728919274,1.5603531846883434,0.0,0.009535210110661978,0.023654965207179773,0.07253392927811532,0.00447712469285531,-65.17676145553968,0.6913059864323402,0.5588235294117647,2.823124951912669,0.2898654489239013,-0.03855703289056048,0.061469699161673,0.5568200358949258,0.357744178254314,0.3294363112752847,0.27862823306857726,-0.028121564904738227,REIT—Office,Real Estate,ARE
2015Q1,2015,Q1,2015-04-29,2015-03-31,24516000.0,192556000.0,47752000.0,0.34,131333000.0,0.6820509358,8405221000.0,3780548000.0,157972000.0,926550000.0,4608369000.0,0.0,0.0,6996722640.0,10810007640.0,52.97407729170754,0.17049484647347687,0.4644644084908654,1.0326349513350974,0.006058358148656151,52.97407729170754,0.00648477416501523,36.336040632335525,71.3485340186001,1.850716520462113,2.428699624734867,0.0,0.008509984326032966,0.022909094240353704,0.10929577464788733,0.0029167585242553407,-290.1639215361009,0.6820509358316542,4.4,-0.7304446666771655,0.19207754766763752,-0.5734076363813796,0.011553303089353246,4.316558441558442,2.227358745606921,-0.34102217561521025,0.2890976350656294,-0.03593459849000676,REIT—Office,Real Estate,ARE
2014Q4,2014,Q4,2015-02-24,2014-12-31,-7392000.0,186714000.0,14796000.0,-0.1,129833000.0,0.6953576057,8136036000.0,3828439000.0,123443000.0,775451000.0,4226478000.0,0.0,0.0,6328404360.0,9920972360.0,53.68425554589562,0.1591886527968885,0.4521340613537108,0.9608561087168948,0.0018772222111743302,53.68425554589562,-0.0019308130546157325,33.89357177287188,-214.0288271103896,1.6529986137953352,-7.889204545454546,0.0,0.009215119117325178,0.022949013499940267,0.1245197955770255,-0.0009085505521362,-146.810289982833,0.6953576057499705,-1.2040816326530612,-1.0781607406555191,0.3670197832773722,0.009871978558560453,0.026940447847374375,-1.2136230962633299,-0.7317524203198086,-1.092883833145288,0.27366352500582586,-0.021426710582242908,REIT—Office,Real Estate,ARE
2014Q3,2014,Q3,2014-11-04,2014-09-30,34603000.0,183850000.0,55158000.0,0.49,126427000.0,0.6876638564,8020314000.0,3875198000.0,102098000.0,704084000.0,4063199000.0,0.0,0.0,5250631250.0,8684723250.0,54.430760587119885,0.1450082660591634,0.436530913876938,0.9034673841181793,0.007163068680093299,54.430760587119885,0.008929350190622519,28.55932145771009,37.93479792214548,1.3549323802293456,1.680316735543161,0.0,0.011073716136512157,0.022923042663915653,0.11057345430374785,0.0043144196100052944,-256.9933556849885,0.6876638564046778,0.0,-0.6273160743091859,0.0774655610419673,-0.6024106039901078,0.01548606816119005,-0.005918009710132437,0.05581715860801654,-0.5349275624802423,0.22556400524920664,-0.0110048098325534,REIT—Office,Real Estate,ARE
2014Q2,2014,Q2,2014-08-07,2014-06-30,34809000.0,176852000.0,52242000.0,0.49,124499000.0,0.7039728134,7815649000.0,3906802000.0,96874000.0,1062905000.0,3826766000.0,0.0,0.0,5522222640.0,8795382640.0,54.92790259539409,0.09114078868760614,0.426690221119193,0.8536037915410097,0.00692483295148106,54.92790259539409,0.00890984493199297,31.225107095198243,39.66088253038008,1.4134892528467018,1.6267344652245108,0.0,0.010254023369112115,0.022627935312857575,0.06807287575089024,0.00445375681533293,-84.24186355870148,0.7039728134259154,-0.1250000000000001,-0.7603726347182023,-0.13281455531470246,-0.5923603113256702,0.03343543259373625,-0.11996258279819993,-0.1096681834449614,-0.5710623265966819,0.1416983997684622,-0.05452203966617946,REIT—Office,Real Estate,ARE
2014Q1,2014,Q1,2014-05-08,2014-03-31,39554000.0,172978000.0,58677000.0,0.56,120471000.0,0.6964527281,7756039000.0,3922736000.0,116043000.0,1005753000.0,3751534000.0,0.0,0.0,5157056880.0,8333867880.0,55.19305502792903,0.1153792233281929,0.41925794854822157,0.8289573909638579,0.007907251392703015,55.19305502792903,0.01008326841265892,29.813368636474003,32.59504019821004,1.3146581569598363,1.3951812711735854,0.0,0.010700870920004279,0.022302363358410137,0.08509942301936957,0.005099768064601016,-63.93098554533508,0.6964527280925898,-0.081967213114754,-0.7761525056917364,-0.29772354816773894,-0.08673947438933176,0.041280954233112926,-0.08252922620152162,-0.03642335167090894,-0.5176015271756905,0.11470754699108023,0.030735834460091174,REIT—Office,Real Estate,ARE
2013Q4,2013,Q4,2014-03-03,2013-12-31,43112000.0,165445000.0,60895000.0,0.61,115695000.0,0.6992958385,7529764000.0,3916789000.0,95323000.0,622796000.0,3550823000.0,0.0,0.0,4517020000.0,7520385000.0,55.16604225352113,0.15305653857764018,0.4065281461676621,0.7815230792365889,0.008476140870917796,55.16604225352113,0.0110069753565995,27.302245459216053,26.19351920578957,1.1532456816029661,1.279922063462609,0.0,0.012216018525488044,0.0219721361785044,0.10856524447812767,0.005725544651864255,-40.231035741959616,0.6992958384961769,0.38636363636363635,-0.6498328304677496,-0.28942938980690514,0.07276016510889217,0.0747828510381346,0.36893912933032735,0.2775889560255119,-0.816787173715726,-0.18849265026884127,0.034982534644800035,REIT—Office,Real Estate,ARE
2013Q3,2013,Q3,2013-11-07,2013-09-30,31493000.0,155387000.0,47664000.0,0.44,107645000.0,0.6927542201,7358369000.0,3919028000.0,93164000.0,520552000.0,3377395000.0,0.0,0.0,4526965000.0,7343969000.0,55.27543018335684,0.1789715532742166,0.3901466479868025,0.7325395480716137,0.006798804055482749,55.27543018335684,0.008035921151877455,29.133486070263277,35.93627949068047,1.1551244339157567,1.679960626170895,0.0,0.011687079533418084,0.02111704373618665,0.12008406460833884,0.004279888654673339,-54.90691102270522,0.6927542201085033,-0.0833333333333333,-0.753873392663014,-0.2713540780152054,0.006451848938576778,0.02671588264469116,-0.02670210464505362,-0.013882279921382022,-0.6255402914204155,0.047413573233750714,-0.03440207276605661,REIT—Office,Real Estate,ARE
2013Q2,2013,Q2,2013-08-07,2013-06-30,32357000.0,151167000.0,48335000.0,0.48,104844000.0,0.6935640715,7379289000.0,3937622000.0,340696000.0,420390000.0,3379814000.0,0.0,0.0,4421557460.0,7078776460.0,58.79417078524181,0.8104284117129332,0.40104459928321007,0.7515764590912992,0.006852003667456167,58.79417078524181,0.008217396184803924,29.249488711160506,34.16229455759186,1.122900435846813,1.381957536236363,0.0,0.010113178535963208,0.02048530691778029,0.7368919336806299,0.004384839786055269,-104.68445817648033,0.6935640715235468,0.04347826086956513,-0.731281687785735,-0.22705221920415083,0.06158960779340899,0.010359548612784165,0.10603315672534609,0.02242199894235854,2.648041342354369,0.031007201197390425,0.05593888117510106,REIT—Office,Real Estate,ARE
2013Q1,2013,Q1,2013-05-03,2013-03-31,29255000.0,148993000.0,47275000.0,0.46,103769000.0,0.6964689616,7090919000.0,3433603000.0,126270000.0,965108000.0,3595638000.0,0.0,0.0,4476242677.530001,7573771677.530001,54.36243343809841,0.1308350982480717,0.4490997570272626,0.9274601635657937,0.007102466558756689,54.36243343809841,0.008520204578106438,30.043308595236024,38.251945629208684,1.3036576090858494,1.4410528114852161,0.0,0.009418166761070887,0.021011803970684195,0.09974220501746955,0.004125699362804737,-379.3104548368783,0.6964689616290698,0.0454545454545455,-0.8061489043675696,-0.15160481948675394,0.013734859105270867,-0.27443398733026614,0.05252743299154524,0.3260125659149557,-0.6365550961776786,0.04220579160502542,-0.5622274108765168,REIT—Office,Real Estate,ARE
2012Q4,2012,Q4,2013-02-26,2012-12-31,27795000.0,189657000.0,35652000.0,0.44,143018000.0,0.7540876424,7150116000.0,3441851000.0,189367000.0,939903000.0,3647058000.0,0.0,0.0,4373522258.919999,7414500258.919999,54.55308037666586,0.20147504582919726,0.445020612253004,0.9244877247736756,0.005917868152802679,54.55308037666586,0.008075596532214789,23.060167876324098,39.33731119733765,1.2706890155674955,1.4472387119985608,0.0,0.009197620960532948,0.02652502420939744,0.15897385155702237,0.0038873495199238726,-40.83892596010906,0.7540876424281729,-0.21428571428571436,-0.7219548534662885,0.1292315337051253,0.14439475098934965,0.11418577293726287,-0.20481203867940723,0.03126898267333893,-0.6678032373377483,0.5695270421932184,0.026215724819894863,REIT—Office,Real Estate,ARE
2012Q3,2012,Q3,2012-11-09,2012-09-30,34954000.0,128361000.0,34571000.0,0.56,128361000.0,1.0,6965017000.0,3455890000.0,105028000.0,413000000.0,3448397000.0,0.0,0.0,4536996277.5,7474236277.5,55.41463605487827,0.2543050847457627,0.4353390666526729,0.8773844074898217,0.010656849208866661,55.41463605487827,0.010114326555532727,35.34559778671092,32.44976452981061,1.3128300604185896,1.119242432911827,0.0,0.008622885628982092,0.018429387896684243,0.2543050847457627,0.0050185089282624865,-160.04078724117252,1.0,0.4000000000000001,-0.6419502742548614,-0.24897931316779487,0.08762522102696343,-0.057437418767393875,0.4100040338846309,-0.19060217269151528,-0.570228255013163,-0.14121010741322093,-0.5952238873476148,REIT—Office,Real Estate,ARE
2012Q2,2012,Q2,2012-08-08,2012-06-30,24790000.0,136183000.0,42712000.0,0.4,136183000.0,1.0,6841739000.0,3396521000.0,87080000.0,379000000.0,3385154000.0,0.0,0.0,4484160048.24,7401983048.24,55.08166623467058,0.22976253298153035,0.43830377043029556,0.8828916411822568,0.006509311591569347,55.08166623467058,0.007298644701445979,32.92745826013526,45.22146075272287,1.3202214996580324,1.5124647035094796,0.0,0.008361432151538863,0.01990473474653155,0.22976253298153035,0.003623347806749132,23.441072940955067,1.0,-0.23076923076923075,-0.7572177080311701,-0.15632355959439193,0.21923387214950119,0.057822415895727015,-0.22685878243512975,-0.11552877347745957,-0.8031558361348957,-0.22976002943231325,-0.5912191761451444,REIT—Office,Real Estate,ARE
2012Q1,2012,Q1,2012-05-04,2012-03-31,32064000.0,128739000.0,48291000.0,0.52,128739000.0,1.0,6718091000.0,3379770000.0,86197000.0,167000000.0,3279089000.0,0.0,0.0,4498065925.91,7210191925.91,54.94863440668597,0.5161497005988024,0.41522018680604356,0.825348174579927,0.008112052015029788,54.94863440668597,0.009487036100089651,34.939419491451694,35.07099805007173,1.330879298268817,1.16875623752495,0.0,0.008331358547711474,0.019163033069959905,0.5161497005988024,0.004772784411524048,-49.513087267573695,1.0,-0.5357142857142857,-0.6542141627791855,-0.21529097370575787,0.2294071239706417,0.018198642813078345,-0.5328671328671328,-0.016015648878293293,-0.7903214848313873,-0.39604890823378763,-0.09078381846330207,REIT—Office,Real Estate,ARE
2011Q4,2011,Q4,2012-02-21,2011-12-31,68640000.0,126438000.0,49077000.0,1.12,126438000.0,1.0,6574129000.0,3374301000.0,86019000.0,30493000.0,3141236000.0,0.0,0.0,4242193448.79,6942918448.79,54.85971886463128,2.820942511396058,0.42275775239579266,0.8236562179841099,0.015950753750061955,54.85971886463128,0.020341990830100812,33.551570325297774,15.45087940264423,1.2572065885023298,0.531993006993007,0.0,0.008607811133746257,0.01923266184767594,2.820942511396058,0.010440926851298476,-63.94527439728071,1.0,0.07692307692307698,-0.2147468314236349,-0.16785815568464904,0.1729406962471076,-0.021029158988494355,0.07152892690998783,0.05993261630167163,-0.356449494594239,-0.3731562249874164,0.06680339322861088,REIT—Office,Real Estate,ARE
2011Q3,2011,Q3,2011-11-09,2011-09-30,64058000.0,129154000.0,46302000.0,1.04,129154000.0,1.0,6455556000.0,3373494000.0,79655000.0,423000000.0,3024697000.0,0.0,0.0,3762940506.01,6349250506.01,55.03642598899214,0.1883096926713948,0.4119499544268534,0.7883120586549138,0.015349933530696884,55.03642598899214,0.01898862129293842,29.135299766248046,14.685677456406694,1.1154430705997995,0.5280995347965906,0.0,0.008990043809082242,0.020006642340334436,0.1883096926713948,0.009922925306511166,-60.40129867269138,1.0,-0.08771929824561392,-0.2746881214835587,-0.1617418702096067,0.0706565338086787,0.013727875672069385,-0.04027207622928715,-0.0729216722729457,-0.4209255226383155,-0.29947081324942604,0.0021000743341187764,REIT—Office,Real Estate,ARE
2011Q2,2011,Q2,2011-08-09,2011-06-30,66746000.0,127405000.0,49944000.0,1.14,127405000.0,1.0,6343284000.0,3398583000.0,65412000.0,392000000.0,2887427000.0,0.0,0.0,4529074258.1,7021478258.1,58.09538127784666,0.1668673469387755,0.4025247805395439,0.7512922297322149,0.016782506192967908,58.09538127784666,0.0196393614632922,35.54863826458931,16.963841496494172,1.332636059822579,0.4957150990321517,0.0,0.007305466440702693,0.020085022206163244,0.1668673469387755,0.01052230989500076,-14.08666549958789,1.0,-0.008695652173913052,-0.24023632753392563,-0.08102676571813604,0.1676107185497384,0.06195612309538892,0.05290888440181726,0.008195728531632283,-0.36540340555081274,-0.25419874244816193,0.04897223996292376,REIT—Office,Real Estate,ARE
2011Q1,2011,Q1,2011-05-05,2011-03-31,63392000.0,119972000.0,49538000.0,1.15,119972000.0,1.0,5983343000.0,2942332000.0,85214000.0,372000000.0,2983651000.0,0.0,360000.0,4284322459.65,6875592459.65,53.547236045052856,0.2290698924731183,0.44614958560791185,0.9072619949074407,0.017654947665614477,53.547236045052856,0.021544815472897008,35.71101973502151,16.896148014142163,1.4560975646697927,0.521785083291267,0.0,0.007720473963274502,0.020050998246298097,0.2290698924731183,0.010594746114337753,-112.88494874318236,1.0,-0.6525679758308157,-0.2314994978002701,-0.09284913146315915,0.4349475164121092,-0.23963443231800838,-0.6519065190651907,-0.5423614511256662,-0.517164508720944,-0.2147484519899499,-0.0014667049550101533,REIT—Office,Real Estate,ARE
2010Q4,2010,Q4,2011-03-01,2010-12-31,182112000.0,157782000.0,108247000.0,3.31,157782000.0,1.0,5905861000.0,2928825000.0,96724000.0,393000000.0,2919533000.0,0.0,734000.0,4025515754.7000003,6518445754.700001,53.30142336407038,0.24611704834605597,0.43755889276770993,0.8823203844545168,0.039269818702637974,53.30142336407038,0.06217920155693836,25.513149501844318,5.526153898013312,1.374447348236921,0.1509840098400984,0.0,0.006830429111573339,0.026716172290543242,0.24611704834605597,0.030835808699188824,-13.312639118931951,1.0,1.781512605042017,1.286199790425691,0.21652665846032165,0.4338513253139968,0.5139611199600836,2.0823601096780746,1.3711337947954088,1.0917287946558838,0.07867285120610076,0.1181379437593411,REIT—Office,Real Estate,ARE
2010Q3,2010,Q3,2010-11-09,2010-09-30,59082000.0,104218000.0,45652000.0,1.19,104218000.0,1.0,5748625000.0,2851204000.0,115740000.0,378000000.0,2855795000.0,0.0,0.0,3486506870.0,5895158870.0,57.24476888812211,0.3061904761904762,0.4382722825023375,0.88364880240067,0.01700049546918474,57.24476888812211,0.020721772275852587,33.453979830739414,14.75283026133171,1.2228191563984898,0.47012626519075185,0.0,0.007966713113059203,0.018129204809845832,0.3061904761904762,0.010277588118897998,-35.795390909744256,1.0,5.103448275862069,-0.21772757086960495,-0.12769303341493005,0.47127230946742893,0.06093737275022396,5.491561502204653,7.117354196301565,-0.2422174647256611,-0.23650801454561662,0.1235453094544016,REIT—Office,Real Estate,ARE
2010Q2,2010,Q2,2010-08-04,2010-06-30,-13154000.0,98232000.0,5624000.0,-0.29,98232000.0,1.0,5565159000.0,2498348000.0,76313000.0,1446000000.0,3008129000.0,0.0,0.0,2843420898.54,5454577898.54,55.67952069329311,0.05277524204702628,0.4823601625757683,1.0744744126919068,0.0011676933148250216,55.67952069329311,-0.0052650791643117775,28.945973802223307,-54.04099320624905,1.1381204293957445,-1.6357761897521665,0.0,0.007567293330033639,0.01765124770020048,0.05277524204702628,-0.0023636341746929423,-53.86797193407218,1.0,-1.2283464566929134,-1.1885827568099596,-0.024149171282292773,0.6273953636168761,-0.007005307050796058,-1.2361579892280072,-0.8761560820928389,-1.1770386579040477,-0.16367360860981336,0.23246739350781795,REIT—Office,Real Estate,ARE
2010Q1,2010,Q1,2010-04-30,2010-03-31,55700000.0,98925000.0,45412000.0,1.27,98925000.0,1.0,5468534000.0,5427442000.0,73690000.0,365000000.0,-5427442000.0,0.0,0.0,2954551490.7999997,5646385490.799999,124.17961925607068,0.20189041095890412,0.5052202290412751,0.5090453292729797,0.01108927486515684,124.17961925607068,0.010262661489519372,29.866580649987363,13.261003100538597,0.5443727433291778,0.42491921005385996,0.0,0.008010691326144886,0.018089857354823068,0.20189041095890412,0.010185545157075005,-65.38354188722668,1.0,-0.04511278195488726,-0.17235739088961005,-0.015697320510489665,2.395795183928335,0.1817725692577859,-0.039025568475898005,-0.06148345630024593,-0.15466262193394908,-0.15142554946216083,1.7783640160272867,REIT—Office,Real Estate,ARE
2009Q4,2009,Q4,2010-03-01,2009-12-31,57962000.0,83709000.0,48387000.0,1.33,83709000.0,1.0,5457227000.0,2323408000.0,74530000.0,387000000.0,3092589000.0,0.0,0.0,2809883363.07,5486201363.07,53.1594664330837,0.19258397932816537,0.5033593068421013,1.1822917025335198,0.019086241315695116,53.1594664330837,0.024946974444436793,33.56727906282479,12.119506586513578,1.2093800843717506,0.4064041958524551,0.0,0.008383266120435466,0.015339109038344931,0.19258397932816537,0.010621145134699363,-34.08770199403138,1.0,0.023076923076923096,-0.1673549426187989,-0.11361802978014315,0.6679878921217555,-0.10658939549180328,0.13686646791150164,0.042800801706859765,-0.0668291564902717,-0.22468663021500057,0.1365880624362004,REIT—Office,Real Estate,ARE
2009Q3,2009,Q3,2009-11-06,2009-09-30,50984000.0,93696000.0,46401000.0,1.3,93696000.0,1.0,5393337000.0,5352047000.0,72069000.0,430000000.0,-5352047000.0,0.0,0.0,2124759878.3,4722575878.3,136.90194238924227,0.16760232558139534,0.49433143154229003,0.49814510223845193,0.011574001611096235,136.90194238924227,0.009526074789701959,22.677167416965506,10.418758229542602,0.39699948044178235,0.42762435273811394,0.0,0.010260924174379446,0.017372546903707296,0.16760232558139534,0.009453145612818186,-44.93612804119787,1.0,-0.2972972972972973,-0.18395773740264174,0.16292826359167603,3.314240304535046,-0.16060310151133728,-0.35875635156210695,-0.2370389858098887,-0.09488298246722585,-0.046522665666333216,1.6632354204733073,REIT—Office,Real Estate,ARE
2009Q2,2009,Q2,2009-08-10,2009-06-30,79508000.0,111623000.0,60817000.0,1.85,111623000.0,1.0,5286653000.0,5245666000.0,74978000.0,414000000.0,-5245666000.0,0.0,0.0,1393303662.09,4149574662.09,134.74620877575273,0.1811062801932367,0.5346641816665478,0.5388417790991649,0.015068165629161634,134.74620877575273,0.015156893328702209,12.482227337466291,4.381017199810081,0.2656104414749243,0.49589978366956783,0.0,0.028298210270155135,0.021114115112151298,0.1811062801932367,0.015039383140902193,-30.424798822797246,1.0,-0.25403225806451607,0.4180764703792356,0.5108990829509996,3.2976070541926235,-0.008306828479539438,-0.01535641749640858,0.004028197381671702,0.35999184242048393,0.20987993679991296,1.7081519079470147,REIT—Office,Real Estate,ARE
2009Q1,2009,Q1,2009-05-11,2009-03-31,80748000.0,112558000.0,60573000.0,2.48,112558000.0,1.0,5235181000.0,1962854000.0,131273000.0,443000000.0,3231423000.0,0.0,0.0,1182223624.3999999,3886062624.3999996,60.43516989965507,0.2963273137697517,0.540405384264651,1.441329818723145,0.02528102197549486,60.43516989965507,0.04113805713517154,10.503239435668721,3.6602257158072025,0.6022982984980033,0.42188041809085053,0.0,0.0288151913875762,0.021500307248211666,0.2963273137697517,0.015424108545626217,-18.281714389101086,1.0,0.43352601156069365,0.5564553455686425,0.8456044796004749,1.2683624927594943,0.05679332263001249,0.43373579545454544,0.2880746820907583,0.6561430351118248,0.4399000803447942,0.6195289123511343,REIT—Office,Real Estate,ARE
2008Q4,2008,Q4,2009-02-17,2008-12-31,56320000.0,106509000.0,47026000.0,1.73,106509000.0,1.0,5131096000.0,1670196000.0,77614000.0,494000000.0,3460900000.0,0.0,0.0,1959763008.14,4855565008.14,51.42439479743491,0.15711336032388665,0.5782318241560868,1.7764160613484885,0.02028224609076376,51.42439479743491,0.033720593271687874,18.399975665342836,8.699232102894177,1.173373070070818,0.6553799715909091,0.0,0.018834420206263622,0.020757553551911716,0.15711336032388665,0.010976212489495422,-12.921145163808507,1.0,-0.033519553072625725,0.2473234890297461,0.9318600830380012,0.9476194412773159,0.11724289850207695,-0.015384615384615385,-0.03135041608305183,0.19617474594753098,0.3893345859268859,0.3833577413145736,REIT—Office,Real Estate,ARE
2008Q3,2008,Q3,2008-11-10,2008-09-30,57200000.0,95332000.0,48548000.0,1.79,95332000.0,1.0,4933140000.0,1740708000.0,22240000.0,387000000.0,3117312000.0,0.0,0.0,3565654987.5,6354814987.5,54.921087622474296,0.05746770025839793,0.5685123471054947,1.6111553459856565,0.02136203899491756,54.921087622474296,0.032860192519365686,37.402498505223846,15.5841564138986,2.048393520050462,0.5899475524475525,0.0,0.009463899372849796,0.01932481137774318,0.05746770025839793,0.011595048995163323,-51.87765505877903,1.0,0.005617977528089893,-0.20507007485112472,0.6706060071736756,1.0838690348660716,0.03260327982496047,0.006298159811407058,0.05189261803133057,0.19015781760216163,0.25392337932638354,0.4115503825808444,REIT—Office,Real Estate,ARE
2008Q2,2008,Q2,2008-08-08,2008-06-30,56842000.0,92322000.0,46153000.0,1.78,92322000.0,1.0,4803608000.0,1750958000.0,13520000.0,360000000.0,2977862000.0,0.0,0.0,3077439045.06,6048229045.059999,55.38314462916584,0.03755555555555556,0.6199219420069247,1.7007044143834404,0.01841204352619377,55.38314462916584,0.032463371480069766,33.33375625593033,13.535057901991486,1.7575744507064135,0.4874388656275289,0.0,0.009003265245651617,0.01921930349020986,0.03755555555555556,0.011833188719812274,-42.55896895394828,1.0,-0.2489451476793249,0.3576798191925625,0.6498010999601971,1.1444410672525573,0.052534373076133796,-0.24588728507747823,-0.2299234144795021,0.15657238658956885,0.30165226772043835,0.6187329141804925,REIT—Office,Real Estate,ARE
2008Q1,2008,Q1,2008-05-12,2008-03-31,75376000.0,87714000.0,59933000.0,2.37,87714000.0,1.0,4685045000.0,1691714000.0,16507000.0,367000000.0,2918474000.0,0.0,0.0,2924999917.52,5543197917.52,53.625889402756705,0.04497820163487738,0.5604752995969089,1.55218435267427,0.027762401315926614,53.625889402756705,0.04455599468940968,33.34701321932645,9.701363555773721,1.7290156122843459,0.3677032477181066,0.0,0.009475555822750033,0.018722125401143427,0.04497820163487738,0.016088639490122292,-125.32133322707797,1.0,0.5095541401273885,0.8581291228579594,0.5570817925907233,1.077756467443156,0.044487842053871254,0.5080025608194623,0.2229976533006836,0.5517193105668369,0.20916051483898798,0.4664446392949657,REIT—Office,Real Estate,ARE
2007Q4,2007,Q4,2008-02-29,2007-12-31,49984000.0,83978000.0,49005000.0,1.57,83978000.0,1.0,4642094000.0,1503820000.0,14789000.0,350000000.0,3062768000.0,0.0,0.0,3207341906.9700003,5987215906.97,47.66981002796784,0.042254285714285716,0.6005703460550347,1.8538814485776223,0.02283697646912989,47.66981002796784,0.03323802050777354,38.19264458512944,16.04184292458587,2.1327964164394673,0.5258882842509603,0.0,0.008195571523845608,0.018090542759366786,0.042254285714285716,0.01076755447003012,-13.019715873957256,1.0,0.012903225806451623,0.5834295490542397,0.6555725031729588,0.8539768147824246,0.047303111554530146,0.09135371179039302,0.04606484940337695,-0.0051903586268017814,0.23198868473668716,0.49573860088464006,REIT—Office,Real Estate,ARE
2007Q3,2007,Q3,2007-11-09,2007-09-30,45800000.0,80185000.0,46847000.0,1.55,80185000.0,1.0,4307003000.0,1490708000.0,40744000.0,313000000.0,2756576000.0,0.0,0.0,2841847411.92,5310936411.92,50.95012048594677,0.13017252396166135,0.5811075590149345,1.67895523469385,0.02346139014508431,50.95012048594677,0.030723656141913774,35.44113502425641,15.512267532314409,1.906374294576805,0.5498034934497816,0.0,0.008860785380094455,0.01861735410911021,0.13017252396166135,0.01063384446214688,-7.311591403453253,1.0,-0.05487804878048772,0.3339113519481721,0.5706861546374677,0.919134537061425,0.054621738215488214,-0.04773785761809714,0.06669247233480577,-0.02049385333390354,0.32980496554439037,0.6056095296034383,REIT—Office,Real Estate,ARE
2007Q2,2007,Q2,2007-08-09,2007-06-30,48096000.0,76032000.0,43918000.0,1.64,76032000.0,1.0,3846886000.0,1312190000.0,13377000.0,261000000.0,2476267000.0,0.0,0.0,2812171174.2799997,5079423174.28,45.17727688910247,0.05125287356321839,0.5911973996630001,1.7331857429183273,0.024491009098389246,45.17727688910247,0.03665322857208179,36.98667895465067,14.617489886269126,2.1431127918060646,0.5098760811709914,0.0,0.008720308430826095,0.019764557618811684,0.05125287356321839,0.012502580008869512,-37.893752685280006,1.0,0.10067114093959725,0.3567306186244825,0.5056716135657014,0.8581608719007738,-0.013634653555258617,0.10392948953360265,0.0372697213037317,0.14975468286796165,0.37938528261312243,0.4408879152283635,REIT—Office,Real Estate,ARE
2007Q1,2007,Q1,2007-05-09,2007-03-31,43568000.0,77083000.0,42340000.0,1.49,77083000.0,1.0,3721731000.0,1291661000.0,16116000.0,253000000.0,2371600000.0,0.0,0.0,2900623042.11,5068205042.110001,44.695230192921954,0.063699604743083,0.584833777615846,1.6851124250093483,0.024415736443831264,44.695230192921954,0.033730212493835454,37.6298670538251,16.644228803881287,2.2456534974037305,0.6115497612926919,0.0,0.009185612750500097,0.020711598984451053,0.063699604743083,0.011706380713705531,-52.355926538933616,1.0,0.06428571428571435,0.28804867263794137,0.5516840109930944,0.8035459400299176,0.07974506233366017,0.06082298514730947,0.01576182136602452,-0.05619256008835171,0.42046899305750723,0.6775825060674565,REIT—Office,Real Estate,ARE
