Quarters,Year,Quarter,FillingDate,Date,NetIncome,Revenue,OperatingIncome,EPSDiluted,GrossProfit,GrossProfitRatio,TotalAssets,CommonStockEquity,CurrentAssets,CurrentLiability,TotalLiability,Inventory,RetainedEarnings,MarketCap,EnterpriseValue,bookValuePerShare,currentRatio,debtToAssets,debtToEquity,roic,shareholdersEquityPerShare,roe,priceToSalesRatio,peRatio,pbRatio,payoutRatio,inventoryTurnover,dividendYield,assetTurnover,quickRatio,returnOnAssets,priceToFreeCashFlowsRatio,grossProfitMargin,epsdilutedGrowth,fiveYNetIncomeGrowthPerShare,fiveYRevenueGrowthPerShare,fiveYShareholdersEquityGrowthPerShare,grossProfitGrowth,netIncomeGrowth,operatingIncomeGrowth,threeYNetIncomeGrowthPerShare,threeYRevenueGrowthPerShare,threeYShareholdersEquityGrowthPerShare,Industry,Sector,Symbol
2023Q1,2023,Q1,2023-05-04,2023-03-31,49500000.0,1128800000.0,84200000.0,49.8,326400000.0,0.2891566265,3525300000.0,1923500000.0,65000000.0,19300000.0,19300000.0,-861800000.0,1210300000.0,4075631000.0,5103331000.0,39.01622718052738,3.3678756476683938,0.3099594360763623,0.5680790226150247,0.019710408934590896,39.01622718052738,0.02573433844554198,3.61058734939759,20.58399494949495,2.1188619703665195,0.0,-0.9310744952425156,0.0,0.3201996993163702,46.0,0.01404135818228236,59.23882267441861,0.2891566265060241,44.272727272727266,0.8008275627797831,0.743641789536466,0.976079484132995,-0.04028226992061158,-0.10971223021582734,-0.06858407079646017,0.21036983522743044,0.2205329944820625,0.47199485182697093,Information Technology Services,Technology,ASGN
2022Q4,2022,Q4,2023-02-27,2022-12-31,55600000.0,1150400000.0,90400000.0,1.1,340100000.0,0.2956363004,3585700000.0,1901300000.0,981100000.0,441900000.0,1684400000.0,39900000.0,1200000000.0,4057704000.0,5109204000.0,38.178714859437754,2.220185562344422,0.31285383607106004,0.5900173565455215,0.02148417530523512,38.178714859437754,0.02924314942407826,3.52721140472879,18.245071942446046,2.1341734602640297,0.0,20.30827067669173,0.0,0.3208299634659899,2.090744512333107,0.015506037872660847,62.61888888888889,0.2956363004172462,-0.23611111111111102,-0.13711885160758597,0.7703044744308919,1.003996368592636,-0.0523822791864029,-0.24043715846994534,-0.16605166051660517,0.4999846715104693,0.1897202544081906,0.46478429340089633,Information Technology Services,Technology,ASGN
2022Q3,2022,Q3,2022-11-07,2022-09-30,73200000.0,1197900000.0,108400000.0,1.44,358900000.0,0.2996076467,3611200000.0,1889100000.0,1120000000.0,492300000.0,1722100000.0,15300000.0,1190100000.0,4527537000.0,5457837000.0,37.706586826347305,2.2750355474304285,0.3160999113867966,0.604255994918215,0.025889963723939147,37.706586826347305,0.03874861044942036,3.7795617330328075,15.462899590163936,2.396663490551056,0.0,54.83660130718954,0.0,0.33171798848028355,2.212268941702214,0.02027027027027027,56.950150943396224,0.2996076467150847,0.02127659574468087,1.200670955541293,0.881850228375956,1.1401544776018817,0.043313953488372095,0.009655172413793104,-0.015440508628519528,0.34398798222370586,0.2590580283533859,0.49523678890810185,Information Technology Services,Technology,ASGN
2022Q2,2022,Q2,2022-08-09,2022-06-30,72500000.0,1141800000.0,110100000.0,1.41,344000000.0,0.3012786828,3524500000.0,1856100000.0,1366300000.0,492400000.0,1668400000.0,17200000.0,1165500000.0,4602750000.0,5207550000.0,36.39411764705882,2.7747766043866773,0.3107958575684494,0.5901621679866387,0.026534523967600584,36.39411764705882,0.03906039545283121,4.031135049921177,15.87155172413793,2.4797963471795703,0.0,46.383720930232556,0.0,0.3239608455100014,2.7087733549959383,0.02057029365867499,57.823492462311556,0.30127868278157294,0.09302325581395339,1.268831604309851,0.8101794284534005,1.073027012612753,0.05327617881200245,0.07248520710059171,0.09443339960238568,0.7415040262044493,0.21577581356516687,0.4969302888250415,Information Technology Services,Technology,ASGN
2022Q1,2022,Q1,2022-05-10,2022-03-31,67600000.0,1091000000.0,100600000.0,1.29,326600000.0,0.2993583868,3491200000.0,1869200000.0,1312400000.0,439100000.0,1622000000.0,17800000.0,1173000000.0,6022236000.0,6613736000.0,36.224806201550386,2.98884081074926,0.3133306599450046,0.5852236250802483,0.02464134933033951,36.224806201550386,0.03616520436550396,5.519923006416132,22.271582840236682,3.2218253798416434,0.0,42.943820224719104,0.0,0.3125,2.9109542245502165,0.019362969752520623,129.78956896551725,0.2993583868010999,0.040322580645161324,2.080972802264476,0.7770470412849394,1.152210676807483,0.04112209116990755,0.03363914373088685,-0.1259774109470026,0.9745007885209127,0.20400932213133402,0.5525338598562295,Information Technology Services,Technology,ASGN
2021Q4,2021,Q4,2022-03-01,2021-12-31,65400000.0,1053800000.0,115100000.0,1.24,313700000.0,0.2976845701,3502800000.0,1865400000.0,193700000.0,0.0,1637400000.0,-708200000.0,1336200000.0,6416800000.0,6966200000.0,35.87307692307692,0.0,0.2951638689048761,0.5542510989600086,0.030119839311561165,35.87307692307692,0.03505950466387906,6.089200986904536,24.529051987767584,3.4399056502626784,0.0,-1.0450437729454956,0.0,0.3008450382551102,0.0,0.01867077766358342,-78.06326034063261,0.2976845701271589,-0.6876574307304787,1.7701892663687238,0.7274164181789439,1.1849021888497615,0.016196954972465177,-0.6915094339622642,0.14985014985014986,0.4386392557334778,0.144051971585667,0.5927174911949823,Information Technology Services,Technology,ASGN
2021Q3,2021,Q3,2021-11-09,2021-09-30,212000000.0,1073800000.0,100100000.0,3.97,308700000.0,0.28748370273794005,3626500000.0,1834400000.0,1422200000.0,591000000.0,1792100000.0,0.0,1145500000.0,5962478000.0,6379578000.0,34.808349146110054,2.406429780033841,0.3023576451123673,0.5977431312690799,0.024494114090916723,34.808349146110054,0.11556912341910161,5.552689513875954,7.031224056603774,3.250369603139992,0.0,0.0,0.0,0.2960981662760237,2.330118443316413,0.058458568868054596,94.34300632911392,0.28748370273794005,2.3361344537815127,6.199445477664846,0.724681139933997,1.153191677998018,0.11726384364820847,2.3021806853582554,0.13879408418657566,3.2837448874423063,0.17702486238902132,0.6132023908047756,Information Technology Services,Technology,ASGN
2021Q2,2021,Q2,2021-08-09,2021-06-30,64200000.0,974900000.0,87900000.0,1.19,276300000.0,0.2834136834547133,3458800000.0,1719800000.0,1371600000.0,498400000.0,1739000000.0,0.0,1039200000.0,5156676000.0,5881576000.0,32.32706766917293,2.7520064205457464,0.31811610963339887,0.6397836957785789,0.022226556716626374,32.32706766917293,0.037329922083963255,5.289440968304442,20.080514018691588,2.9984160948947554,0.0,0.0,0.0,0.2818607609575575,2.006621187800963,0.018561350757488146,67.31953002610966,0.2834136834547133,0.3076923076923076,1.4791532939408978,0.6099120386018525,1.0536484075656107,-0.016725978647686834,0.3182751540041068,0.1751336898395722,0.8807527668729347,0.09105194911710336,0.5821098772539026,Information Technology Services,Technology,ASGN
2021Q1,2021,Q1,2021-05-07,2021-03-31,48700000.0,1025700000.0,74800000.0,0.91,281000000.0,0.27395924734327776,3334500000.0,1645800000.0,1074200000.0,428900000.0,1688700000.0,0.0,975000000.0,5058320000.0,5788520000.0,31.052830188679245,2.504546514339007,0.33489278752436646,0.6785150078988942,0.019514980864094356,31.052830188679245,0.029590472718434804,4.9315784342400315,25.966735112936345,3.0734718677846637,0.0,0.0,0.0,0.30760233918128654,2.4094194450920963,0.014604888289098816,45.776651583710404,0.27395924734327776,-0.125,1.806452134067333,0.7671377672286026,1.033879113274026,0.015907447577729574,-0.12093862815884476,-0.09443099273607748,0.6480369368224164,0.47377665726014545,0.5727522903788191,Information Technology Services,Technology,ASGN
2020Q4,2020,Q4,2021-03-01,2020-12-31,55400000.0,1011400000.0,82600000.0,1.04,276600000.0,0.2734823017599367,3278000000.0,1587100000.0,994400000.0,416200000.0,1690900000.0,0.0,926300000.0,4410384000.0,5198784000.0,30.05871212121212,2.3892359442575684,0.324222086638194,0.6696490454287695,0.02276599891961951,30.05871212121212,0.03490643311700586,4.360672335376705,19.90245487364621,2.778894839644635,0.0,0.0,0.0,0.3085417937766931,2.290004805382028,0.016900549115314217,53.329915356711005,0.2734823017599367,0.05050505050505055,1.868461021947681,0.7535127196308166,1.024880330012871,0.020664206642066422,0.05927342256214149,0.021013597033374538,-0.1890737212765699,0.467970957448304,0.5777783552237579,Information Technology Services,Technology,ASGN
2020Q3,2020,Q3,2020-11-09,2020-09-30,52300000.0,1011900000.0,80900000.0,0.99,271000000.0,0.2678130250024706,3211600000.0,1524200000.0,934700000.0,389400000.0,1687400000.0,0.0,870900000.0,3336900000.0,4171400000.0,29.03238095238095,2.4003595274781717,0.33136131523228296,0.6982023356514893,0.021970983203666347,29.03238095238095,0.034313082272667626,3.2976578713311593,15.95076481835564,2.189279622096838,0.0,0.0,0.0,0.31507659733466187,2.327170005136107,0.016284717897621124,40.743589743589745,0.2678130250024706,0.07608695652173908,1.1044498829822804,0.773863732099566,1.0151531353866217,0.039110429447852764,0.07172131147540983,0.06447368421052632,0.500459031443654,0.5169822861323323,0.6478229752491408,Information Technology Services,Technology,ASGN
2020Q2,2020,Q2,2020-08-10,2020-06-30,48800000.0,936800000.0,76000000.0,0.92,260800000.0,0.2783945345858241,3065500000.0,1457100000.0,854600000.0,357300000.0,1608400000.0,0.0,818600000.0,3500700000.0000005,4353300000.0,27.754285714285714,2.3918275958578223,0.34594682759745554,0.7278155239859996,0.021394296926975292,27.754285714285714,0.033491181113169996,3.7368701964133226,17.933913934426233,2.402511838583488,0.0,0.0,0.0,0.3055945196542163,2.2949902043101034,0.01591909965747839,19.57885906040269,0.2783945345858241,0.12195121951219524,2.3900356842147463,0.9110685696506685,0.9895465743255278,-0.0715557137771449,0.1141552511415525,0.07193229901269393,0.483525279949125,0.44274421368653377,0.5808978956283676,Information Technology Services,Technology,ASGN
2020Q1,2020,Q1,2020-05-11,2020-03-31,43800000.0,990500000.0,70900000.0,0.82,280900000.0,0.2835941443715295,3017500000.0,1399500000.0,789700000.0,361200000.0,1618000000.0,0.0,769800000.0,1864896000.0,2893496000.0,26.505681818181817,2.1863233665559245,0.3620878210439105,0.7807073954983923,0.020118700475333148,26.505681818181817,0.03129689174705252,1.8827824331145886,10.644383561643835,1.3325444801714899,0.0,0.0,0.0,0.32825186412593205,2.068106312292359,0.014515327257663628,38.215081967213116,0.2835941443715295,0.10810810810810806,0.09204937454266708,1.247367413452503,1.0235470691656379,-0.029706390328151987,0.11450381679389313,-0.13219094247246022,0.9508822538276337,0.5766831734623675,0.5747720246661079,Information Technology Services,Technology,ASGN
2019Q4,2019,Q4,2020-03-02,2019-12-31,39300000.0,1025200000.0,81700000.0,0.74,289500000.0,0.28238392508778776,2941400000.0,1376200000.0,791500000.0,340900000.0,1565200000.0,0.0,744700000.0,3747216000.0,4710116000.0,26.064393939393938,2.3217952478732764,0.3597266607737812,0.7688562708908588,0.024778710933792088,26.064393939393938,0.028556895800029066,3.655107296137339,23.837251908396947,2.7228716756285425,0.0,0.0,0.0,0.34854151084517576,2.2226459372249927,0.013360984565173047,52.40861538461539,0.28238392508778776,-0.3148148148148149,0.8868809474118906,1.1250785523591016,1.132290332805616,-0.006520247083047358,-0.3153310104529617,-0.10121012101210121,0.6394329721385655,0.6550719082254765,0.5874900135089859,Information Technology Services,Technology,ASGN
2019Q3,2019,Q3,2019-11-08,2019-09-30,57400000.0,1002700000.0,90900000.0,1.08,291400000.0,0.2906153385858183,2831600000.0,1331500000.0,747100000.0,353400000.0,1500100000.0,0.0,705400000.0,3319008000.0,4261708000.0,25.21780303030303,2.1140350877192984,0.3567594292979234,0.7586932031543372,0.02746814420503746,25.21780303030303,0.04310927525347353,3.3100708088161963,14.45560975609756,2.4926834397296282,0.0,0.0,0.0,0.35411075010594717,2.0732880588568197,0.02027122474925837,39.32473933649289,0.2906153385858183,0.3333333333333333,1.6368556044425169,1.1212843314566439,1.0932249153431786,0.021739130434782608,0.33178654292343385,0.24010914051841747,0.9455919973044067,0.6074338965046757,0.5599350430070525,Information Technology Services,Technology,ASGN
2019Q2,2019,Q2,2019-08-08,2019-06-30,43100000.0,972300000.0,73300000.0,0.81,285200000.0,0.29332510542013784,2799000000.0,1283700000.0,697100000.0,326500000.0,1515300000.0,0.0,664100000.0,3171696000.0,4183396000.0,24.3125,2.1350689127105666,0.3757770632368703,0.8193503154942744,0.02193305040207665,24.3125,0.03357482277790761,3.2620549213205803,18.397308584686776,2.470745501285347,0.0,0.0,0.0,0.34737406216505895,2.071362940275651,0.015398356555912826,36.001089670828605,0.29332510542013784,0.2272727272727273,1.134936964041298,1.1365974476594427,0.9290769197093073,0.08071239105721864,0.2349570200573066,0.16905901116427433,0.6769624311877427,0.6177822759803903,0.5445052864028084,Information Technology Services,Technology,ASGN
2019Q1,2019,Q1,2019-05-10,2019-03-31,34900000.0,923700000.0,62700000.0,0.66,263900000.0,0.2856988199631915,2814600000.0,1227300000.0,691400000.0,313700000.0,1587300000.0,0.0,621000000.0,3387440000.0000005,4485840000.0,23.332699619771862,2.2040165763468282,0.40289916862076314,0.9239794671229529,0.018468376314214326,23.332699619771862,0.028436405116923327,3.667251272058028,24.265329512893988,2.760074961297157,0.0,0.0,0.0,0.3281816243871243,2.134204654128148,0.012399630498116961,92.80657534246576,0.2856988199631915,-0.23255813953488366,1.5794281196151765,1.162913120509885,0.9112272869736854,-0.029408303174743283,-0.23933654453913383,-0.15812935537145695,1.0264889063890605,0.6035079677797743,0.5282307643008824,Information Technology Services,Technology,ASGN
2018Q4,2018,Q4,2019-03-01,2018-12-31,45881000.0,929650000.0,74477000.0,0.86,271896000.0,0.2924713601893186,2687851000.0,1182062000.0,686372000.0,308249000.0,1505789000.0,0.0,586125000.0,2860269000.0,3918867000.0,22.523188902861932,2.2266803785251534,0.4094066226141256,0.9309359407543767,0.02488136670116392,22.523188902861932,0.03881437691085578,3.076715968375195,15.585258603779343,2.419728406800997,0.0,0.0,0.0,0.3458711066945303,2.1757150874779803,0.01706977060856424,49.93312035194302,0.2924713601893186,-0.07526881720430113,0.4530291215991292,1.4297857898871622,0.8953547775530502,0.006381120175295738,-0.06692833319775482,0.0024227088576927736,1.3899873856745466,0.6215449442020213,0.5172560286235646,Information Technology Services,Technology,ASGN
2018Q3,2018,Q3,2018-11-09,2018-09-30,49172000.0,906449000.0,74297000.0,0.93,270172000.0,0.2980553787361451,2664590000.0,1129824000.0,646599000.0,291417000.0,1534766000.0,0.0,540244000.0,4048629839.9999995,5161895840.0,21.577174286696458,2.218810158638652,0.43314506171681194,1.0215343274704733,0.026821659503660018,21.577174286696458,0.04352182286798652,4.466472840722423,20.58402058081835,3.583416390517461,0.0,0.0,0.0,0.34018329273922066,2.1571905551151787,0.018453870952003872,47.86632900617152,0.2980553787361451,0.4761904761904763,1.4989260580784105,1.1478222469648287,0.9186676173249755,0.02397610727469812,0.4651530049760138,0.13116226667884656,0.9837998300313261,0.5931956416655771,0.49768324161694527,Information Technology Services,Technology,ASGN
2018Q2,2018,Q2,2018-08-09,2018-06-30,33561000.0,878509000.0,65682000.0,0.63,263846000.0,0.30033386112151383,2675034000.0,1068742000.0,637305000.0,279120000.0,1606292000.0,0.0,491072000.0,4089727950.0,5285956950.0,20.43288404550234,2.2832652622527947,0.4638767208192494,1.1610716150389897,0.021183286286659095,20.43288404550234,0.031402340321611766,4.6553056940794,30.464884464110128,3.826674679202277,0.0,0.0,0.0,0.3284104052509239,2.213435081685297,0.012546008761010141,59.83420798525259,0.30033386112151383,0.14545454545454536,3.6667775073147513,1.1452061490451517,0.8994573041416372,0.21176465185062712,0.15361611439571016,0.43749452858268406,1.340105500716707,0.7988365359469052,0.4647170125295419,Information Technology Services,Technology,ASGN
2018Q1,2018,Q1,2018-05-10,2018-03-31,29092000.0,685173000.0,45692000.0,0.55,217737000.0,0.3177839757258386,1858159000.0,1030216000.0,552271000.0,182748000.0,827943000.0,0.0,457511000.0,4272334640.0,4760363640.0,19.744260032964085,3.0220358088734214,0.30456435644097196,0.549330431676464,0.021381920415972335,19.744260032964085,0.028238738284010342,6.2354100935092305,36.71399903753609,4.147028040721557,0.0,0.0,0.0,0.36873755152277066,2.9361525160330073,0.015656356641170103,88.0258502111878,0.3177839757258386,-0.5703125,0.2016396212075022,0.7897832231275485,0.8643391090663352,-0.01332263897007844,-0.5679256211848925,-0.24844975903416286,-0.26601322145186274,0.5731362343476484,0.5073537740554286,Information Technology Services,Technology,ASGN
2017Q4,2017,Q4,2018-03-01,2017-12-31,67331000.0,679035000.0,60797000.0,1.28,220677000.0,0.32498619364244846,1810129000.0,991391000.0,499523000.0,166717000.0,818738000.0,0.0,428419000.0,3344482260.0,3883028260.0,19.051289442330603,2.996233137592447,0.31777458954582793,0.5802080107646731,0.0476966234208253,19.051289442330603,0.06791568614199645,4.925345910004639,12.418062482363249,3.373524936175535,0.0,0.0,0.0,0.3751307227274962,2.8665642975821304,0.037196796471411706,64.27741120848708,0.32498619364244846,0.9393939393939393,5.008971700860322,0.7082164585577445,0.8804066093770785,0.01081922909557291,0.9316903832912554,-0.0011992771480203712,2.280049058153546,0.42814359476938435,0.5585584072977614,Information Technology Services,Technology,ASGN
2017Q3,2017,Q3,2017-11-08,2017-09-30,34856000.0,667048000.0,60870000.0,0.66,218315000.0,0.32728529281251123,1804868000.0,924978000.0,485754000.0,189196000.0,879890000.0,0.0,361122000.0,2818200000.0,3400220000.0,17.618628571428573,2.567464428423434,0.33797319249939606,0.65947190095332,0.025722780209624232,17.618628571428573,0.03768305840787565,4.22488336671424,20.213162726646775,3.046775166544501,0.0,0.0,0.0,0.3695827063253379,2.5106609019218165,0.019312215630173508,56.63129973474801,0.32728529281251123,0.06451612903225812,0.9853732641705795,0.705868156694252,0.7784254698998807,0.025256296463273174,0.05314681088920446,0.023696204234708463,0.6103735246318477,0.4192521953490744,0.46244905853118295,Information Technology Services,Technology,ASGN
2017Q2,2017,Q2,2017-08-07,2017-06-30,33097000.0,653313000.0,59461000.0,0.62,212937000.0,0.3259341234599648,1766644000.0,927362000.0,462680000.0,178377000.0,839282000.0,0.0,363366000.0,2860365450.0,3421184450.0,17.556026730780154,2.5938321644606646,0.32818270121201554,0.6251949077059444,0.024558042860102457,17.556026730780154,0.035689407157075664,4.378246644410872,21.605926896697586,3.084410888089009,0.0,0.0,0.0,0.3698045559829824,2.527242862028176,0.018734391309171514,85.698698205351,0.3259341234599648,0.4761904761904762,2.30037074256642,0.9588819831415683,0.6050660045923679,0.0746578246124031,0.47813853780536825,0.3635342139057054,0.6387295167732785,0.4350088501496241,0.3929841015176407,Information Technology Services,Technology,ASGN
2017Q1,2017,Q1,2017-05-10,2017-03-31,22391000.0,626528000.0,43608000.0,0.42,198144000.0,0.316257214362327,1752087000.0,886310000.0,441984000.0,167659000.0,865777000.0,0.0,330269000.0,2555492740.0,3148555740.0,16.83144061681036,2.6362080174640194,0.35219027365650224,0.6962214123726461,0.01849282034342354,16.83144061681036,0.02526316977129898,4.078816493436846,28.5325883167344,2.883294490640972,0.0,0.0,0.0,0.3575895489208013,2.5773683488509413,0.012779616537306651,69.05244109381755,0.316257214362327,-0.06666666666666672,1.9439639656827623,1.654022476728126,1.4502021762229915,-0.0002573223340649361,-0.06812884967537873,-0.04900228982662741,0.6530762142300737,0.4654466086452416,0.378696383622312,Information Technology Services,Technology,ASGN
2016Q4,2016,Q4,2017-03-01,2016-12-31,24028000.0,620884000.0,45855000.0,0.45,198195000.0,0.31921421714845283,1752667000.0,868939000.0,437524000.0,162499000.0,883728000.0,0.0,315573000.0,2337123840.0,2950434840.0,16.418619151991535,2.692471953673561,0.365360333708571,0.736938956589588,0.018836907097760296,16.418619151991535,0.027652113669659206,3.7641875777117786,24.316670551023805,2.689629352578259,0.0,0.0,0.0,0.35425097865139243,2.633265435479603,0.01370939259996337,47.3917436885329,0.31921421714845283,-0.18181818181818185,1.255763353690246,1.7024263853482675,1.47993060461927,-0.0430909617612978,-0.1928245095404461,-0.17244179750947483,-0.24540003116949433,0.6092247324948629,0.38164752712245753,Information Technology Services,Technology,ASGN
2016Q3,2016,Q3,2016-11-08,2016-09-30,29768000.0,629401000.0,55410000.0,0.55,207120000.0,0.32907478698000164,1762160000.0,861240000.0,434482000.0,174098000.0,900920000.0,0.0,306507000.0,1933349750.0,2575019750.0,16.165931487564524,2.495617410883525,0.37376969174195307,0.7647601133249733,0.02303889447356605,16.165931487564524,0.03456411685476755,3.0717297080875308,16.23681260077936,2.2448443523291997,0.0,0.0,0.0,0.357175852363009,2.4411882962469416,0.016892904163072594,53.61480171935663,0.32907478698000164,0.14583333333333348,1.6618670176685741,1.692226787357042,1.5062246759991913,0.024910186752174816,0.14474696200584525,0.0928131902808457,0.4868869774206357,0.46580148998823256,0.43749356783051885,Information Technology Services,Technology,ASGN
2016Q2,2016,Q2,2016-08-09,2016-06-30,26004000.0,608088000.0,50704000.0,0.48,202086000.0,0.3323301890515846,1777715000.0,840931000.0,442226000.0,177607000.0,936784000.0,0.0,290328000.0,1973942900.0000002,2631090900.0,15.741286361424132,2.489913122793584,0.38922436948554745,0.8228142380290416,0.020130036696787125,15.741286361424132,0.03092287000954894,3.2461467748089095,18.97730060759883,2.3473303992836514,0.0,0.0,0.0,0.3420615790495102,2.427584498358736,0.01462776654300605,36.75529094125314,0.3323301890515846,0.4999999999999999,2.0684086299876836,1.9288835213158393,1.498502103947192,0.07617343515352909,0.4943968737428883,0.3429033026988373,2.540343685367864,0.4538256091347517,0.46332261707195116,Information Technology Services,Technology,ASGN
2016Q1,2016,Q1,2016-05-09,2016-03-31,17401000.0,582040000.0,37757000.0,0.32,187782000.0,0.3226273108377431,1777055000.0,811437000.0,432168000.0,175754000.0,965618000.0,0.0,266968000.0,1962187240.0,2657037240.0,15.267785575855646,2.458936923199472,0.4069761487404723,0.8912817630943622,0.014854908940985572,15.267785575855646,0.021444671613446268,3.3712240395849085,28.190725245675534,2.418163381753605,0.0,0.0,0.0,0.3275306616846412,2.3881903114580605,0.009792043577717065,65.33654901438466,0.3226273108377431,-0.11111111111111106,2.7897703557080678,2.098604878639739,1.4893136044473194,-0.026693342732154336,-0.1001654772985831,-0.11910316830759181,-0.2943594310909605,0.4926627593602784,0.44165087526115715,Information Technology Services,Technology,ASGN
2015Q4,2015,Q4,2016-02-29,2015-12-31,19338000.0,577517000.0,42862000.0,0.36,192932000.0,0.3340715511404859,1767307000.0,784794000.0,414208000.0,160350000.0,982513000.0,0.0,249567000.0,2376371650.0,3108010650.0,14.844685720770991,2.5831493607733083,0.42749109237953564,0.9626832009419032,0.015801660739931386,14.844685720770991,0.024640861168663368,4.114808135518088,30.721528208708246,3.028019645919821,0.0,0.0,0.0,0.32677797349300375,2.4441222326161522,0.010942071750974789,100.3365837696335,0.3340715511404859,-0.23404255319148934,1.9779657479958985,2.3022004730214314,1.4769436237763331,0.007983114250485883,-0.22415245737211634,-0.16716214903332363,0.6987621665587125,0.4300507330941485,0.46520503128991886,Information Technology Services,Technology,ASGN
2015Q3,2015,Q3,2015-11-06,2015-09-30,24925000.0,572123000.0,51465000.0,0.47,191404000.0,0.33455043758073,1796800000.0,758588000.0,432104000.0,182149000.0,1038212000.0,0.0,231634000.0,1942932600.0,2698813600.0,14.407034603259012,2.372255680788805,0.43677482190560996,1.0345497160514008,0.019798762828493834,14.407034603259012,0.03285709766039009,3.396005054857085,19.487789368104313,2.5612487938116604,0.0,0.0,0.0,0.31841217720391807,2.2031523642732047,0.013871883348174532,64.69756584862309,0.33455043758073,0.7407407407407405,4.463473682563425,2.41536187782367,1.2523369672672413,0.20733722734555363,0.7488773505472917,0.5733720574747784,0.415558179408826,0.45883346581503015,0.454246973894135,Information Technology Services,Technology,ASGN
2015Q2,2015,Q2,2015-08-07,2015-06-30,14252000.0,485323000.0,32710000.0,0.27,158534000.0,0.32665668019030625,1797134000.0,725096000.0,417698000.0,171147000.0,1072038000.0,0.0,206709000.0,2041695840.0,2829917840.0,13.95005579283543,2.4405803198420073,0.46189377085960204,1.1447932411708244,0.01244713415780576,13.95005579283543,0.0196553283978949,4.206880448690872,35.81419870895313,2.815759347727749,0.0,0.0,0.0,0.2700538746693346,2.258204934938971,0.007930404744443096,75.21166433360348,0.32665668019030625,-0.64,9.625559340572075,2.256033394926536,1.2297245410993156,0.1667635694572217,-0.635824709339466,0.30469466714530735,0.44428669367705526,0.47884052480069067,0.2753888256498446,Information Technology Services,Technology,ASGN
2015Q1,2015,Q1,2015-05-08,2015-03-31,39135000.0,430045000.0,25071000.0,0.75,135875000.0,0.31595530700275554,1217638000.0,674828000.0,409771000.0,154691000.0,542810000.0,0.0,192457000.0,1976784029.9999998,2234984030.0,13.098623808691938,2.6489647102934235,0.27476392819540785,0.49577521975970174,0.01470014548924585,13.098623808691938,0.05799255513997641,4.596691113720657,12.627980260636258,2.9293153662859277,0.0,0.0,0.0,0.35317968066042615,2.443122095015224,0.03214009418234319,165.51821401657872,0.31595530700275554,0.923076923076923,92.4590717447649,2.1513554122269563,1.1027865920284308,-0.10603259403517314,0.9115420309676159,-0.36459943736219175,4.259219217046611,0.8619797350445977,0.9068050853311507,Information Technology Services,Technology,ASGN
2014Q4,2014,Q4,2015-03-02,2014-12-31,20473000.0,474206000.0,39457000.0,0.39,151991000.0,0.3205168218031826,1274174000.0,634408000.0,385904000.0,165566000.0,639766000.0,0.0,154562000.0,1722561000.0,2105972000.0,12.223660886319847,2.330816713576459,0.32579930213612895,0.6543501973493399,0.023072821644399145,12.223660886319847,0.032271030630130766,3.632516248212802,21.034545498949836,2.7152258483499576,0.0,0.0,0.0,0.3721673805932314,2.1091468055035456,0.016067664227962585,76.23637973002877,0.3205168218031826,-0.04878048780487796,12.858288477469678,2.3248012932988993,0.9609219649056342,-0.023231751988997854,-0.06962054078618496,-0.034880023481642736,0.9599396689304622,1.1047269003171527,0.8463081731690639,Information Technology Services,Technology,ASGN
2014Q3,2014,Q3,2014-11-07,2014-09-30,22005000.0,477824000.0,40883000.0,0.41,155606000.0,0.32565547147066704,1267055000.0,643015000.0,371608000.0,172188000.0,624040000.0,0.0,156140000.0,1433091900.0,1806898900.0,12.047345149323641,2.1581527167979186,0.31860337554407664,0.6278049501178045,0.022756924982027096,12.047345149323641,0.034221596696811116,2.9992045188186447,16.28143490115883,2.2287067953313686,0.0,0.0,0.0,0.37711385851442913,2.0067832833879247,0.017367044050968585,37.391183760795265,0.32565547147066704,0.07894736842105256,9.22702402279335,2.293058027374959,0.9263019889074322,0.01885062889993256,0.05849247198037424,0.05782964189608777,0.9640465555790072,1.0400738038280488,0.8677150597068902,Information Technology Services,Technology,ASGN
2014Q2,2014,Q2,2014-08-11,2014-06-30,20789000.0,468618000.0,38648000.0,0.38,152727000.0,0.32590937608030424,1275579000.0,685260000.0,373673000.0,170558000.0,590319000.0,0.0,180905000.0,1934012040.0,2280009040.0,12.603178106378284,2.190885212068622,0.29535606967502603,0.5497913200828882,0.02119186917912072,12.603178106378284,0.030337390187665996,4.127054530555805,23.25763673096349,2.8223040014009277,0.0,0.0,0.0,0.3673766971704614,2.036210555939915,0.016297696967416366,81.56258603238867,0.32590937608030424,0.52,23.26967727842375,2.062184973405444,1.050561153482717,0.11003139808704247,0.49378458001005965,0.41661168536031085,1.4101910654454624,1.2176830054657288,1.0004125642727002,Information Technology Services,Technology,ASGN
2014Q1,2014,Q1,2014-05-09,2014-03-31,13917000.0,439274000.0,27282000.0,0.25,137588000.0,0.31321680773275906,1254404000.0,660514000.0,347631000.0,157168000.0,593890000.0,0.0,160116000.0,2087873360.0000002,2458292360.0,12.208228596776578,2.2118433777868267,0.31394431140206824,0.5962220331438849,0.015175301542550952,12.208228596776578,0.021069954611105897,4.753009192440254,37.50580872314436,3.160982749797885,0.0,0.0,0.0,0.3501854267046342,2.0423241372289525,0.011094511815969975,-250.31451384726054,0.31321680773275906,-0.576271186440678,4.594059050602291,1.4912874834229704,0.9784714264780449,0.1470541646866585,-0.5705954952175255,-0.10574275599842664,1.9773760800709141,1.297197037081543,0.9904726445868758,Information Technology Services,Technology,ASGN
2013Q4,2013,Q4,2014-03-03,2013-12-31,32410000.0,392710000.0,30508000.0,0.59,119949000.0,0.3054391281098011,1261194000.0,640133000.0,349874000.0,169021000.0,621061000.0,0.0,146199000.0,1881070560.0,2243533560.0,11.883363035568426,2.0700031357050306,0.3170114986274911,0.624578017380763,0.016805369183532946,11.883363035568426,0.050630103431630616,4.78997367013827,14.509954952175255,2.938562080067736,0.0,0.0,0.0,0.31137953399714874,1.897835180243875,0.025697870430718826,58.16904446780877,0.3054391281098011,0.5945945945945945,5.094784466335501,0.7700098244987774,0.9490729710442918,-0.08166687082746371,0.6084367245657568,-0.17295597484276728,2.608588407890703,1.2037607200007916,0.9828254267980447,Information Technology Services,Technology,ASGN
2013Q3,2013,Q3,2013-11-05,2013-09-30,20150000.0,432171000.0,36888000.0,0.37,130616000.0,0.3022322182654551,1118482000.0,603006000.0,332321000.0,139065000.0,515476000.0,0.0,113789000.0,1769460000.0,2082196000.0,11.245915703095859,2.389681084385,0.31990948446197615,0.5933821554014388,0.023070051792530438,11.245915703095859,0.03341591957625629,4.09435154140375,21.95359801488834,2.934398662699874,0.0,0.0,0.0,0.3863906616288863,2.245769963686046,0.01801548885006643,45.774524006622514,0.3022322182654551,1.6428571428571426,0.9256053455361589,0.7690766106778864,0.8707230215467807,0.048560212576364524,1.7456056683471863,0.12333272428284305,3.337238442014702,1.5334217792691187,0.7581405449754505,Information Technology Services,Technology,ASGN
2013Q2,2013,Q2,2013-08-02,2013-06-30,7339000.0,417923000.0,32838000.0,0.14,124567000.0,0.2980620832067151,1089033000.0,574199000.0,301921000.0,127077000.0,514834000.0,0.0,93639000.0,1455084280.0,1810286280.0,10.757222076510923,2.3758902082989053,0.3391201184904406,0.643179455206296,0.01989745338697613,10.757222076510923,0.012781283143997116,3.4817042373834415,49.56684425671072,2.5341114839977084,0.0,0.0,0.0,0.38375604779653144,2.208723844598157,0.0067390060723596075,65.51777567652753,0.2980620832067151,-0.6956521739130435,-0.20046622599994035,0.7770648322819739,0.8522216786919534,0.09969631159842506,-0.7018242392231747,0.3835847307659897,4.328072705864158,1.7303072181030812,0.7193939876835806,Information Technology Services,Technology,ASGN
2013Q1,2013,Q1,2013-05-09,2013-03-31,24613000.0,389193000.0,23734000.0,0.46,113274000.0,0.29104840015108185,1093436000.0,561783000.0,295360000.0,128899000.0,531653000.0,0.0,86300000.0,1317662640.0,1689476640.0,10.590487501413866,2.291406450011249,0.3508097410365124,0.68280457044802,0.014474228351759039,10.590487501413866,0.043812290510748815,3.385627799061134,13.383807743875188,2.3455010920586776,0.0,0.0,0.0,0.3559357840788121,2.086672511035772,0.022509776520985226,1667.9273924050633,0.29104840015108185,1.1904761904761905,5.809486184848336,0.6976437978695206,0.8824140893459474,-0.06602793489553273,1.173909203320968,-0.11048647027958923,56.86512649398635,1.7698948801290109,0.7001431178014453,Information Technology Services,Technology,ASGN
2012Q4,2012,Q4,2012-12-31,2012-12-31,11322000.0,401659000.0,26682000.0,0.21,121282000.0,0.30195265137840804,1098021000.0,532723000.0,293757000.0,118727000.0,565298000.0,0.0,61687000.0,1066342680.0000001,1465451680.0,10.131473345885396,2.4742223757022415,0.3885062307551495,0.8007688798869206,0.015179891480818782,10.131473345885396,0.021253071483679137,2.6548457273458332,23.545810810810814,2.0016832012133885,0.0,0.0,0.0,0.3658026576905178,2.2781844062428935,0.010311278199597276,47.21046088457963,0.30195265137840804,-0.3636363636363637,2.4236469272218577,0.7718502065199204,0.8509513299004029,0.0188425642016482,-0.35054207537429016,-0.26890618149934237,6.5646663574129525,1.7796791484580334,0.6252928484818249,Information Technology Services,Technology,ASGN
2012Q3,2012,Q3,2012-09-30,2012-09-30,17433000.0,388283000.0,36496000.0,0.33,119039000.0,0.3065779341356691,1098935000.0,516455000.0,284894000.0,129480000.0,582480000.0,0.0,50365000.0,1039492140.0000001,1464707140.0,9.906869233277705,2.200293481618783,0.3995577536433001,0.8501960480583981,0.022038786957627215,9.906869233277705,0.03375511903263595,2.6771507895014723,14.906960075718466,2.0127448470825144,0.0,0.0,0.0,0.3533266298734684,2.020420142106889,0.01586354060977219,52.44927291992533,0.3065779341356691,0.736842105263158,2.627936657624398,0.7693003802831663,0.8272290464574095,0.33820851226476606,1.047328244274809,0.8569247990230996,7.295331169859698,1.7397661515769072,0.5840520605471388,Information Technology Services,Technology,ASGN
2012Q2,2012,Q2,2012-06-30,2012-06-30,8515000.0,283186000.0,19654000.0,0.19,88954000.0,0.3141186358082674,1094748000.0,490586000.0,279142000.0,125823000.0,604162000.0,0.0,32932000.0,715837920.0,1164002920.0,10.937884598234193,2.21852920372269,0.4262058482865463,0.9510829905460001,0.011851255697415287,10.937884598234193,0.017356793712009717,2.5278012331118065,21.016967704051673,1.4591486915647818,0.0,0.0,0.0,0.2586768827163877,2.042218036448026,0.007778045723764738,-34.22278146961801,0.3141186358082674,0.35714285714285704,1.2729898687443226,0.5438833226188927,1.073123706166744,0.6159351838395583,0.5818316923648523,0.975872122247914,11.05059662108987,1.2432502700263137,0.7796147185339756,Information Technology Services,Technology,ASGN
2012Q1,2012,Q1,2012-03-31,2012-03-31,5383000.0,167078000.0,9947000.0,0.14,55048000.0,0.3294748560552556,419989000.0,256016000.0,138305000.0,62541000.0,163973000.0,0.0,24417000.0,651089392.7310001,713904392.7310001,6.869408892108723,2.21142930237764,0.19167168663941198,0.31443347290794327,0.017209049770854076,6.869408892108723,0.021026029623148552,3.8969187608841382,30.238221843349436,2.5431589929184115,0.0,0.0,0.0,0.3978151808737848,1.9141203370588893,0.012817002350061548,134.13460913288012,0.3294748560552556,-0.3,4.496351811829733,0.2673442585900592,0.326577007412894,0.026459564787708143,-0.2823623516864418,-0.26148934590541245,2.141141014409279,0.3755907592174163,0.11325972495467655,Information Technology Services,Technology,ASGN
2011Q4,2011,Q4,2011-12-31,2011-12-31,7501000.0,161790000.0,13469000.0,0.2,53629000.0,0.3314728969652018,410665000.0,246743000.0,131114000.0,56409000.0,163922000.0,0.0,19034000.0,416667420.0,485678420.0,6.62059620596206,2.324345405874949,0.21124274043319982,0.3515803893119562,0.023745712102695722,6.62059620596206,0.030400051875838423,2.575359540144632,13.887062391681107,1.688669668440442,0.0,0.0,0.0,0.3939707547514397,1.9795422716233224,0.01826549620737097,69.44457,0.3314728969652018,-0.04761904761904753,0.13840832925064336,0.9665009342337573,0.38309434913034957,-0.01648694248826291,-0.03424745719067851,-0.019437973209085614,1.038832735181031,0.05399488466556406,0.08589000257045419,Information Technology Services,Technology,ASGN
2011Q3,2011,Q3,2011-09-30,2011-09-30,7767000.0,162370000.0,13736000.0,0.21,54528000.0,0.3358255835437581,406729000.0,238668000.0,123984000.0,64985000.0,168061000.0,0.0,11557000.0,261597070.0,336352070.0,6.450312153725575,1.9078864353312304,0.21636027920310574,0.3687130239495869,0.025114817860409838,6.450312153725575,0.03254311428427774,1.6111170166902753,8.420145165443545,1.096070985636952,0.0,0.0,0.0,0.3992093015250941,1.6885435100407786,0.01909625327921048,355.91438095238095,0.3358255835437581,0.31249999999999994,1.0421237826613519,0.5225367604648719,0.9713645923244727,0.11751444849776611,0.3242966751918159,0.27244094488188975,0.07562004146886585,-0.03681400689849078,0.07298931991955142,Information Technology Services,Technology,ASGN
2011Q2,2011,Q2,2011-06-30,2011-06-30,5865000.0,143683000.0,10795000.0,0.16,48794000.0,0.3395948024470536,383673000.0,232928000.0,114729000.0,60246000.0,150745000.0,0.0,4008000.0,363424930.0,421491930.0,6.30028941602878,1.9043421969923315,0.20134333143067143,0.3316475477400742,0.020381151541262923,6.30028941602878,0.025179454595411457,2.5293523242137206,15.491258738277919,1.5602457841049593,0.0,0.0,0.0,0.3744933836887141,1.660093616173688,0.015286454871726704,70.63652672497571,0.3395948024470536,1.0,1.167304688271728,0.48063260604194036,1.004139361577273,0.13069472123094036,0.8536662452591656,0.6869823409907798,-0.077494333591804,-0.11790880604784328,0.0848091222252573,Information Technology Services,Technology,ASGN
2011Q1,2011,Q1,2011-03-31,2011-03-31,3164000.0,129438000.0,6399000.0,0.08,43154000.0,0.3333951389854602,376179000.0,224621000.0,106575000.0,54899000.0,151558000.0,0.0,-1857000.0,346453580.00000006,409132580.00000006,6.133331512983644,1.9412921911145922,0.20867725205287907,0.34947756443075223,0.011746965807421563,6.133331512983644,0.014085949221132486,2.6765986804493274,27.3746507585335,1.5423917621237553,0.0,0.0,0.0,0.34408619300917914,1.6529444980782892,0.008410889496755534,110.75881713554989,0.3333951389854602,1.2185971527720851,6.433871487772405,0.37648583378249806,1.0252970671121795,0.02178339726286878,1.2309826252007592,1.7493851739079518,0.26789996608036304,-0.18220948620877733,0.09017357823504807,Information Technology Services,Technology,ASGN
2010Q4,2010,Q4,2010-12-31,2010-12-31,-13698000.0,121152000.0,-8539000.0,-0.36597,42234000.0,0.3486034072900158,341116000.0,219487000.0,95646000.0,45050000.0,121629000.0,0.0,-5021000.0,298477450.0,346818450.0,5.993146383420255,2.1231076581576027,0.19568123453605224,0.3041182393490275,-0.03402478554327489,5.993146383420255,-0.06240916318506335,2.4636609383254093,-5.447464045846109,1.359886690327901,0.0,0.0,0.0,0.35516363934849143,1.7963817980022199,-0.04015642772546582,68.59973569294415,0.3486034072900158,-5.066333333333334,-12.838577509131708,0.3286332355078322,1.0321502918898018,0.027516239690533538,-5.330698703762251,-2.1474066111260415,-6.946999558561097,-0.23268265889125922,0.09490711666182487,Information Technology Services,Technology,ASGN
2010Q3,2010,Q3,2010-09-30,2010-09-30,3163000.0,116141000.0,7442000.0,0.09,41103000.0,0.3539060280176682,362537000.0,233510000.0,102372000.0,40755000.0,129027000.0,0.0,8891000.0,191656500.0,239291500.0,6.3964827699556235,2.511888111888112,0.21491047810292466,0.3336602286839964,0.01292500767394406,6.3964827699556235,0.013545458438610766,1.6502053538371462,15.14831647170408,0.8207635647295619,0.0,0.0,0.0,0.3203562670844631,2.228536375904797,0.008724626727754684,41.92879019908116,0.3539060280176682,2.0,0.22105700650977975,0.22913433413274145,1.1809790172285095,0.16452289211242066,2.3648936170212767,1.2334933973589435,-0.06002010653636639,-0.24426321480139182,0.17977121098633106,Information Technology Services,Technology,ASGN
2010Q2,2010,Q2,2010-06-30,2010-06-30,940000.0,104459000.0,3332000.0,0.03,35296000.0,0.3378933361414526,351194000.0,227902000.0,96810000.0,35827000.0,123292000.0,0.0,5728000.0,183227810.0,230657810.0,6.256403217393691,2.7021520082619253,0.2218517400638963,0.3418706286035226,0.005829110678258795,6.256403217393691,0.004124579863274565,1.754064369752726,48.730800531914895,0.8039763143807427,0.0,0.0,0.0,0.2974395917925705,2.3088731961928155,0.0026765833129267585,27.995081741787626,0.3378933361414526,4.0,3.4761130442532657,0.26502612697409594,1.2253913239205487,0.14511890471401226,4.112582781456954,2.3588709677419355,-0.6910422390889933,-0.2987918285450291,0.18581410407371354,Information Technology Services,Technology,ASGN
2010Q1,2010,Q1,2010-03-31,2010-03-31,-302000.0,96313000.0,992000.0,-0.01,30823000.0,0.3200294871927985,346711000.0,226499000.0,98433000.0,35371000.0,120212000.0,0.0,4789000.0,259253930.0,306916930.0,6.229174115123347,2.7828729750360464,0.22472030019237924,0.3439882736789125,0.0018360819321653825,6.229174115123347,-0.0013333392200407066,2.6917854287583194,-214.61418046357616,1.1446140159559202,0.0,0.0,0.0,0.277790436415343,2.2794096859008794,-0.0008710424532247319,50.913968970934796,0.3200294871927985,-1.357142857142857,0.9268175486784095,0.3456237832745323,1.2020600557612535,-0.07198771602336364,-1.2917874396135265,-0.7273227047828478,-1.316059615749145,-0.25118908592025757,0.20293889708427693,Information Technology Services,Technology,ASGN
2009Q4,2009,Q4,2009-12-31,2009-12-31,1035000.0,99924000.0,3638000.0,0.028,33214000.0,0.33239261838997636,343462000.0,226661000.0,94192000.0,31954000.0,116801000.0,0.0,5090000.0,259981150.0,311920150.0,6.2336294381342645,2.94773737247293,0.22684605574998107,0.343742417089839,0.006237442676630733,6.2336294381342645,0.004566290627853932,2.6017888595332455,62.79737922705315,1.1470043368731277,0.0,0.0,0.0,0.29093174790806553,2.3830193403016837,0.003013433800536886,518.9244510978044,0.33239261838997636,-0.3,1.1273104786836792,0.35559384965107127,1.1174970645819513,0.013456198700149514,-0.28817056396148555,-0.15826006478482185,-0.8389980373430231,0.2448706105001234,0.3022539635768726,Information Technology Services,Technology,ASGN
2009Q3,2009,Q3,2009-09-30,2009-09-30,1454000.0,98053000.0,4322000.0,0.04,32773000.0,0.3342376061925693,350128000.0,225574000.0,98550000.0,38769000.0,124554000.0,0.0,19887000.0,210997800.0,258842800.0,6.25413108572696,2.5419794165441463,0.23680768176209843,0.3675645242802805,0.00789879713277164,6.25413108572696,0.006445778325516238,2.151875006374104,36.278851444291604,0.9353817372569534,0.0,0.0,0.0,0.2800490106475346,2.1783899507338336,0.004152766988072933,26.302393418100223,0.3342376061925693,1.0,1.0315638335355697,0.38512005296188473,0.985789263794408,-0.018684312962242117,1.550877192982456,0.26670574443141853,-0.6078207920052868,-0.056777216019602186,0.9114071202022138,Information Technology Services,Technology,ASGN
2009Q2,2009,Q2,2009-06-30,2009-06-30,570000.0,101834000.0,3412000.0,0.02,33397000.0,0.32795529980163796,365176000.0,222376000.0,111777000.0,38831000.0,142800000.0,0.0,18433000.0,141467710.0,197875710.0,6.146209336392029,2.8785506425278773,0.2763407233772208,0.4537944742238371,0.004296995655810834,6.146209336392029,0.002563226247436774,1.3891991869120333,62.04724122807017,0.6361644691873224,0.0,0.0,0.0,0.27886279492628213,2.465324096726842,0.0015608911867154467,11.504245750996178,0.32795529980163796,-0.6,1.1329511165480801,0.5334803333854576,0.3908675938547501,-0.09698788665368809,-0.654126213592233,-0.11491569390402075,-0.7847677026832786,0.07229765552209444,0.955126065196102,Information Technology Services,Technology,ASGN
2009Q1,2009,Q1,2009-03-31,2009-03-31,1648000.0,116802000.0,3855000.0,0.05,36984000.0,0.3166384137257924,383345000.0,221152000.0,127699000.0,47534000.0,162193000.0,0.0,17863000.0,97126400.0,161573400.0,6.170535714285714,2.686477048007742,0.2893294551904942,0.5015238388076979,0.00677475812463591,6.170535714285714,0.00745188829402402,0.8315474050101882,14.733980582524271,0.4391839097091593,0.0,0.0,0.0,0.30469159634272003,2.2790844448184457,0.00429899959566448,5.879322033898305,0.3166384137257924,-0.4897959183673469,1.7712028324303775,0.7695359954551327,0.35823878839439305,-0.23830707445165278,-0.534200113058225,-0.626670540383498,2.9565959082308426,0.2692470058113393,1.0375823250705707,Information Technology Services,Technology,ASGN
2008Q4,2008,Q4,2009-03-16,2008-12-31,3538000.0,147616000.0,10326000.0,0.098,48555000.0,0.32892775850856276,401850000.0,218514000.0,144723000.0,53531000.0,183336000.0,0.0,16215000.0,203212800.0,282854800.0,6.0969308035714285,2.7035362687041156,0.31333333333333335,0.5762239490375902,0.014231859220895825,6.0969308035714285,0.016191182258345004,1.3766312594840668,14.359299039005087,0.9299761113704386,0.0,0.0,0.0,0.36734104765459746,2.3283891576843323,0.00880428020405624,26.136694533762057,0.32892775850856276,-0.4842105263157895,2.2325141070544117,1.2051579126223906,0.32624094314560625,-0.0805544509458615,-0.4899812599106242,-0.24179455172920186,2.1245401133199935,0.6542223072286365,1.0673414129155256,Information Technology Services,Technology,ASGN
2008Q3,2008,Q3,2008-11-10,2008-09-30,6937000.0,161947000.0,13619000.0,0.19,52809000.0,0.3260881646464584,402423000.0,213686000.0,150455000.0,48156000.0,188737000.0,0.0,12677000.0,280102480.0,367277480.0,6.011534349856524,3.124325110058975,0.33773417523352295,0.6360360529000496,0.022682471777606388,6.011534349856524,0.03246352124144773,1.7295935089875083,10.094510595358225,1.3108134365377235,0.0,0.0,0.0,0.40242978159797027,2.8304676468145193,0.017238080328410652,31.355925221090338,0.3260881646464584,0.11764705882352934,19.897424853142045,1.2717176815267954,0.2885809599968447,0.04233775461866414,0.1387065003282994,0.15044771076195304,1.7503119477740174,0.7601926750623439,1.0497249425837927,Information Technology Services,Technology,ASGN
2008Q2,2008,Q2,2008-08-08,2008-06-30,6092000.0,156082000.0,11838000.0,0.17,50664000.0,0.32459860842377725,390946000.0,205745000.0,138181000.0,46275000.0,185201000.0,0.0,5740000.0,284116520.0,379977520.0,5.80774007790888,2.9860831982712046,0.3476490359282356,0.6605847043670563,0.01964635139127736,5.80774007790888,0.029609468030814844,1.820302917697108,11.659410702560734,1.38091579382245,0.0,0.0,0.0,0.3992418390263617,2.6948676391139923,0.015582714748328414,46.280586414725526,0.32459860842377725,1.4285714285714286,1.0546124972530313,1.0547669449293404,0.2528063403416648,0.06822973770768323,1.5351643778610071,0.5312378734963136,28.828703320601157,0.9436038026429829,1.0658026555948537,Information Technology Services,Technology,ASGN
2008Q1,2008,Q1,2008-05-12,2008-03-31,2403000.0,152413000.0,7731000.0,0.07,47428000.0,0.3111808047869932,396527000.0,198407000.0,142733000.0,57107000.0,198120000.0,0.0,-352000.0,223939100.0,316907100.0,5.626013724267,2.4993958709089954,0.34275850068217295,0.6850211938086862,0.013487450689647964,5.626013724267,0.012111467841356404,1.4692913334164408,23.297867249271743,1.1286854798469812,0.0,0.0,0.0,0.3843697907078207,2.2690213108725725,0.0060601169655534175,51.95802784222738,0.3111808047869932,0.1111111111111112,4.931274902397908,0.9490565857962593,-0.25560050178883553,-0.01823676747603966,0.08340847610459874,-0.02705763906367984,1.6003899250603608,1.195535030699313,0.9888383060757726,Information Technology Services,Technology,ASGN
2007Q4,2007,Q4,2008-03-17,2007-12-31,2218000.0,152040000.0,7946000.0,0.063,48309000.0,0.31773875295974746,384680000.0,193034000.0,129852000.0,50843000.0,191646000.0,0.0,-2755000.0,247214660.0,345363660.0,5.473657347019793,2.5539798989044704,0.3533144431735468,0.7040883989349027,0.011322424583059742,5.473657347019793,0.011490203798294601,1.6259843462246777,27.86459197475203,1.2806793621849,0.0,0.0,0.0,0.39523760008318604,2.2934130558778985,0.005765831340334824,25.365756207674945,0.31773875295974746,-0.3,-0.11535324292351469,0.70296999863399,-0.29000663379417674,0.01645380520546216,-0.3185867895545315,-0.1363982175850451,1.2812969080973688,1.1266560478912995,0.8593426959159902,Information Technology Services,Technology,ASGN
2007Q3,2007,Q3,2007-11-09,2007-09-30,3255000.0,148657000.0,9201000.0,0.09,47527000.0,0.3197091290689305,383203000.0,191460000.0,129919000.0,43389000.0,191743000.0,0.0,-4973000.0,343242360.0,450113360.0,5.421799337354515,2.9942842655972712,0.3755529053791333,0.7516609213412724,0.015694434123154022,5.421799337354515,0.017000940144155437,2.3089552459689084,26.362700460829494,1.7927627702914448,0.0,0.0,0.0,0.3879327667058974,2.7385973403397172,0.008494192373232986,50.321413282509894,0.3197091290689305,0.12499999999999993,-0.32957399563350837,0.4988466695392935,-0.27725128056660364,0.02781081724011159,0.10789652825051055,0.2692785211753345,1.0721711752099121,1.1448619348445694,0.7215102732875902,Information Technology Services,Technology,ASGN
2007Q2,2007,Q2,2007-08-09,2007-06-30,2938000.0,143854000.0,7249000.0,0.08,46241000.0,0.3214439640190749,374745000.0,185590000.0,117662000.0,40981000.0,189155000.0,0.0,-8228000.0,377086720.0,491978720.0,5.276040482146918,2.871135404211708,0.3849951300217481,0.7773856350018858,0.013144234407215547,5.276040482146918,0.015830594320814698,2.621315500437944,32.08702518720218,2.0318267148014444,0.0,0.0,0.0,0.38387169942227384,2.62119030770357,0.007839997865215012,46.84889054540937,0.3214439640190749,1.6666666666666667,-0.44097466545982383,0.5686084909627732,-0.3101620502060529,0.23441003737319807,2.225027442371021,1.2660206314473272,1.7048602802305919,1.2281348088608948,0.1939511540932449,Information Technology Services,Technology,ASGN
2007Q1,2007,Q1,2007-05-10,2007-03-31,911000.0,122629000.0,3199000.0,0.03,37460000.0,0.305474235295077,371575000.0,179516000.0,110699000.0,43445000.0,192059000.0,0.0,-11166000.0,430217470.0,553460470.0,5.178296362534976,2.548026240073656,0.392437596716679,0.8122952828717217,0.0060484686754512995,5.178296362534976,0.005074756567659707,3.508284908137553,118.06187431394073,2.3965410882595424,0.0,0.0,0.0,0.3300248940321604,2.297870871216481,0.0024517257619592276,136.88115494750238,0.305474235295077,-0.823529411764706,-0.7918229792606393,0.9091611682207201,-0.028267778594942616,0.8001826132923254,-0.8513623755914504,-0.11262135922330097,1.4407390447900077,0.9206757334891087,0.13983020325339174,Information Technology Services,Technology,ASGN
