Quarters,Year,Quarter,FillingDate,Date,NetIncome,Revenue,OperatingIncome,EPSDiluted,GrossProfit,GrossProfitRatio,TotalAssets,CommonStockEquity,CurrentAssets,CurrentLiability,TotalLiability,Inventory,RetainedEarnings,MarketCap,EnterpriseValue,bookValuePerShare,currentRatio,debtToAssets,debtToEquity,roic,shareholdersEquityPerShare,roe,priceToSalesRatio,peRatio,pbRatio,payoutRatio,inventoryTurnover,dividendYield,assetTurnover,quickRatio,returnOnAssets,priceToFreeCashFlowsRatio,grossProfitMargin,epsdilutedGrowth,fiveYNetIncomeGrowthPerShare,fiveYRevenueGrowthPerShare,fiveYShareholdersEquityGrowthPerShare,grossProfitGrowth,netIncomeGrowth,operatingIncomeGrowth,threeYNetIncomeGrowthPerShare,threeYRevenueGrowthPerShare,threeYShareholdersEquityGrowthPerShare,Industry,Sector,Symbol
2023Q1,2023,Q1,2023-05-03,2023-03-31,-15200000.0,426300000.0,-18300000.0,-0.13,30800000.0,0.0722495895,1831500000.0,912100000.0,1135100000.0,259700000.0,919400000.0,612700000.0,-142500000.0,1061913000.0000001,1339413000.0,7.910667823070251,4.37081247593377,0.2485940485940486,0.49917772174103714,-0.00906607025813334,7.910667823070251,-0.01666483938164675,2.4909992962702323,-17.465674342105267,1.164250630413332,-1.4407894736842106,0.6455035090582667,0.020623158394331736,0.23276003276003276,1.8475163650365807,-0.0082992082992083,-9.671338797814208,0.0722495894909688,0.23529411764705885,-1.216111711530464,-0.004371777841544733,0.12042820566276692,-0.1742627345844504,0.23618090452261306,-0.2978723404255319,-1.5644277408371077,0.015223737312350515,0.16895462143285317,Specialty Chemicals,Basic Materials,KRO
2022Q4,2022,Q4,2023-03-08,2022-12-31,-19900000.0,342400000.0,-14100000.0,-0.17,37300000.0,0.1089369159,1934400000.0,957200000.0,1242200000.0,326700000.0,977200000.0,608700000.0,-105400000.0,1084760000.0,1203360000.0,8.294627383015598,3.8022650749923477,0.23076923076923078,0.4663602173004597,-0.007940842857401605,8.294627383015598,-0.020789803593815295,3.168107476635514,-13.627638190954775,1.1332636857501044,-1.1055276381909547,0.5012321340561853,0.020280983812087466,0.17700578990901572,1.4386287113559841,-0.010287427626137303,285.46315789473687,0.10893691588785047,-1.9444444444444444,-1.4216502497276033,-0.24137759645136517,0.2744893460049156,-0.555952380952381,-1.9476190476190476,-1.6238938053097345,-3.1225247981120248,-0.07891032649005182,0.17594460018981087,Specialty Chemicals,Basic Materials,KRO
2022Q3,2022,Q3,2022-11-02,2022-09-30,21000000.0,459600000.0,22600000.0,0.18,84000000.0,0.182767624,1942900000.0,878900000.0,1256800000.0,330200000.0,1064000000.0,511700000.0,-63500000.0,1078770000.0,1152470000.0,7.609523809523809,3.806178073894609,0.21215708477018888,0.46899533507793834,0.016305681014703973,7.609523809523809,0.023893503242689726,2.3471932114882508,12.8425,1.2274092615769712,1.042857142857143,0.7340238420949775,0.020300898245223728,0.23655360543517423,2.107813446396124,0.010808585104740337,-263.1146341463415,0.18276762402088773,-0.55,-0.7144616900714462,-0.007122307186892729,0.24095090688590046,-0.3029045643153527,-0.5424836601307189,-0.5551181102362205,0.17521584560690714,0.052573946401106846,0.039581892504315444,Specialty Chemicals,Basic Materials,KRO
2022Q2,2022,Q2,2022-08-03,2022-06-30,45900000.0,565300000.0,50800000.0,0.4,120500000.0,0.2131611534,1963500000.0,903600000.0,1247900000.0,281500000.0,1059900000.0,435000000.0,-62600000.0,2125199999.9999998,2190200000.0,7.823376623376624,4.43303730017762,0.22215431627196333,0.48273572377158036,0.02827041400518628,7.823376623376624,0.05079681274900399,3.759419777109499,11.575163398692808,2.3519256308100926,0.4793028322440087,1.022528735632184,0.010351966873706004,0.28790425261013497,2.7548845470692718,0.023376623376623377,41.1860465116279,0.21316115336989208,-0.19999999999999996,-0.7656032517101219,0.28513309677786347,0.4605820725666086,-0.19290020093770932,-0.20173913043478262,-0.39015606242497,0.5613207131851201,0.17081062728121538,0.04461906756837639,Specialty Chemicals,Basic Materials,KRO
2022Q1,2022,Q1,2022-05-04,2022-03-31,57500000.0,562900000.0,83300000.0,0.5,149300000.0,0.2652336117,2035300000.0,913600000.0,1279500000.0,281100000.0,1121700000.0,464200000.0,-86500000.0,1792560000.0,1908860000.0,7.90995670995671,4.551760939167556,0.22910627425932295,0.5103984238178634,0.045103007840234736,7.90995670995671,0.06293782837127845,3.184508793746669,7.7937391304347825,1.9620840630472856,0.3808695652173913,0.8909952606635071,0.01221716427901995,0.2765685648307375,2.726431874777659,0.028251363435365794,-54.65121951219512,0.265233611653935,0.8518518518518517,0.5679112554112555,0.5274457469698139,1.1479943361855263,0.2577927548441449,0.8729641693811075,0.6019230769230769,0.9042618547569045,0.2940422387845067,0.07689884022551699,Specialty Chemicals,Basic Materials,KRO
2021Q4,2021,Q4,2022-03-09,2021-12-31,30700000.0,496000000.0,52000000.0,0.27,118700000.0,0.2393145161,1890000000.0,870000000.0,1258000000.0,288000000.0,1020000000.0,432000000.0,-39400000.0,1733655000.0,1792655000.0,7.532467532467533,4.368055555555555,0.24603174603174602,0.5344827586206896,0.026932550528056143,7.532467532467533,0.03528735632183908,3.4952721774193547,14.117711726384364,1.992706896551724,2.019543973941368,0.8733796296296297,0.03576259405706441,0.2624338624338624,2.7260416666666667,0.016243386243386244,117.13885135135135,0.23931451612903226,-0.12903225806451607,0.3278586356172564,0.49151258291204364,1.2101594607923722,-0.034959349593495934,-0.14722222222222223,-0.0924956369982548,0.28359668109668124,0.42449269867701467,0.039548686607510236,Specialty Chemicals,Basic Materials,KRO
2021Q3,2021,Q3,2021-11-04,2021-09-30,36000000.0,499800000.0,57300000.0,0.31,123000000.0,0.2460984393757503,2004500000.0,822000000.0,1219100000.0,259700000.0,1182500000.0,423600000.0,-132900000.0,1433355000.0,1542855000.0,7.116883116883117,4.6942626107046594,0.24095784484908955,0.5875912408759124,0.032337245427277096,7.116883116883117,0.043795620437956206,2.867857142857143,9.953854166666668,1.7437408759124087,0.5777777777777777,0.8895184135977338,0.014511408548475432,0.2493389872786231,2.916827108201771,0.017959590920429036,43.17334337349398,0.2460984393757503,0.40909090909090906,0.6272376272376272,0.40839907074110954,0.8132485232946873,0.12844036697247707,0.40077821011673154,0.3082191780821918,0.1081188749900406,0.22235171603926177,-0.0555910771161515,Specialty Chemicals,Basic Materials,KRO
2021Q2,2021,Q2,2021-08-04,2021-06-30,25700000.0,478600000.0,43800000.0,0.22,109000000.0,0.2277475971583786,1956900000.0,811200000.0,1159100000.0,201800000.0,1145700000.0,429400000.0,-148100000.0,1653960000.0,1786060000.0,7.023376623376623,5.7438057482656095,0.25341100720527365,0.6113165680473372,0.02425467603763153,7.023376623376623,0.03168145956607495,3.4558295027162558,16.089105058365757,2.038905325443787,0.8093385214007782,0.8607359105728924,0.012575878497666207,0.244570494148909,3.5262636273538157,0.013133016505697787,150.36,0.2277475971583786,0.29411764705882343,14.170002546473135,0.3486590541350441,0.8644281966315864,0.13897596656217345,0.3112244897959184,0.28823529411764703,-0.6680951823808966,0.017926005039188665,-0.04638079820835219,Specialty Chemicals,Basic Materials,KRO
2021Q1,2021,Q1,2021-05-05,2021-03-31,19600000.0,465000000.0,34000000.0,0.17,95700000.0,0.20580645161290323,1996600000.0,800900000.0,1200200000.0,255200000.0,1195700000.0,473000000.0,-153000000.0,1767150000.0,1884050000.0,6.934199134199134,4.702978056426332,0.2456676349794651,0.6124360094893245,0.019791112293773283,6.934199134199134,0.024472468472967912,3.8003225806451613,22.54017857142857,2.2064552378574107,1.0612244897959184,0.7807610993657506,0.011770364711541182,0.23289592306921766,2.789576802507837,0.00981668837022939,38.5,0.20580645161290323,0.8888888888888891,6.175757575757576,0.46548489199242965,0.7670925234249772,0.10380622837370242,0.9215686274509803,0.6666666666666666,-0.7218121812181219,0.08413194612079375,-0.017874031951998434,Specialty Chemicals,Basic Materials,KRO
2020Q4,2020,Q4,2021-03-10,2020-12-31,10200000.0,414900000.0,20400000.0,0.09,86700000.0,0.20896601590744757,2036700000.0,796500000.0,1218300000.0,260200000.0,1240200000.0,519000000.0,-151800000.0,1722105000.0,1860905000.0,6.896103896103896,4.68216756341276,0.24259832081307997,0.6203389830508474,0.014373044325175622,6.896103896103896,0.012806026365348399,4.150650759219089,42.20845588235294,2.162090395480226,2.0392156862745097,0.6323699421965318,0.012078241454499001,0.20371188687582856,3.0026902382782477,0.005008101340403594,78.63493150684931,0.20896601590744757,0.28571428571428553,1.5017316017316018,0.450651160686004,0.7303711659632854,0.07568238213399504,0.25925925925925924,0.05699481865284974,-0.784064880267412,-0.08154228299827233,0.05960286564820571,Specialty Chemicals,Basic Materials,KRO
2020Q3,2020,Q3,2020-11-04,2020-09-30,8100000.0,416900000.0,19300000.0,0.07,80600000.0,0.19333173422883185,1946900000.0,801700000.0,1188700000.0,235500000.0,1145200000.0,504200000.0,-141200000.0,1485330000.0,1611030000.0,6.941125541125541,5.04755838641189,0.24351533206636192,0.5913683422726705,0.012127262952852385,6.941125541125541,0.01010352999875265,3.562796833773087,45.84351851851852,1.852725458400898,2.567901234567901,0.6669972233240777,0.01400362209071385,0.21413529200267092,2.8148619957537155,0.004160460218809389,59.17649402390438,0.19333173422883185,-0.5625,1.6888179616993175,0.24322083067996886,0.5845508178381923,-0.15866388308977036,-0.5645161290322581,-0.41515151515151516,-0.8898637947418435,-0.09936747142344554,0.13194941637322385,Specialty Chemicals,Basic Materials,KRO
2020Q2,2020,Q2,2020-08-05,2020-06-30,18600000.0,386000000.0,33000000.0,0.16,95800000.0,0.24818652849740933,1903700000.0,801300000.0,1171000000.0,230000000.0,1102400000.0,498400000.0,-128500000.0,1202355000.0,1313555000.0,6.937662337662338,5.091304347826087,0.23774754425592268,0.5648321477598902,0.020231805466147324,6.937662337662338,0.023212280044926994,3.1149093264248706,16.160685483870967,1.5005054286783976,1.118279569892473,0.5822632423756019,0.017299383293619606,0.20276304039502022,2.8778260869565218,0.009770447024216,67.54803370786517,0.24818652849740933,-0.30434782608695654,1.1167985956471564,0.0753381358600681,0.45771404085399736,0.08740068104426787,-0.3111111111111111,-0.2413793103448276,-0.9050156967714219,-0.12248120403988091,0.29522400923818437,Specialty Chemicals,Basic Materials,KRO
2020Q1,2020,Q1,2020-05-06,2020-03-31,27000000.0,421000000.0,43500000.0,0.23,88100000.0,0.20926365795724466,1874800000.0,782300000.0,1163400000.0,231200000.0,1092500000.0,479400000.0,-126300000.0,975664000.0,1077864000.0,6.767301038062284,5.032006920415225,0.23666524429272456,0.567173718522306,0.026493624612069725,6.767301038062284,0.03451361370318292,2.3174916864608077,9.033925925925926,1.247173718522306,0.7703703703703704,0.694409678765123,0.021318814673904132,0.22455728611051845,2.9061418685121105,0.014401536163857477,-38.871075697211154,0.20926365795724466,1.8750000000000002,0.47119941326914405,0.1561012340554183,0.09162169841533575,0.1053952321204517,1.872340425531915,1.5290697674418605,-0.264400293365428,0.14140768132404874,0.8376996024166322,Specialty Chemicals,Basic Materials,KRO
2019Q4,2019,Q4,2020-03-11,2019-12-31,9400000.0,372700000.0,17200000.0,0.08,79700000.0,0.2138449154816206,1965800000.0,816100000.0,1219700000.0,270600000.0,1149700000.0,503000000.0,-132500000.0,1550380000.0,1611280000.0,7.053586862575627,4.5073909830007395,0.22977922474310714,0.5534860923906384,0.009669289718664814,7.053586862575627,0.011518196299473104,4.159860477595922,41.23351063829787,1.8997426785933096,2.223404255319149,0.5825049701789264,0.013480566054773668,0.18959202360362193,2.587583148558758,0.004781768236850137,99.38333333333334,0.2138449154816206,-0.5,-0.5268216623306681,-0.0004169949750022773,0.04661466825312405,-0.09122006841505131,-0.4748603351955307,-0.48036253776435045,-0.5941272017405299,0.11880207484817698,1.069647385753203,Specialty Chemicals,Basic Materials,KRO
2019Q3,2019,Q3,2019-11-07,2019-09-30,17900000.0,437400000.0,33100000.0,0.16,87700000.0,0.20050297210791038,1884900000.0,846900000.0,1186900000.0,227500000.0,1038000000.0,434900000.0,-121000000.0,1431209000.0,1487909000.0,7.319792566983578,5.217142857142857,0.23476046474614037,0.5224938009210061,0.01856324046647939,7.319792566983578,0.021135907427087024,3.27208276177412,19.98895251396648,1.6899385995985359,1.1620111731843576,0.804092894918372,0.014533167413005369,0.23205475091516792,3.2268131868131866,0.009496525014589634,16.062951739618406,0.20050297210791038,-0.36,-0.4379015018302116,0.056306878844882856,-0.0583150643651941,-0.19908675799086759,-0.39322033898305087,-0.28817204301075267,-0.1922999057830519,0.2304299167224303,0.8649460508098411,Specialty Chemicals,Basic Materials,KRO
2019Q2,2019,Q2,2019-08-07,2019-06-30,29500000.0,484500000.0,46500000.0,0.25,109500000.0,0.2260061919504644,1958600000.0,868000000.0,1230300000.0,249100000.0,1090600000.0,488600000.0,-118100000.0,1804563000.0,1936363000.0,7.4892148403796375,4.938980329185066,0.2350658633717962,0.5304147465437788,0.02466655865588069,7.4892148403796375,0.03398617511520737,3.7245882352941178,15.292906779661017,2.078989631336406,0.7050847457627119,0.7674989766680311,0.011526336293052667,0.2473705708158889,2.9273384183059012,0.01506177882160727,189.954,0.2260061919504644,-0.03846153846153849,-0.10876132930513589,0.0924464487034951,-0.06796950499302051,0.0018298261665141812,-0.026402640264026403,-0.05102040816326531,16.352941176470587,0.3605728727885428,0.9880897846999542,Specialty Chemicals,Basic Materials,KRO
2019Q1,2019,Q1,2019-05-08,2019-03-31,30300000.0,436500000.0,49000000.0,0.26,109300000.0,0.2504009163802978,1927100000.0,851300000.0,1203100000.0,241300000.0,1075800000.0,495800000.0,-126800000.0,1662006000.0,1776606000.0,7.3451251078515964,4.985909656029838,0.2356390431217892,0.5334194760953835,0.025749585755468603,7.3451251078515964,0.03559262304710443,3.807573883161512,13.712920792079208,1.9523152825091037,0.6897689768976898,0.6599435256151674,0.01257516519194275,0.22650614913600747,2.874015748031496,0.01572310725961289,-184.66733333333335,0.2504009163802978,0.2380952380952382,1.1188811188811187,0.03903832420852185,-0.07527699326526174,0.13264248704663212,0.2625,0.09865470852017937,8.973684210526315,0.3709170854271357,0.871811785400176,Specialty Chemicals,Basic Materials,KRO
2018Q4,2018,Q4,2019-03-11,2018-12-31,24000000.0,349400000.0,44600000.0,0.21,96500000.0,0.2761877504293074,1898100000.0,839800000.0,1201400000.0,233400000.0,1058300000.0,497900000.0,-136200000.0,1335168000.0,1418468000.0,7.245901639344262,5.1473864610111395,0.24055634581950372,0.5437008811621815,0.022135954133244214,7.245901639344262,0.02857823291259824,3.8213165426445337,13.908,1.589864253393665,0.8208333333333333,0.5079333199437638,0.014754697536190204,0.18407881565776302,2.9383033419023135,0.01264422317053896,-42.52127388535032,0.2761877504293074,-0.2500000000000001,7.275862068965517,-0.05208898534997284,-0.1019142337717891,-0.1897565071368598,-0.26380368098159507,-0.23235800344234078,2.176470588235294,0.2174216027874565,0.8181424550768563,Specialty Chemicals,Basic Materials,KRO
2018Q3,2018,Q3,2018-11-07,2018-09-30,32600000.0,410300000.0,58100000.0,0.28,119100000.0,0.29027540823787473,1934900000.0,873400000.0,1238400000.0,249600000.0,1061500000.0,446200000.0,-140500000.0,1914668000.0,1948268000.0,7.535806729939603,4.961538461538462,0.24078763760401053,0.5334325623998168,0.030283006031947075,7.535806729939603,0.037325395008014656,4.666507433585181,14.68303680981595,2.192200595374399,0.6042944785276073,0.6526221425369789,0.010288990049449828,0.21205230244457077,3.096955128205128,0.016848415938808207,102.38866310160428,0.29027540823787473,-0.582089552238806,2.0903010033444818,-0.020997375328084038,-0.051167843563280815,-0.30675203725261935,-0.5804375804375804,-0.5154295246038365,3.76271186440678,0.21931649331352146,0.7203072680716959,Specialty Chemicals,Basic Materials,KRO
2018Q2,2018,Q2,2018-08-07,2018-06-30,77700000.0,471800000.0,119900000.0,0.67,171800000.0,0.36413734633319206,1930400000.0,853600000.0,1230500000.0,265400000.0,1076800000.0,412000000.0,-153400000.0,2611227000.0,2640927000.0,7.364969801553063,4.636397889977393,0.23912142561127228,0.5407685098406748,0.06433704097800937,7.364969801553063,0.09102624179943768,5.534605765154726,8.401631274131274,3.059075679475164,0.25353925353925355,0.7281553398058253,0.007544346010515363,0.2444053046000829,3.030143180105501,0.04025072523829258,25.625387634936214,0.36413734633319206,0.09836065573770501,3.2920353982300883,-0.019330700478071228,-0.08891023588429914,-0.017162471395881007,0.09900990099009901,0.11534883720930232,1.4862327909887358,0.30982787340366447,0.5474981870920957,Specialty Chemicals,Basic Materials,KRO
2018Q1,2018,Q1,2018-05-08,2018-03-31,70700000.0,430400000.0,107500000.0,0.61,174800000.0,0.40613382899628253,1938600000.0,818300000.0,1195500000.0,261100000.0,1120300000.0,430200000.0,-211400000.0,2619340000.0,2742840000.0,7.060396893874029,4.578705476828802,0.2517796347879913,0.5964805083710131,0.05835210776235627,7.060396893874029,0.08639863130881095,6.0858271375464685,9.262164073550213,3.2009531956495176,0.27864214992927866,0.5941422594142259,0.0075209785671199614,0.22201588775404932,2.8908464189965533,0.03646961724956154,60.914883720930234,0.40613382899628253,0.48780487804878053,2.7201946472019465,-0.0716134598792062,-0.16712468193384225,0.007492795389048991,0.49156118143459915,-0.07646048109965636,2.842391304347826,0.17885510818953707,0.13890048712595687,Specialty Chemicals,Basic Materials,KRO
2017Q4,2017,Q4,2018-03-12,2017-12-31,47400000.0,453300000.0,116400000.0,0.41,173500000.0,0.3827487315243768,1824400000.0,754300000.0,1062500000.0,231500000.0,1070100000.0,382300000.0,-267200000.0,2986743000.0,3139243000.0,6.508196721311475,4.58963282937365,0.2600855075641307,0.6290600556807636,0.03987601298845471,6.508196721311475,0.06283971894471696,6.588888153540702,15.752863924050633,3.9596221662468514,0.3649789029535865,0.7318859534397071,0.005792262675429389,0.24846524884893664,2.8876889848812093,0.025981144485858365,87.33166666666666,0.3827487315243768,-0.35937500000000006,3.6187845303867405,0.14238911290322587,-0.2898032200357782,0.13994743758212877,-0.35772357723577236,0.27074235807860264,1.3819095477386931,0.21365461847389555,-0.0343105876328255,Specialty Chemicals,Basic Materials,KRO
2017Q3,2017,Q3,2017-11-08,2017-09-30,73800000.0,464500000.0,91600000.0,0.64,152200000.0,0.32766415500538215,1710400000.0,710700000.0,1021200000.0,240000000.0,999700000.0,335300000.0,-297300000.0,2645997000.0,2796897000.0,6.132010353753236,4.255,0.27338634237605236,0.6579428732235824,0.07180408932195542,6.132010353753236,0.10384128324187421,5.6964413347685685,8.963404471544715,3.723085690164626,0.23577235772357724,0.9314047121980316,0.006575971174570493,0.2715739008419083,2.8004166666666666,0.04314780168381665,25.789444444444445,0.32766415500538215,-0.6235294117647059,1.0965909090909092,-0.017762740537111403,-0.362943707422015,0.17257318952234207,-0.6244274809160305,0.3067047075606277,1.3134796238244517,0.11981677917068462,-0.21112221112221113,Specialty Chemicals,Basic Materials,KRO
2017Q2,2017,Q2,2017-08-08,2017-06-30,196500000.0,441400000.0,70100000.0,1.7,129800000.0,0.2940643407340281,1472900000.0,620800000.0,800000000.0,210900000.0,852100000.0,341800000.0,-353700000.0,2111697999.9999998,2351998000.0,5.3563416738567735,3.793266951161688,0.24061375517686198,0.5708762886597938,0.2159778093037608,5.3563416738567735,0.3165270618556701,4.784091526959673,2.686638676844783,3.4015753865979375,0.08854961832061069,0.9116442363955529,0.008239814594700568,0.2996809016226492,2.1284969179706024,0.133410279041347,46.61584988962472,0.2940643407340281,4.3125,2.046511627906977,-0.19053731890702372,-0.41100569259962044,0.2553191489361702,4.3396739130434785,0.3403441682600382,4.936555891238672,-0.004735062006764364,-0.3334049178567593,Specialty Chemicals,Basic Materials,KRO
2017Q1,2017,Q1,2017-05-08,2017-03-31,36800000.0,369800000.0,52300000.0,0.32,103400000.0,0.27961060032449975,1269000000.0,426800000.0,734300000.0,205500000.0,842200000.0,360700000.0,-532800000.0,1904237000.0,2178937000.0,3.6824849007765317,3.57323600973236,0.2872340425531915,0.8540299906279287,0.05088390641532101,3.6824849007765317,0.08622305529522024,5.1493699296917255,12.93639266304348,4.461661199625117,0.47282608695652173,0.7385639035209315,0.009137518071542566,0.29141055949566586,1.7698296836982967,0.028999211977935382,64.11572390572391,0.27961060032449975,0.6,-0.731190650109569,-0.341172278638874,-0.5954118873826904,0.20794392523364486,0.5862068965517241,0.2191142191142191,1.5734265734265733,-0.11973339681028324,-0.5363893113187053,Specialty Chemicals,Basic Materials,KRO
2016Q4,2016,Q4,2017-03-10,2016-12-31,23200000.0,333700000.0,42900000.0,0.2,85600000.0,0.2565178303865748,1179600000.0,395000000.0,650400000.0,182100000.0,784600000.0,343500000.0,-552200000.0,1383846000.0,1672146000.0,3.4081104400345126,3.5716639209225702,0.2873855544252289,0.8582278481012658,0.03577750138396612,3.4081104400345126,0.05873417721518987,4.146976326041354,14.912133620689655,3.5034075949367085,0.7456896551724138,0.7222707423580786,0.012501391050738305,0.282892505934215,1.6216364634816036,0.019667683960664633,629.0209090909091,0.2565178303865748,0.05263157894736847,-0.7296037296037295,-0.23708276177411983,-0.5726495726495726,0.1337748344370861,0.04504504504504504,0.5321428571428571,6.999999999999999,-0.09468258274552362,-0.577585284996257,Specialty Chemicals,Basic Materials,KRO
2016Q3,2016,Q3,2016-11-07,2016-09-30,22200000.0,356100000.0,28000000.0,0.19,75500000.0,0.21201909575961808,1241500000.0,454900000.0,690500000.0,206500000.0,786600000.0,317100000.0,-558100000.0,960810999.9999999,1226711000.0,3.9249352890422777,3.343825665859564,0.28836085380588,0.7869861508023741,0.033391690003067354,3.9249352890422777,0.048801934491096946,2.6981493962370116,10.819943693693693,2.1121367333479886,0.7837837837837838,0.8848943550930306,0.01810970107544564,0.28683044703987115,1.7428571428571429,0.01788159484494563,23.152072289156624,0.21201909575961808,18.0,-0.741559953434226,-0.3501824817518248,-0.4883014623172104,0.36036036036036034,12.058823529411764,1.6666666666666667,1.7424749163879598,-0.1503221188260559,-0.5058120586637697,Specialty Chemicals,Basic Materials,KRO
2016Q2,2016,Q2,2016-08-05,2016-06-30,1700000.0,356100000.0,10500000.0,0.01,55500000.0,0.15585509688289806,1234400000.0,436600000.0,697400000.0,218600000.0,797800000.0,338100000.0,-562900000.0,608475000.0,899375000.0,3.7670405522001724,3.190301921317475,0.29982177576150354,0.847686669720568,0.003951283004834511,3.7670405522001724,0.0038937242327072834,1.7087194608256109,89.48161764705883,1.3936669720568027,10.235294117647058,0.8890860692102928,0.02859608036484654,0.2884802333117304,1.607502287282708,0.0013771872974724562,27.043333333333333,0.15585509688289806,1.3333333333333335,-0.9808988764044945,-0.3374883720930233,-0.48495930163973106,0.37376237623762376,1.4473684210526316,36.0,1.0501474926253689,-0.2598212429848265,-0.5339950901910556,Specialty Chemicals,Basic Materials,KRO
2016Q1,2016,Q1,2016-05-06,2016-03-31,-3800000.0,318400000.0,-300000.0,-0.03,40400000.0,0.12688442211055276,1241200000.0,454800000.0,695200000.0,188900000.0,786400000.0,377500000.0,-547200000.0,662948000.0,957248000.0,3.9240724762726487,3.680254102699841,0.28182404125040283,0.7691292875989446,-0.0002724717489818161,3.9240724762726487,-0.008355321020228672,2.0821231155778896,-43.614999999999995,1.457669305189094,-4.578947368421052,0.7364238410596027,0.026246402432769992,0.2565259426361586,1.6326098464796188,-0.003061553335481792,-22.39689189189189,0.12688442211055276,0.8333333333333334,-1.0629638691786967,-0.24327954230696924,-0.4077836664246413,0.6031746031746031,0.8137254901960784,0.9847715736040609,0.9075425790754258,-0.3132010353753235,-0.5370992366412214,Specialty Chemicals,Basic Materials,KRO
2015Q4,2015,Q4,2016-03-10,2015-12-31,-20400000.0,287000000.0,-19700000.0,-0.18,25200000.0,0.08780487804878048,1242700000.0,461900000.0,710800000.0,201700000.0,780800000.0,387200000.0,-526000000.0,653676000.0,902176000.0,3.985332182916307,3.524045612295488,0.2744025106622676,0.738255033557047,-0.020264597514173067,3.985332182916307,-0.044165403767049145,2.277616724738676,-8.010735294117646,1.4151894349426282,-0.8529411764705882,0.6761363636363636,0.026618691828979496,0.23094874064536897,1.5532969757064947,-0.016415868673050615,-48.78179104477612,0.08780487804878048,-0.7999999999999998,-1.5584218799862897,-0.23184470202219,-0.39371851447489703,-0.4166666666666667,-0.7288135593220338,-5.15625,-0.12707182320442,-0.2767137096774193,-0.5651068637604745,Specialty Chemicals,Basic Materials,KRO
2015Q3,2015,Q3,2015-11-06,2015-09-30,-11800000.0,336500000.0,-3200000.0,-0.1,43200000.0,0.12838038632986626,1312700000.0,507700000.0,781200000.0,204700000.0,805000000.0,385400000.0,-488200000.0,719739000.0,939639000.0,4.380500431406385,3.816316560820713,0.26411213529366956,0.6828835926728383,-0.0023018102372034956,4.380500431406385,-0.02324207208981682,2.1388974739970283,-15.248707627118645,1.4176462477841245,-1.4661016949152543,0.7610275038920602,0.02403649100576737,0.2563418907595033,1.832437713727406,-0.00898910642187857,24.480918367346938,0.12838038632986626,0.9275362318840579,-1.3108276282862819,-0.2444775171520122,0.05398733679800073,-0.07096774193548387,0.9261576971214017,0.6923076923076923,-1.3352272727272727,-0.28843307253119044,-0.544908569379706,Specialty Chemicals,Basic Materials,KRO
2015Q2,2015,Q2,2015-08-07,2015-06-30,-159800000.0,360200000.0,-10400000.0,-1.38,46500000.0,0.12909494725152693,1367900000.0,551600000.0,820400000.0,212100000.0,816300000.0,399200000.0,-459100000.0,1270264000.0,1502364000.0,4.759275237273512,3.867986798679868,0.25425835221872944,0.6305293691080494,-0.12570133679444648,4.759275237273512,-0.28970268310369834,3.526551915602443,-1.987271589486859,2.3028716461203773,-0.10888610763454318,0.7858216432865731,0.013697939955788717,0.26332334234958693,1.8943894389438944,-0.11682140507347029,118.71626168224299,0.12909494725152693,-9.624999999999998,-8.001032693004063,-0.198712295638108,0.28806675849987334,-0.3992248062015504,-9.684782608695652,-1.3229813664596273,-3.4775193798449613,-0.33944617641665137,-0.47666034155597725,Specialty Chemicals,Basic Materials,KRO
2015Q1,2015,Q1,2015-05-07,2015-03-31,18400000.0,365100000.0,32200000.0,0.16,77400000.0,0.21199671322925226,1504500000.0,718500000.0,817100000.0,193800000.0,786000000.0,394000000.0,-281900000.0,1466135000.0,1693335000.0,6.199309749784296,4.216202270381837,0.2317048853439681,0.4851774530271399,0.01997210216083529,6.199309749784296,0.025608907446068196,4.015708025198576,19.9203125,2.040549756437022,0.9456521739130435,0.7302030456852792,0.011867938491339474,0.24267198404785642,2.1037151702786376,0.012229976736457294,-67.56382488479262,0.21199671322925226,-0.058823529411764754,-0.6364897228516365,-0.03436758414853441,0.728891165278489,-0.028858218318695106,-0.07537688442211055,0.022222222222222223,-0.8655953250547846,-0.3495456974879743,-0.31889278604607085,Specialty Chemicals,Basic Materials,KRO
2014Q4,2014,Q4,2015-03-12,2014-12-31,19900000.0,373500000.0,31500000.0,0.17,79700000.0,0.21338688085676039,1642500000.0,781100000.0,886200000.0,237900000.0,861400000.0,423600000.0,-282900000.0,1509018000.0,1689918000.0,6.739430543572045,3.7250945775535937,0.21223744292237443,0.4462936883881705,0.020251161570573935,6.739430543572045,0.02547689156318013,4.040208835341366,18.957512562814067,1.9319139674817565,0.8743718592964824,0.6935788479697829,0.01153067756647038,0.2273972602739726,1.8743169398907105,0.012115677321156773,37.82,0.21338688085676039,-0.39285714285714285,2.2358797371739567,0.0464392248750809,1.1134854184641931,-0.1671891327063741,-0.3761755485893417,-0.34237995824634654,-0.768065268065268,-0.14609053497942387,-0.15492805366223092,Specialty Chemicals,Basic Materials,KRO
2014Q3,2014,Q3,2014-11-07,2014-09-30,31900000.0,414800000.0,47900000.0,0.28,95700000.0,0.2307135969141755,1651400000.0,900900000.0,897600000.0,211300000.0,750500000.0,399600000.0,-285400000.0,1597102000.0,1795502000.0,7.773080241587576,4.2479886417416,0.2116991643454039,0.38805638805638804,0.027645231500160117,7.773080241587576,0.03540903540903541,3.8502941176470586,12.516473354231975,1.7727849927849926,0.542319749216301,0.7985485485485485,0.01083211967676454,0.2511808162770982,2.2768575485092284,0.01931694319970934,-290.38218181818183,0.2307135969141755,-0.034482758620689495,2.1364247446676163,0.1310443150766307,1.5299298029743689,0.02025586353944563,-0.03625377643504532,0.08126410835214447,-0.6286379511059372,-0.24306569343065687,0.013385826771653554,Specialty Chemicals,Basic Materials,KRO
2014Q2,2014,Q2,2014-08-07,2014-06-30,33100000.0,443500000.0,44300000.0,0.29,93800000.0,0.21149943630214205,1733000000.0,931300000.0,943900000.0,249000000.0,801700000.0,398500000.0,-300000000.0,1816153000.0,1987953000.0,8.035375323554788,3.790763052208835,0.20178880553952683,0.3754966176312681,0.02868862241474099,8.035375323554788,0.035541715881026524,4.095046223224352,13.717167673716013,1.950126704606464,0.525679758308157,0.8775407779171894,0.009580690613621209,0.2559145989613387,2.110441767068273,0.019099826889786498,166.61954128440368,0.21149943630214205,1.4166666666666665,2.283849569780972,0.32980253214130545,1.8023728886418835,0.16521739130434782,1.3146853146853146,0.7038461538461539,-0.6280898876404495,-0.17488372093023258,0.09861979473870472,Specialty Chemicals,Basic Materials,KRO
2014Q1,2014,Q1,2014-05-08,2014-03-31,14300000.0,420100000.0,26000000.0,0.12,80500000.0,0.19162104260890264,1756000000.0,920600000.0,937900000.0,274900000.0,835400000.0,405000000.0,-315700000.0,1933212000.0,2104712000.0,7.9430543572044865,3.411786104037832,0.19960136674259682,0.38072995872257226,0.013175790848672606,7.9430543572044865,0.015533347816641322,4.601790049988098,33.79741258741259,2.0999478600912447,1.2167832167832169,0.8385185185185186,0.009000564863036232,0.2392369020501139,1.8570389232448163,0.008143507972665148,-102.8304255319149,0.19162104260890264,3.7958620689655174,1.4545660959992734,0.43233182109159723,1.6440873879281237,0.5631067961165048,3.9310344827586206,27.0,-0.7630570186170098,-0.0015758031506212223,0.19875628119937386,Specialty Chemicals,Basic Materials,KRO
2013Q4,2013,Q4,2014-03-12,2013-12-31,2900000.0,368600000.0,-1000000.0,0.025021570319240724,51500000.0,0.13971785132935433,1619100000.0,935100000.0,781200000.0,278000000.0,684000000.0,416600000.0,-312600000.0,2207895000.0,2337595000.0,8.06816220880069,2.810071942446043,0.11333456858748688,0.19623569671692867,0.0007006828033110887,8.06816220880069,0.00310127259116672,5.989948453608247,190.33577586206897,2.361132499197947,5.9655172413793105,0.7611617858857417,0.007835517540462748,0.22765734049780742,1.2097122302158274,0.0017911185226360323,42.541329479768784,0.13971785132935433,1.0962368089201566,-0.6594286262103346,0.26234155993333724,1.4871969061417665,0.09110169491525423,1.0969899665551839,0.972972972972973,-0.9206164974529294,-0.013442359461251687,0.22739514421849694,Specialty Chemicals,Basic Materials,KRO
2013Q3,2013,Q3,2013-11-06,2013-09-30,-29900000.0,419100000.0,-37000000.0,-0.26,47200000.0,0.1126222858506323,1673800000.0,920500000.0,821500000.0,297400000.0,753300000.0,393400000.0,-298200000.0,1795291000.0,1959491000.0,7.942191544434857,2.762273032952253,0.1338272195005377,0.24334600760456274,-0.022221217918781982,7.942191544434857,-0.03248234655078761,4.283681698878549,-15.010794314381272,1.9503432916892993,-0.5819397993311036,0.9453482460599898,0.009692022073301765,0.2503883379137292,1.3338937457969064,-0.017863544031544987,30.02158862876254,0.1126222858506323,0.10344827586206887,-6.0228166043524105,0.025384071517591773,1.1127436790299021,3.9166666666666665,0.11799410029498525,0.22431865828092243,-1.7876056004881207,-0.05902088391800394,0.9109618741827056,Specialty Chemicals,Basic Materials,KRO
2013Q2,2013,Q2,2013-08-07,2013-06-30,-33900000.0,481100000.0,-47700000.0,-0.29,9600000.0,0.01995427146123467,1742300000.0,936900000.0,925500000.0,275700000.0,805400000.0,449800000.0,-250900000.0,1958709999.9999998,2164510000.0,8.083692838654011,3.3569096844396085,0.1766630316248637,0.3285302593659942,-0.02446576875783832,8.083692838654011,-0.036183157220621195,4.071315734774474,-14.444764011799407,2.090628669014836,-0.5132743362831859,1.0482436638506003,0.008883397746475997,0.27612925443379444,1.6775480594849475,-0.019457039545428458,208.37340425531912,0.01995427146123467,0.17142857142857143,-5.942132040105918,0.03801285786970458,0.9682034737592377,1.4615384615384615,0.17518248175182483,-0.017057569296375266,-2.485200302207996,0.07023740857442046,1.1877986693954516,Specialty Chemicals,Basic Materials,KRO
2013Q1,2013,Q1,2013-05-08,2013-03-31,-41100000.0,463600000.0,-46900000.0,-0.35,3900000.0,0.008412424503882658,1860300000.0,982500000.0,1035500000.0,329800000.0,877800000.0,531300000.0,-199600000.0,1779065000.0,1976565000.0,8.477135461604831,3.1397816858702243,0.16110304789550073,0.3050381679389313,-0.025223923018218478,8.477135461604831,-0.04183206106870229,3.8375,-10.821563260340632,1.8107531806615778,-0.4233576642335766,0.8652362130623,0.009780418365826993,0.24920711713164542,1.4833232261976956,-0.022093210772456056,-30.515694682675814,0.008412424503882658,-1.2411602209944752,-85.8809318377912,0.17894736842105266,1.0356757540732011,-0.9213709677419355,-1.270718232044199,-43.63636363636363,-1.8119713255868335,0.22614951517047227,1.3641413637941762,Specialty Chemicals,Basic Materials,KRO
2012Q4,2012,Q4,2013-03-12,2012-12-31,-18100000.0,396800000.0,1100000.0,-0.15616911130284727,49600000.0,0.125,2027000000.0,1062100000.0,1223400000.0,328400000.0,964900000.0,638300000.0,-141100000.0,2260050000.0,2377450000.0,9.163934426229508,3.725334957369062,0.1973852984706463,0.37670652480933997,0.001917812441603526,9.163934426229508,-0.017041709820167592,5.695690524193548,-31.216160220994478,2.1279069767441863,-0.9558011049723757,0.5439448535171549,0.007654697904913608,0.19575727676369017,1.7311205846528623,-0.008929452392698569,-228.28787878787878,0.125,-1.5205637043428242,-10.565358067299394,0.08091760582798894,1.1850743887359896,-0.4232558139534884,-1.5142045454545454,-0.9714285714285714,-3.943187097630583,0.111719101554035,1.8738098360655737,Specialty Chemicals,Basic Materials,KRO
2012Q3,2012,Q3,2012-11-05,2012-09-30,35200000.0,472900000.0,38500000.0,0.3,86000000.0,0.1818566293085219,2036200000.0,1115600000.0,1054600000.0,305500000.0,920600000.0,604200000.0,-105700000.0,1711843000.0,2038543000.0,9.625539257981018,3.4520458265139116,0.21491012670661036,0.39225528863391895,0.025814238060914894,9.625539257981018,0.03155252778773754,3.6198836963417214,12.157975852272727,1.534459483685909,0.4943181818181818,0.6403508771929824,0.010164483542007064,0.23224634122384835,1.3983633387888708,0.01728710342795403,15.435915238954012,0.1818566293085219,-0.46428571428571436,1.366546666269971,0.16476456621729857,1.5047871675043538,-0.4733619105939988,-0.4542635658914729,-0.6518987341772152,2.460882476874611,0.2894668674053486,2.132855686755695,Specialty Chemicals,Basic Materials,KRO
2012Q2,2012,Q2,2012-08-09,2012-06-30,64500000.0,545300000.0,110600000.0,0.56,163300000.0,0.29946818265175135,2115800000.0,1054000000.0,1188700000.0,392000000.0,1061800000.0,641300000.0,-123500000.0,1830061000.0,2235461000.0,9.09404659188956,3.0323979591836734,0.2348993288590604,0.4715370018975332,0.04659999725640287,9.09404659188956,0.061195445920303605,3.356062717770035,7.093259689922481,1.7363007590132826,0.26976744186046514,0.5956650553563075,0.009507879791985077,0.25772757349465925,1.350765306122449,0.030484922960582285,62.8886941580756,0.29946818265175135,-0.5254237288135593,0.0,0.3458317782052387,0.973027597974711,-0.37552581261950285,-0.5288531775018261,-0.47182425978987586,3.501761246249931,0.635042436925939,2.1715892028653982,Specialty Chemicals,Basic Materials,KRO
2012Q1,2012,Q1,2012-05-09,2012-03-31,136900000.0,561300000.0,209400000.0,1.18,261500000.0,0.4658827721361126,2062100000.0,1054900000.0,1083500000.0,316200000.0,1007200000.0,585000000.0,-170600000.0,2890546000.0,3324146000.0,9.101811906816222,3.42662871600253,0.23349983027011298,0.456441368850128,0.09083963650532217,9.101811906816222,0.1297753341548962,5.149734544806699,5.278571950328707,2.7401137548582803,0.127100073046019,0.5124786324786325,0.006019623974155747,0.2721982445080258,1.5186590765338392,0.06638863294699578,-22.582390625,0.4658827721361126,0.593962703962704,7.97338657356315,0.5114995905761063,0.9769006357889842,0.3472436888201958,0.5955710955710956,0.4612700628053036,5.351755142818219,0.9137535138745859,2.0298151048505084,Specialty Chemicals,Basic Materials,KRO
2011Q4,2011,Q4,2012-03-06,2011-12-31,85800000.0,437400000.0,143300000.0,0.7402933563416738,194100000.0,0.443758573388203,1823900000.0,924300000.0,865000000.0,328000000.0,899600000.0,444200000.0,-290100000.0,2090836000.0,2373436000.0,7.9749784296807595,2.6371951219512195,0.20017544821536268,0.3950016228497241,0.06869993817914104,7.9749784296807595,0.09282700421940929,4.780146319158665,6.092179487179488,2.2620750838472357,0.20279720279720279,0.5477262494371905,0.008322030039658777,0.2398157793738692,1.2295731707317072,0.047042052744119746,93.75946188340806,0.443758573388203,0.0003964274887484091,0.7370288972246334,0.23936939941693972,0.7429741951001552,-0.07965860597439545,-0.0011641443538998836,-0.08492975734355045,9.076215127983893,0.49796038609560966,1.4584708591025932,Specialty Chemicals,Basic Materials,KRO
2011Q3,2011,Q3,2011-11-03,2011-09-30,85900000.0,548000000.0,156600000.0,0.74,210900000.0,0.38485401459854013,1776700000.0,889000000.0,840400000.0,294800000.0,887700000.0,336700000.0,-358500000.0,1863671999.9999998,2154472000.0,7.670405522001726,2.8507462686567164,0.2267687285416784,0.4532058492688414,0.06955593980747313,7.670405522001726,0.09662542182227221,3.400861313868613,5.423958090803259,2.0963689538807646,0.20256111757857975,1.0011880011880012,0.009336406835537584,0.3084369899251421,1.662143826322931,0.04834806101198852,12.499476861167,0.38485401459854013,-0.038961038961038995,5.254407506723946,0.39579776961963786,0.72357863398989,0.07055837563451776,-0.0348314606741573,0.08599167822468794,21.1759179369188,0.34075512095356775,1.0404444656790692,Specialty Chemicals,Basic Materials,KRO
2011Q2,2011,Q2,2011-08-03,2011-06-30,89000000.0,537500000.0,144200000.0,0.77,197000000.0,0.3665116279069767,1786700000.0,847700000.0,829700000.0,226000000.0,939000000.0,308800000.0,-427000000.0,3645055000.0,4084555000.0,7.3140638481449525,3.671238938053097,0.28639391056137015,0.6036333608587944,0.0687102088664427,7.3140638481449525,0.10498997286775982,6.781497674418604,10.238918539325843,4.299935118556093,0.19550561797752808,1.1026554404145077,0.004773590521953715,0.30083393966530475,2.2557522123893805,0.049812503498069066,76.41624737945493,0.3665116279069767,0.4807692307692307,4.540108713137326,0.31565002644347206,0.6443643535655923,0.34562841530054644,0.4759535655058043,0.408203125,11.974918925351819,0.15970050115353598,0.780815545635293,Specialty Chemicals,Basic Materials,KRO
2011Q1,2011,Q1,2011-05-04,2011-03-31,60300000.0,420400000.0,102400000.0,0.52,146400000.0,0.34823977164605135,1782200000.0,767300000.0,915900000.0,250600000.0,1014900000.0,327200000.0,-498600000.0,3384255000.0,3827655000.0,6.6260794473229705,3.654828411811652,0.3197172034564022,0.7426039358790565,0.05063590094824226,6.6260794473229705,0.07858725400755898,8.050083254043768,14.030907960199007,4.410602111299362,1.2006633499170813,0.8374083129584352,0.021393186979113573,0.2358882280327685,2.298483639265762,0.03383458646616541,428.3867088607595,0.34823977164605135,0.6497534246575345,2.391591746659666,0.16805921363154921,0.5572996708508433,0.4158607350096712,0.6520547945205479,0.6814449917898193,128.5777202072539,0.07001181710753575,0.5911683063897355,Specialty Chemicals,Basic Materials,KRO
2010Q4,2010,Q4,2011-03-07,2010-12-31,36500000.0,373300000.0,60900000.0,0.31519861830742657,103400000.0,0.27698901687650684,1707600000.0,761200000.0,824300000.0,220100000.0,946400000.0,275800000.0,-486500000.0,2460171000.0,2695071000.0,6.573402417962003,3.745115856428896,0.3159990630124151,0.7088807146610615,0.0329254918271726,6.573402417962003,0.04795060430898581,6.590332172515403,16.850486301369866,3.231964004203889,0.0,0.9786076867295141,0.0,0.21861091590536424,2.4348023625624715,0.02137502928086203,54.67046666666667,0.27698901687650684,-0.044852671795677104,2.5113728643942945,0.04830515260644491,0.569661490981307,0.07484407484407485,0.13707165109034267,0.06842105263157895,18.305915371329878,0.017779721524847407,0.5673806252074849,Specialty Chemicals,Basic Materials,KRO
2010Q3,2010,Q3,2010-10-22,2010-09-30,32100000.0,376600000.0,57000000.0,0.33,96200000.0,0.25544344131704727,1329200000.0,407300000.0,568600000.0,204700000.0,921900000.0,251500000.0,-508500000.0,1952160000.0000002,2447760000.0,4.156122448979592,2.777723497801661,0.40776406861269937,1.330714461085195,0.04015458759085642,4.156122448979592,0.07881168671740732,5.183643122676581,15.203738317757011,4.792929044930027,0.0,1.114910536779324,0.0,0.2833283177851339,1.4680019540791402,0.024149864580198615,31.435748792270534,0.25544344131704727,0.6923076923076923,3.0326012195622716,0.28791157629312725,-0.140021119315072,0.12910798122065728,0.6632124352331606,0.4690721649484536,1.395320197044335,0.09699970870958351,0.0815188528943176,Specialty Chemicals,Basic Materials,KRO
2010Q2,2010,Q2,2010-08-03,2010-06-30,19300000.0,380100000.0,38800000.0,0.195,85200000.0,0.22415153906866614,1262400000.0,362100000.0,534700000.0,203000000.0,900300000.0,239600000.0,-540500000.0,955500000.0,1472200000.0,3.6948979591836735,2.6339901477832512,0.43631178707224333,1.5211267605633803,0.02818855661445211,3.6948979591836735,0.05330019331676333,2.5138121546961325,12.376943005181348,2.6387738193869095,0.0,1.2308013355592655,0.0,0.30109315589353614,1.396551724137931,0.015288339670468947,167.6315789473684,0.22415153906866614,-0.5517241379310345,-0.4133723302191712,0.2181945681945682,-0.2842768768122424,0.40826446280991735,-0.5490654205607477,0.7880184331797235,0.0,0.10945709281961473,-0.19836174452069955,Specialty Chemicals,Basic Materials,KRO
2010Q1,2010,Q1,2010-05-04,2010-03-31,42800000.0,319700000.0,21700000.0,0.435,60500000.0,0.1892399124178918,1316800000.0,351400000.0,531900000.0,196900000.0,965400000.0,276500000.0,-559800000.0,717850000.0,1286950000.0,3.585714285714286,2.70137125444388,0.4494987849331713,1.6844052361980648,0.0871315068827286,3.585714285714286,0.1217985202048947,2.2453862996559275,4.193049065420561,2.0428286852589643,0.0,0.9374321880650994,0.0,0.24278554070473876,1.2244794311833418,0.03250303766707169,-29.3,0.1892399124178918,7.198076923076923,0.9977025677800675,0.09412855393430193,-0.2722107757471638,0.1523809523809524,7.230769230769231,0.9375,2.317829457364341,0.01815286624203833,-0.22118794326241134,Specialty Chemicals,Basic Materials,KRO
2009Q4,2009,Q4,2010-03-10,2009-12-31,5200000.0,301800000.0,11200000.0,0.053061224489795916,52500000.0,0.17395626242544732,1325000000.0,312500000.0,529900000.0,215400000.0,1012500000.0,294800000.0,-602600000.0,796250000.0,1378350000.0,3.188775510204082,2.4600742804085423,0.46279245283018866,1.96224,0.12582910230096145,3.188775510204082,0.01664,2.638336646785951,38.28125,2.548,0.0,0.8456580732700135,0.0,0.22777358490566038,1.0246053853296193,0.0039245283018867925,48.551829268292686,0.17395626242544732,-0.37575030012004806,-0.8112135862559023,0.06342960174976053,-0.33703105640943837,-0.11764705882352941,-0.3953488372093023,-0.46919431279620855,-0.8754968155916295,0.011343263575892633,-0.3030760550313448,Specialty Chemicals,Basic Materials,KRO
2009Q3,2009,Q3,2009-11-03,2009-09-30,8600000.0,310100000.0,21100000.0,0.085,59500000.0,0.19187358916478556,1346700000.0,301100000.0,533100000.0,199700000.0,1045600000.0,256000000.0,-607800000.0,505190000.0,1108090000.0,3.0724489795918366,2.669504256384577,0.47768619588624045,2.1364995018266355,0.017957304642813317,3.0724489795918366,0.028561939554965127,1.629119638826185,14.68575581395349,1.6778146795084692,0.0,0.97890625,0.0,0.23026657755996138,1.3064596895343015,0.006385980545036014,30.804268292682927,0.19187358916478556,1.3777777777777778,-0.14505150786429227,0.08285122997034568,-0.2709463295966897,3.219858156028369,1.3944954128440368,1.9634703196347032,-0.2594594879841266,-0.06588344702789621,-0.30960528748334704,Specialty Chemicals,Basic Materials,KRO
2009Q2,2009,Q2,2009-08-05,2009-06-30,-21800000.0,282000000.0,-21900000.0,-0.225,14100000.0,0.05,1337600000.0,281000000.0,543200000.0,258600000.0,1056600000.0,248200000.0,-616300000.0,325850000.0,923950000.0,2.86734693877551,2.1005413766434646,0.5023923444976076,2.391459074733096,-0.015606397897441431,2.86734693877551,-0.07758007117437722,1.1554964539007093,-3.7368119266055047,1.159608540925267,0.0,1.0793714746172443,0.0,0.21082535885167464,1.0962877030162412,-0.01629784688995215,5.551107325383305,0.05,0.1666666666666667,-1.0814073631381649,-0.04770727009552661,-0.30951631223220616,2.4390243902439024,0.18045112781954886,0.16730038022813687,-2.6048784082535006,-0.18366507196443949,-0.3553565851597377,Specialty Chemicals,Basic Materials,KRO
2009Q1,2009,Q1,2009-05-06,2009-03-31,-26600000.0,248000000.0,-26300000.0,-0.27,4100000.0,0.01653225806451613,1294500000.0,294400000.0,523900000.0,216500000.0,1000100000.0,294600000.0,-594500000.0,376810000.0,1006510000.0,3.0040816326530613,2.41986143187067,0.5077636152954809,2.2326766304347827,-0.020419016263294926,3.0040816326530613,-0.09035326086956522,1.5193951612903225,-3.541447368421053,1.2799252717391305,0.0,0.8279022403258656,0.0,0.19157976052529935,0.9935334872979215,-0.02054847431440711,-13.03840830449827,0.01653225806451613,-4.675,-3.7089169191330695,-0.05908636401796793,0.8791299841128123,-0.9239332096474954,-4.694444444444445,-2.321608040201005,-2.7678702110875615,-0.18579021629652315,-0.2939632893128443,Specialty Chemicals,Basic Materials,KRO
2008Q4,2008,Q4,2009-03-12,2008-12-31,7200000.0,246900000.0,19900000.0,0.07346938775510205,53900000.0,0.21830700688537868,1358700000.0,317900000.0,589500000.0,204400000.0,1040800000.0,385100000.0,-567900000.0,570850000.0,1195750000.0,3.2438775510204083,2.8840508806262233,0.46993449620961214,2.0084932368669395,0.013871462428551513,3.2438775510204083,0.022648631645171436,2.312069663831511,19.821180555555554,1.7956904687008493,1.7083333333333333,0.5011685276551545,0.021546816151353246,0.1817178185029808,0.9403131115459883,0.0052991830426142635,-23.111336032388664,0.21830700688537868,3.0991253644314867,-0.4524838606931162,0.003952051342679117,0.9926464092423873,0.06944444444444445,3.0,1.518987341772152,-0.18153697528169202,-0.1807182059547795,-0.22539510750444408,Specialty Chemicals,Basic Materials,KRO
2008Q3,2008,Q3,2008-11-03,2008-09-30,-3600000.0,345600000.0,7900000.0,-0.035,50400000.0,0.14583333333333334,1430700000.0,368400000.0,603500000.0,210100000.0,1062300000.0,301900000.0,-562800000.0,649250000.0,1254750000.0,3.759183673469388,2.8724416944312234,0.44439784720766057,1.725841476655809,0.009135823091403204,3.759183673469388,-0.009771986970684038,1.8786168981481481,-45.08680555555555,1.7623507057546144,-3.388888888888889,0.9778072209340841,0.018790912591451676,0.2415600754875236,1.3841028081865778,-0.0025162507863283707,25.561023622047244,0.14583333333333334,-1.5833333333333335,-1.225428640517708,0.4209712861273534,-0.008107054412178238,-0.14864864864864866,-1.6206896551724137,-0.18556701030927836,-1.4522543423808154,0.18189655009799463,-0.22215511995009213,Specialty Chemicals,Basic Materials,KRO
2008Q2,2008,Q2,2008-08-04,2008-06-30,5800000.0,391900000.0,9700000.0,0.06,59200000.0,0.1510589436080633,1530100000.0,402500000.0,647800000.0,235800000.0,1127600000.0,310600000.0,-547000000.0,754110000.0,1419410000.0,4.107142857142857,2.7472434266327395,0.44598392261943665,1.6954037267080746,-0.04321442836513349,4.107142857142857,0.014409937888198757,1.9242408777749427,32.504741379310346,1.8735652173913047,2.1206896551724137,1.071152607855763,0.016310617814377214,0.2561270505195739,1.3880407124681935,0.0037906019214430427,-37.332178217821784,0.1510589436080633,13.0,-0.8613987975208266,0.46811179617722853,0.0,0.03677758318739054,15.5,0.0,-0.8237077469052432,0.25601276315562027,-0.20442265373357524,Specialty Chemicals,Basic Materials,KRO
2008Q1,2008,Q1,2008-05-05,2008-03-31,-400000.0,332500000.0,9700000.0,-0.005,57100000.0,0.17172932330827068,1513100000.0,408100000.0,640600000.0,234100000.0,1105000000.0,332100000.0,-540500000.0,1183350000.0,1817150000.0,4.164285714285715,2.736437419906023,0.4361906020752098,1.6172506738544474,0.007265237337327966,4.164285714285715,-0.00098015192354815,3.5589473684210526,-739.5937499999999,2.8996569468267577,-30.5,0.8292682926829268,0.010309713947690877,0.2197475381666777,1.278086287911149,-0.0002643579406516423,-25.781045751633986,0.17172932330827068,-1.3062500000000001,-1.0239744790805612,0.31284055723620413,0.0,0.1306930693069307,-1.25,-0.020202020202020204,-1.0186701174558885,0.13793476441399866,-0.15477864992150694,Specialty Chemicals,Basic Materials,KRO
2007Q4,2007,Q4,2007-12-31,2007-12-31,1600000.0,310400000.0,9900000.0,0.0163265306122449,50500000.0,0.16269329896907217,1455000000.0,411000000.0,621700000.0,224500000.0,1044000000.0,312800000.0,-527900000.0,855050000.0,1389050000.0,4.1938775510204085,2.7692650334075726,0.41663230240549826,1.4749391727493917,0.025953598112465597,4.1938775510204085,0.0038929440389294406,2.754671391752577,133.60156249999997,2.080413625304136,7.6875,0.8308823529411765,0.014385123676977956,0.21333333333333335,1.334075723830735,0.001099656357388316,251.48529411764707,0.16269329896907217,1.0196705188099335,-0.8783297468206925,0.2621576214530885,1.5762116206310828,-0.24514200298953662,1.019704433497537,-0.5520361990950227,-0.9419118726941237,0.09373276468895184,-0.12806324538969333,Specialty Chemicals,Basic Materials,KRO
2007Q3,2007,Q3,2007-09-30,2007-09-30,-81200000.0,343300000.0,22100000.0,-0.83,66900000.0,0.1948732886688028,1483000000.0,376600000.0,655600000.0,250500000.0,1106400000.0,288600000.0,-513500000.0,1045660000.0,1550260000.0,3.842857142857143,2.6171656686626745,0.3988536749831423,1.570631970260223,-0.14481652205350687,3.842857142857143,-0.21561338289962825,3.0459073696475385,-3.2193965517241376,2.7765799256505574,-0.15024630541871922,0.9577269577269577,0.011667272344739207,0.23149022252191503,1.4131736526946108,-0.05475387727579231,18.6725,0.1948732886688028,0.0,-6.084668225010523,0.41151459064676044,0.013970910174738504,0.05188679245283019,0.0,-0.0635593220338983,-9.072304367606916,0.1987837060587542,-0.08813811931621826,Specialty Chemicals,Basic Materials,KRO
2007Q2,2007,Q2,2007-06-30,2007-06-30,0.0,342600000.0,23600000.0,0.0,63600000.0,0.18563922942206654,1485700000.0,451700000.0,609700000.0,193100000.0,1034000000.0,294700000.0,-420100000.0,1237250000.0,1761250000.0,4.609183673469388,3.1574313827032627,0.3802248098539409,1.2506088111578482,0.0,4.609183673469388,0.0,3.6113543490951545,0.0,2.739096745627629,0.0,0.9467254835425857,0.009941402303495656,0.23059837113818402,1.5717244950802693,0.0,242.59803921568627,0.18563922942206654,-1.0,-1.0,0.2834271532797104,0.0,-0.09659090909090909,-1.0,-0.1945392491467577,-1.0,0.15693435909671133,0.10993409880680592,Specialty Chemicals,Basic Materials,KRO
2007Q1,2007,Q1,2007-03-31,2007-03-31,12900000.0,314000000.0,29300000.0,0.13,70400000.0,0.22420382165605096,1480200000.0,451200000.0,609500000.0,189100000.0,1029000000.0,303300000.0,-407800000.0,1588089999.9999998,2099189999.9999998,4.604081632653061,3.22316234796404,0.38217808404269693,1.2537677304964538,0.018220022791297658,4.604081632653061,0.028590425531914893,5.0576114649681525,30.776937984496122,3.5197030141843966,0.9457364341085271,0.8031651829871415,0.007682184259078516,0.21213349547358465,1.5663670015864621,0.008715038508309687,-72.84816513761467,0.22420382165605096,-0.6949671981994924,-0.226823049651904,0.23979529314937767,0.0,-0.10120392712602296,-0.6911363309869272,-0.22507273208145992,0.3137228667976163,0.19131807136434692,1.8799709539120277,Specialty Chemicals,Basic Materials,KRO
