Quarters,Year,Quarter,FillingDate,Date,NetIncome,Revenue,OperatingIncome,EPSDiluted,GrossProfit,GrossProfitRatio,TotalAssets,CommonStockEquity,CurrentAssets,CurrentLiability,TotalLiability,Inventory,RetainedEarnings,MarketCap,EnterpriseValue,bookValuePerShare,currentRatio,debtToAssets,debtToEquity,roic,shareholdersEquityPerShare,roe,priceToSalesRatio,peRatio,pbRatio,payoutRatio,inventoryTurnover,dividendYield,assetTurnover,quickRatio,returnOnAssets,priceToFreeCashFlowsRatio,grossProfitMargin,epsdilutedGrowth,fiveYNetIncomeGrowthPerShare,fiveYRevenueGrowthPerShare,fiveYShareholdersEquityGrowthPerShare,grossProfitGrowth,netIncomeGrowth,operatingIncomeGrowth,threeYNetIncomeGrowthPerShare,threeYRevenueGrowthPerShare,threeYShareholdersEquityGrowthPerShare,Industry,Sector,Symbol
2022Q4,2022,Q4,2022-12-31,2022-12-31,-2633000.0,439000.0,-7779000.0,0.0,134000.0,0.30523918,34435000.0,26554000.0,33449000.0,6781000.0,7881000.0,2026000.0,-101775000.0,0.0,-18592000.0,0.0,4.932753281226958,0.01881806301727893,0.024403103110642463,-0.14088959739160942,0.0,-0.09915643594185433,0.0,0.0,0.0,,0.15054294175715696,,0.012748656889792362,4.484146880991005,-0.0764629011180485,0.0,0.3052391799544419,0.0,0.0,0.0,0.0,0.16521739130434782,0.6422554347826087,0.07049826741546182,0.0,0.0,0.0,Scientific & Technical Instruments,Technology,SVREW
2022Q3,2022,Q3,2022-09-30,2022-09-30,-7360000.0,372000.0,-8369000.0,0.0,115000.0,0.3091397849,37014000.0,26342000.0,35907000.0,9494000.0,10672000.0,1523000.0,-96555000.0,0.0,-31340000.0,0.0,3.782072888139878,0.020424704165991247,0.02869941538227925,-0.2819921202784212,0.0,-0.27940171589097257,0.0,0.0,0.0,,0.16874589625738673,,0.010050251256281407,3.441858015588793,-0.1988436807694386,0.0,0.30913978494623656,0.0,0.0,0.0,0.0,0.0,0.0,0.0,0.0,0.0,0.0,Scientific & Technical Instruments,Technology,SVREW
2023Q1,2023,Q1,2023-04-27,2023-04-27,,,,,,,0.0,0.0,0.0,0.0,0.0,0.0,0.0,0.0,0.0,0.0,0.0,0.0,0.0,0.0,0.0,0.0,0.0,0.0,0.0,0.0,0.0,,0.0,0.0,0.0,0.0,0.0,0.0,0.0,0.0,0.0,0.0,0.0,0.0,0.0,0.0,0.0,Scientific & Technical Instruments,Technology,SVREW
2022Q2,2022,Q2,2022-06-30,2022-06-30,,,,,,,44450000.0,33863000.0,43262000.0,9019000.0,10587000.0,855000.0,-88713000.0,0.0,-40213000.0,0.0,4.796762390508926,0.019392575928008998,0.02545551191566016,,0.0,,0.0,0.0,0.0,0.0,,,,4.5957423217651625,,0.0,0.0,0.0,0.0,0.0,0.0,0.0,0.0,0.0,0.0,0.0,0.0,Scientific & Technical Instruments,Technology,SVREW
2021Q4,2021,Q4,2021-12-31,2021-12-31,,,,,,,18756000.0,12052000.0,16180000.0,5040000.0,6704000.0,825000.0,-76813000.0,0.0,-7611000.0,0.0,3.2103174603174605,0.05715504371934314,0.08894789246598075,,0.0,,0.0,0.0,0.0,0.0,,,,2.7172619047619047,,0.0,0.0,0.0,0.0,0.0,0.0,0.0,0.0,0.0,0.0,0.0,0.0,Scientific & Technical Instruments,Technology,SVREW
2021Q2,2021,Q2,2021-06-30,2021-06-30,,,,,,,30099000.0,24465000.0,28508000.0,3978000.0,5634000.0,372000.0,-63624000.0,0.0,-13580000.0,0.0,7.166415284062343,0.04236021130270109,0.05211526670754139,,0.0,,0.0,0.0,0.0,0.0,,,,6.752388134741076,,0.0,0.0,0.0,0.0,0.0,0.0,0.0,0.0,0.0,0.0,0.0,0.0,Scientific & Technical Instruments,Technology,SVREW
2020Q4,2020,Q4,2020-12-31,2020-12-31,,,,,,,39768000.0,35194000.0,38645000.0,3358000.0,4574000.0,110000.0,-50323000.0,0.0,-36705000.0,0.0,11.508338296605123,0.02310903238784953,0.026112405523668808,,0.0,,0.0,0.0,0.0,0.0,,,,11.204288266825492,,0.0,0.0,0.0,0.0,0.0,0.0,0.0,0.0,0.0,0.0,0.0,0.0,Scientific & Technical Instruments,Technology,SVREW
2020Q2,2020,Q2,2020-06-30,2020-06-30,,,,,,,25844000.0,22503000.0,24617000.0,1860000.0,3341000.0,127000.0,-40192000.0,0.0,-22767000.0,0.0,13.23494623655914,0.040009286488159726,0.045949428965026885,,0.0,,0.0,0.0,0.0,0.0,,,,12.796236559139786,,0.0,0.0,0.0,0.0,0.0,0.0,0.0,0.0,0.0,0.0,0.0,0.0,Scientific & Technical Instruments,Technology,SVREW
2019Q4,2019,Q4,2019-12-31,2019-12-31,,,,,,,535000.0,-19769000.0,469000.0,1735000.0,20304000.0,94000.0,-36757000.0,0.0,-109000.0,0.0,0.2703170028818444,0.0,0.0,,0.0,,0.0,0.0,0.0,0.0,,,,0.0628242074927954,,0.0,0.0,0.0,0.0,0.0,0.0,0.0,0.0,0.0,0.0,0.0,0.0,Scientific & Technical Instruments,Technology,SVREW
