Quarters,Year,Quarter,FillingDate,Date,NetIncome,Revenue,OperatingIncome,EPSDiluted,GrossProfit,GrossProfitRatio,TotalAssets,CommonStockEquity,CurrentAssets,CurrentLiability,TotalLiability,Inventory,RetainedEarnings,MarketCap,EnterpriseValue,bookValuePerShare,currentRatio,debtToAssets,debtToEquity,roic,shareholdersEquityPerShare,roe,priceToSalesRatio,peRatio,pbRatio,payoutRatio,inventoryTurnover,dividendYield,assetTurnover,quickRatio,returnOnAssets,priceToFreeCashFlowsRatio,grossProfitMargin,epsdilutedGrowth,fiveYNetIncomeGrowthPerShare,fiveYRevenueGrowthPerShare,fiveYShareholdersEquityGrowthPerShare,grossProfitGrowth,netIncomeGrowth,operatingIncomeGrowth,threeYNetIncomeGrowthPerShare,threeYRevenueGrowthPerShare,threeYShareholdersEquityGrowthPerShare,Industry,Sector,Symbol
2023Q1,2023,Q1,2023-05-02,2023-03-31,-38304000.0,107335000.0,-43116000.0,-0.35,89698000.0,0.8356826757,1011320000.0,481278000.0,876044000.0,217343000.0,530042000.0,0.0,-581778000.0,2819156326.02,2875903326.02,4.440349995657244,4.030698021100289,0.30191432978681326,0.6344191922340103,-0.05545697547213019,4.440349995657244,-0.07958809669255607,26.26502376689803,-18.39988203594925,5.857646362435018,0.0,0.0,0.0,0.10613356801012538,3.8265000483107348,-0.03787525214571056,78.92374932866741,0.8356826757348489,-2.556910569105691,-0.9985255587565828,0.5741531372661463,2.5819262650711137,-0.2857700239674489,-2.5638258280610344,-3.3146202341639146,-0.04208292606274375,0.6940918641763631,4.141454969921886,Software—Infrastructure,Technology,VRNS
2022Q4,2022,Q4,2023-02-07,2022-12-31,-10748000.0,142617000.0,-9993000.0,-0.0984,125587000.0,0.8805892706,1043732000.0,502125000.0,905657000.0,228743000.0,541607000.0,0.0,-543474000.0,2614599870.1200004,2563261870.1200004,4.597595462837795,3.959277442369821,0.3032023546274331,0.6302454568085636,-0.021418527550471526,4.597595462837795,-0.0214050286283296,18.33301689223585,-60.81596274004466,5.207069694040329,0.0,0.0,0.0,0.1366413983666305,3.7966932321426228,-0.0102976626183733,-7971.341067439025,0.8805892705638177,0.6215384615384616,-2.493098186883891,0.4976374349595486,2.8002489899110437,0.18355480162095938,0.6257269213357941,0.6093737784379641,0.3848493070406974,0.6480314950449884,3.5013533754943356,Software—Infrastructure,Technology,VRNS
2022Q3,2022,Q3,2022-11-01,2022-09-30,-28717000.0,123308000.0,-25582000.0,-0.26,106110000.0,0.8605281085,1058508000.0,532307000.0,916593000.0,209429000.0,526201000.0,0.0,-532726000.0,2917109540.2799997,2470320540.2799997,4.839304607891068,4.37662883363813,0.29046166868838025,0.577591502647908,-0.03531204707291,4.839304607891068,-0.05394819155111618,23.657098811755926,-25.395319325486643,5.480126205892464,0.0,0.0,0.0,0.11649227025209068,4.21162303214932,-0.027129695760447724,-929.6078840917781,0.8605281084763357,0.21212121212121213,-5.521781651349545,0.7314025471887323,3.6025978209013236,0.13306068404360966,0.2086800771562414,0.3190481260647359,-0.40072986790127507,0.5563065545636312,3.5111635237999463,Software—Infrastructure,Technology,VRNS
2022Q2,2022,Q2,2022-08-02,2022-06-30,-36290000.0,111448000.0,-37568000.0,-0.33,93649000.0,0.8402932309,1052287000.0,526432000.0,906592000.0,208908000.0,525855000.0,0.0,-504009000.0,3215680089.2,2772706089.2,4.799913490100917,4.339671051371896,0.29478459773806953,0.5892460944623427,-0.043858841642561486,4.799913490100917,-0.06893577898000122,28.853636576699447,-22.15265974924222,6.108443425171722,0.0,0.0,0.0,0.10591026972679507,4.177398663526528,-0.03448678925046114,-187.98550737752834,0.8402932309238389,0.26666666666666666,-4.386538563968396,0.6600296070976113,3.7843584246025284,0.1937108040585326,0.25578820006972497,0.21871685556826453,-0.22762383136008113,0.5484767261117368,3.352434304383362,Software—Infrastructure,Technology,VRNS
2022Q1,2022,Q1,2022-05-03,2022-03-31,-48763000.0,96261000.0,-48085000.0,-0.45,78452000.0,0.8149925723,1051562000.0,535778000.0,903507000.0,196094000.0,515784000.0,0.0,-467719000.0,5144063798.4,4681976798.4,4.9515105407367646,4.607519862922884,0.29825345533596687,0.5853767791883951,-0.05410969828249229,4.9515105407367646,-0.09101344213461546,53.438711403372075,-26.37278160900683,9.601110531600774,0.0,0.0,0.0,0.09154096477430718,4.424893163482819,-0.04637196855725102,244.40840967358767,0.814992572277454,-0.9565217391304347,-2.3492974056351335,0.7812969641476204,4.050429253553326,-0.2815750915750916,-0.9549773483542476,-1.4114844533600803,-0.7812723821938782,0.41246124982018184,3.0281820523340173,Software—Infrastructure,Technology,VRNS
2021Q4,2021,Q4,2022-02-08,2021-12-31,-24943000.0,126578000.0,-19940000.0,-0.23,109200000.0,0.8627091596,1108537000.0,596593000.0,959207000.0,211771000.0,511944000.0,0.0,-427603000.0,5239310045.400001,4727573045.400001,5.554511240568928,4.529453985673204,0.2652360724089498,0.49283850128982404,-0.02365232655916134,5.554511240568928,-0.04180907251677442,41.39194840651614,-52.51282970572906,8.782050820911408,0.0,0.0,0.0,0.11418473176808713,4.36693409390332,-0.022500827667457198,-868.5858828580903,0.8627091595695935,-0.0454545454545455,-6.288956679732709,0.7373933709953604,4.384911380431928,0.26954600941696216,-0.06987217980612508,-0.07464295338183778,-4.177411824209523,0.19166909601943843,2.920842159666516,Software—Infrastructure,Technology,VRNS
2021Q3,2021,Q3,2021-11-02,2021-09-30,-23314000.0,100353000.0,-18555000.0,-0.22,86015000.0,0.8571243510408258,1058482000.0,576970000.0,911549000.0,181616000.0,481512000.0,0.0,-402660000.0,6512666030.85,6003424030.85,5.39082218152952,5.019100740022905,0.27766367307143625,0.5093887030521518,-0.02109420429181014,5.39082218152952,-0.0404076468447233,64.89757187976444,-69.83642908606417,11.287703053624972,0.0,0.0,0.0,0.09480841431408375,4.871883534490353,-0.0220258823484953,-1037.2138924749165,0.8571243510408258,0.29032258064516125,-2.9445195957864856,0.8203598734487159,4.61359021109323,0.158966274573211,0.29240014568410827,0.3427437922850767,-1.6151889220897593,0.2283947580116109,3.3026806024944837,Software—Infrastructure,Technology,VRNS
2021Q2,2021,Q2,2021-08-03,2021-06-30,-32948000.0,88418000.0,-28231000.0,-0.31,74217000.0,0.8393879074396616,1032332000.0,570386000.0,896956000.0,181561000.0,461946000.0,0.0,-379346000.0,6130389378.98,5623609378.98,5.361101765034756,4.94024597793579,0.26597741811742737,0.4813880424835112,-0.032347051863227144,5.361101765034756,-0.05776439113161964,69.3341783231921,-46.51564115409129,10.74779075745197,0.0,0.0,0.0,0.08564880290449196,4.812779176144657,-0.03191608901012465,-597.0383111589404,0.8393879074396616,0.13888888888888887,-2.759291910664192,0.6951757289940765,4.681822103700187,0.21065853220886416,0.07594794704958492,0.17150403521643434,-1.1184417036338026,0.1593900868734641,3.4808461951955887,Software—Infrastructure,Technology,VRNS
2021Q1,2021,Q1,2021-05-04,2021-03-31,-35656000.0,74785000.0,-34075000.0,-0.36,61303000.0,0.8197232065253728,1037807000.0,578590000.0,899836000.0,179259000.0,459217000.0,0.0,-346398000.0,5146679542.4800005,4667605542.4800005,5.771645651302066,5.019753540965865,0.2645308809826875,0.47448452271902386,-0.038146040311015754,5.771645651302066,-0.0616256762128623,68.81967697372468,-36.08564857583577,8.895209980262363,0.0,0.0,0.0,0.07206060471744746,4.88272276426846,-0.03435706253667589,267.12407445269116,0.8197232065253728,-0.7999999999999998,-1.6925685296162536,0.9183000494626222,4.809103517400584,-0.2590439354565782,-0.8734762505254309,-3.733296291151549,-1.0114337930021868,0.18584427084020033,3.6558512665221365,Software—Infrastructure,Technology,VRNS
2020Q4,2020,Q4,2021-02-09,2020-12-31,-19032000.0,95197000.0,-7199000.0,-0.2,82735000.0,0.8690925134195405,555482000.0,94071000.0,419848000.0,182636000.0,461411000.0,0.0,-310742000.0,5198069248.6878,5236977248.6878,0.9869668256141639,2.2988238901421405,0.49146506997526473,2.902063335140479,-0.027687743611706686,0.9869668256141639,-0.20231527250693626,54.603288430179525,-68.28064902122479,55.25687245471825,0.0,0.0,0.0,0.17137729035324276,2.149034144418406,-0.034262136306847026,1145.201420728751,0.8690925134195405,0.016391830150541242,-6.865700153532899,0.7629241912301129,-0.08637447882124479,0.2637664777674248,0.010039011703511054,0.562424021395575,-4.029514413279226,0.14547743038293856,-0.18419971647508496,Software—Infrastructure,Technology,VRNS
2020Q3,2020,Q3,2020-10-27,2020-09-30,-19225000.0,76751000.0,-16452000.0,-0.203333,65467000.0,0.8529791142786414,502519000.0,82920000.0,401131000.0,148442000.0,419599000.0,0.0,-291710000.0,3648912650.2158003,3682622650.2158003,0.8742895053438258,2.702274288947872,0.5276775604504507,3.1978774722624217,-0.04197708933839349,0.8742895053438258,-0.23184997588036663,47.542216390871786,-47.450099482650195,44.005217682293775,0.0,0.0,0.0,0.1527325334962459,2.5981932337209144,-0.03825725992450037,-694.1055069841735,0.8529791142786414,0.20779453533177217,-2.132220949065243,0.9715463944431281,-0.15621199216839507,0.16427174106348924,0.20959585577436993,0.2553634470897076,-4.063708823105006,0.2498734153843677,-0.16847495700709406,Software—Infrastructure,Technology,VRNS
2020Q2,2020,Q2,2020-08-04,2020-06-30,-24323000.0,66565000.0,-22094000.0,-0.256667,56230000.0,0.8447382257943363,498296000.0,78530000.0,390429000.0,144901000.0,419766000.0,0.0,-272485000.0,2786611718.2509003,2815315718.2509003,0.8311559281225498,2.6944534544275056,0.5392036058888693,3.421405832166051,-0.05601570242647027,0.8311559281225498,-0.3097287660766586,41.86301687449711,-28.641735376504748,35.48467742583599,0.0,0.0,0.0,0.13358525856117648,2.587014582370032,-0.048812352497310835,-168.83439674346565,0.8447382257943363,0.24509705882352953,-2.0387702431025327,0.8036098311672379,-0.23647672025539995,0.2780707337030639,0.22612153993000317,0.3237220691766146,-3.1907883216595594,0.1509203548827545,-0.17153759644367078,Software—Infrastructure,Technology,VRNS
2020Q1,2020,Q1,2020-05-05,2020-03-31,-31430000.0,54176000.0,-32670000.0,-0.34,43996000.0,0.8120939161252215,286982000.0,80041000.0,177299000.0,145148000.0,206941000.0,0.0,-248162000.0,1966954220.6999998,1944001220.6999998,0.8636368540877652,1.2215049466751178,0.1901861440787227,0.681900525980435,-0.17385169273580942,0.8636368540877652,-0.39267375470071586,36.30674506608092,-15.645515595768373,24.5743334128759,0.0,0.0,0.0,0.18877839028231735,1.133567117700554,-0.10951906391341618,1554.90452229249,0.8120939161252215,-1.125,-0.9866908994206164,0.8875830563882546,-0.24111199328051416,-0.30062949068480954,-1.1453924914675768,-1.3327383077472332,-1.520423424825391,0.17046579015553323,-0.11910985618489534,Software—Infrastructure,Technology,VRNS
2019Q4,2019,Q4,2020-02-11,2019-12-31,-14650000.0,72560000.0,-14005000.0,-0.16,62908000.0,0.8669790518191841,318312000.0,93532000.0,208557000.0,159579000.0,224780000.0,0.0,-216732000.0,2372070918.2706003,2360181918.2706003,1.021380700272813,1.3069200834696295,0.17919525496996658,0.6098447590129581,-0.07135918321351642,1.021380700272813,-0.15663088568618228,32.691164805272884,-40.47902590905461,25.36106271939657,0.0,0.0,0.0,0.2279524491693684,1.225161205421766,-0.046024026741059085,-212.17092292223617,0.8669790518191841,0.1428586734666545,-34.695929917081244,0.7357855191730448,-0.20617121685290465,0.10595805277684991,0.13757579325366456,0.12331768388106416,-4.643499191609179,0.16814548452680403,-0.00980584637555726,Software—Infrastructure,Technology,VRNS
2019Q3,2019,Q3,2019-10-30,2019-09-30,-16987000.0,65649000.0,-15975000.0,-0.186667,56881000.0,0.8664412253042697,298152000.0,97770000.0,198297000.0,133671000.0,200382000.0,0.0,-202082000.0,1816128644.1354,1821811644.1354,1.072739789271641,1.4834706106784568,0.0,0.0,-0.10540650307917718,1.072739789271641,-0.1737445024036003,27.66422404203263,-26.72821340047389,18.57552054961031,0.0,0.0,0.0,0.220186347903083,1.370880744514517,-0.056974294990474655,-101.06447657959933,0.8664412253042697,0.30864074074074077,-1.1574289640020858,1.0724464789977775,-0.1529511946962078,0.11045819260878902,0.30631329630839593,0.33454136465883527,-2.3750562271847984,0.39843411019163477,0.11706922939107568,Software—Infrastructure,Technology,VRNS
2019Q2,2019,Q2,2019-07-30,2019-06-30,-24488000.0,59621000.0,-24006000.0,-0.27,51223000.0,0.8591435903456835,304020000.0,100194000.0,207130000.0,135171000.0,203826000.0,0.0,-185095000.0,1886113739.88,1876796739.88,1.1028112441046833,1.5323553128999563,0.0,0.0,-0.15343100995542786,1.1028112441046833,-0.244405852645867,31.635057108736856,-19.25548983052924,18.824617640577284,0.0,0.0,0.0,0.19610880863101113,1.4196462258916485,-0.0805473324123413,-118.795347980097,0.8591435903456835,-0.06579087604062654,-3.2626721923043003,0.9558464880217789,-0.18019085834640336,0.06639047341466461,-0.08167321878174831,-0.09113222126266989,-2.2719343865797836,0.33858998438412347,0.16878536867737842,Software—Infrastructure,Technology,VRNS
2019Q1,2019,Q1,2019-04-30,2019-03-31,-22639000.0,56360000.0,-22001000.0,-0.253333,48034000.0,0.8522711142654364,305446000.0,109995000.0,220326000.0,132769000.0,195451000.0,0.0,-160607000.0,1821889781.1599998,1810125781.1599998,1.2292171695337728,1.6594687012781597,0.0,0.0,-0.1383476140489653,1.2292171695337728,-0.20581844629301332,32.32593650035486,-20.118929514996246,16.5633872554207,0.0,0.0,0.0,0.18451706684651298,1.547251240877012,-0.0741178473445388,203.51762524128685,0.8522711142654364,-4.799976000119998,-0.04182252578178609,0.19971027990793613,-0.6003657728301267,-0.39783625217816443,-4.500154607297464,-5.889111111111111,-0.9152184689492356,0.6195708878675126,0.2371947646468767,Software—Infrastructure,Technology,VRNS
2018Q4,2018,Q4,2019-02-12,2018-12-31,6468000.0,87518000.0,4500000.0,0.066667,79769000.0,0.911458214310199,284978000.0,125370000.0,259090000.0,146340000.0,159608000.0,0.0,-137968000.0,1560489071.7096,1511782071.7096,1.4166628021163092,1.7704660379937132,0.0,0.0,0.044611991548827924,1.4166628021163092,0.05159128978224456,17.830492832441326,60.31574952495361,12.447069248700645,0.0,0.0,0.0,0.3071044080595695,1.6546262129287959,0.022696488851771016,1785.4566037867276,0.911458214310199,1.8000072000288003,0.6029251750342927,0.2799488826980684,11.96494467663961,0.32948333333333335,1.883968839688397,1.6585687106688132,1.1469973635689357,0.7455561742888271,0.311390876904763,Software—Infrastructure,Technology,VRNS
2018Q3,2018,Q3,2018-10-30,2018-09-30,-7317000.0,67052000.0,-6833000.0,-0.083333,60000000.0,0.8948278947682395,245879000.0,110061000.0,225685000.0,121793000.0,135818000.0,0.0,-144436000.0,2092180464.6201,2024312464.6201,1.2528985252598543,1.8530211095875788,0.0,0.0,-0.06745869093567189,1.2528985252598543,-0.06648131490718784,31.202357343854025,-71.48354737666052,19.009280895322593,0.0,0.0,0.0,0.2727032402116488,1.7326118906669512,-0.02975853976956145,-400.5706422784032,0.8948278947682395,0.4318217458596684,-0.8482334748612984,1.346103218197781,2.575032392662099,0.07623318385650224,0.4230860206575731,0.39557717823971694,-0.2870800780989204,0.8596069762093815,0.20918842578170727,Software—Infrastructure,Technology,VRNS
2018Q2,2018,Q2,2018-07-31,2018-06-30,-12683000.0,62190000.0,-11305000.0,-0.146667,55750000.0,0.896446374015115,237067000.0,103805000.0,217001000.0,119055000.0,133262000.0,0.0,-137119000.0,2154560500.9686003,2080924500.9686003,1.19644851251154,1.822695392885641,0.0,0.0,-0.11400266969572699,1.19644851251154,-0.1221810124753143,34.64480625452002,-42.4694571664551,20.755845103497904,0.0,0.0,0.0,0.26233090223438943,1.6805174079207088,-0.05349964356068116,1106.0372181563657,0.896446374015115,0.1698110003566031,-4.083628297347737,1.2863032824123695,0.0,0.1840037378413966,0.1570517080951748,0.2705039685100342,-0.7255658991342506,0.8350421590115684,0.09909135146499948,Software—Infrastructure,Technology,VRNS
2018Q1,2018,Q1,2018-05-01,2018-03-31,-15046000.0,53528000.0,-15497000.0,-0.176667,47086000.0,0.8796517710357197,224925000.0,105479000.0,205071000.0,105154000.0,119446000.0,0.0,-124437000.0,1715932815.7479,1645154815.7479,1.2396542159331936,1.9501968541377408,0.0,0.0,-0.15225304303043793,1.2396542159331936,-0.1426445074374994,32.05673321902369,-28.51144516396218,16.268004206978638,0.0,0.0,0.0,0.23798154940535735,1.7701466420678242,-0.06689340891408248,104.86663910944814,0.8796517710357197,-3.94445,-1.099852543367972,1.8450787228453374,0.0,-0.30058524702177597,-3.7188290567401516,-3.5729702805910675,-0.03591202853494199,1.0314028051540485,0.0892989483926606,Software—Infrastructure,Technology,VRNS
2017Q4,2017,Q4,2018-02-13,2017-12-31,5534000.0,73209000.0,6023000.0,0.06,67322000.0,0.9195863896515456,232152000.0,101578000.0,219283000.0,116979000.0,130574000.0,0.0,-122454000.0,1358776538.0784,1302087538.0784,1.2098142713921003,1.8745501329298422,0.0,0.0,0.051723652590619396,1.2098142713921003,0.05448030085254681,18.560239015399745,61.38311068297795,13.376681349095277,0.0,0.0,0.0,0.315349426237982,1.8135990220466922,0.023837830386987835,361.08863621536005,0.9195863896515456,2.5,0.704491632959069,1.6732224924008157,2.838016599275828,0.3977369459150836,2.6698853349426677,2.85266071977853,15.706585418971379,0.9100946180057662,-0.05971848632281804,Software—Infrastructure,Technology,VRNS
2017Q3,2017,Q3,2017-11-03,2017-09-30,-3314000.0,53601000.0,-3251000.0,-0.04,48165000.0,0.8985839816421335,190994000.0,87044000.0,178621000.0,91915000.0,103950000.0,0.0,-127988000.0,1156252575.4461,1102774575.4461,1.0514289529958085,1.9433280748517652,0.0,0.0,-0.04708038950548726,1.0514289529958085,-0.03807269886494187,21.571473954704203,-87.22484727263881,13.283541375006893,0.0,0.0,0.0,0.2806423238426338,1.8834901811456237,-0.017351330408285078,477.0018875602723,0.8985839816421335,0.3333333333333333,0.11175058746650869,0.9900634300618868,2.3217627973564166,0.06333892617449664,0.34180734856007944,0.39165419161676646,0.5366334923022619,0.862860860684051,-0.16977849856616584,Software—Infrastructure,Technology,VRNS
2017Q2,2017,Q2,2017-08-04,2017-06-30,-5035000.0,50174000.0,-5344000.0,-0.06,45296000.0,0.9027783314067047,182440000.0,82232000.0,170462000.0,89574000.0,100208000.0,0.0,-124674000.0,1016372336.4,962833336.4,1.0032512333144608,1.9030298970683457,0.0,0.0,-0.07446719901192772,1.0032512333144608,-0.06122920517560074,20.256952533184517,-50.465359304865935,12.359815356552195,0.0,0.0,0.0,0.2750164437623328,1.8185076026525555,-0.027598114448585835,-521.484010466906,0.9027783314067047,0.5499988749971876,-1.1362121401271648,0.9524733576302901,0.0,0.26851125798140474,0.5371817262616049,0.5152834467120181,0.028511927204428557,0.8244149101920317,-0.25420189824581835,Software—Infrastructure,Technology,VRNS
2017Q1,2017,Q1,2017-05-05,2017-03-31,-10879000.0,40380000.0,-11025000.0,-0.133333,35708000.0,0.8842991579990094,168142000.0,79270000.0,156578000.0,77737000.0,88872000.0,0.0,-119639000.0,857048319.0,805978319.0,0.9804138009166319,2.0142017314792184,0.0,0.0,-0.14333733815763808,0.9804138009166319,-0.137239813296329,21.224574517087667,-19.695016063057267,10.81176130944872,0.0,0.0,0.0,0.24015415541625532,1.9139663223432857,-0.06470126440746513,126.05505500808943,0.8842991579990094,-4.333325,-0.59780110721323,1.2586325642635086,0.0,-0.28439447684322333,-4.088869960249858,-3.391021470396877,0.44592269136796703,-0.04870197643223928,-0.6812549309048427,Software—Infrastructure,Technology,VRNS
2016Q4,2016,Q4,2017-02-09,2016-12-31,3522000.0,54409000.0,4611000.0,0.04,49899000.0,0.9171093017699278,181838000.0,82739000.0,171319000.0,88245000.0,99099000.0,0.0,-106144000.0,716563853.8442999,668248853.8442999,1.0314953855607176,1.9414017791376281,0.0,0.0,0.05069193363098677,1.0314953855607176,0.04256759206661913,13.169950814098769,50.86341949491056,8.660533168690701,0.0,0.0,0.0,0.2992168853594958,1.9000396623038132,0.019368888791121766,458.74766571338023,0.9171093017699278,1.7058782007164663,0.1354893015706844,1.0795978132931343,2.5671047081924834,0.35517775182640343,1.8024606971975392,2.1732824427480915,-0.03702115315217981,-0.1220897043471161,8.439988533633983,Software—Infrastructure,Technology,VRNS
2016Q3,2016,Q3,2016-11-04,2016-09-30,-4389000.0,40937000.0,-3930000.0,-0.056667,36821000.0,0.8994552605222659,155874000.0,76323000.0,146098000.0,69575000.0,79551000.0,0.0,-109666000.0,797415972.0687001,755727972.0687001,0.9603163000527738,2.099863456701401,0.0,0.0,-0.05489361493710027,0.9603163000527738,-0.05750560119492158,19.479101352534386,-45.42127888292892,10.447911796820094,0.0,0.0,0.0,0.26262878992006367,2.0433489040603665,-0.028157357865968666,748.0450019406192,0.8994552605222659,0.3199932799731199,-0.22536587574715697,0.5831709636229335,2.2072240882164276,0.05443871706758305,0.32404127521946713,0.2963294538943599,-0.22536587574715697,0.5831709636229335,2.2072240882164276,Software—Infrastructure,Technology,VRNS
2016Q2,2016,Q2,2016-08-09,2016-06-30,-6493000.0,38641000.0,-5585000.0,-0.083333,34920000.0,0.9037033203074455,153728000.0,74371000.0,144571000.0,69741000.0,79357000.0,0.0,-105277000.0,631089214.9380001,574987214.9380001,0.9435532593573166,2.072969988959149,0.0,0.0,-0.07877244220017404,0.9435532593573166,-0.08730553575990642,16.33211394472193,-24.298830083859542,8.485689515241155,0.0,0.0,0.0,0.25135954412989175,2.03535940121306,-0.0422369379683597,-164.94752089336123,0.9037033203074455,0.37500093750234376,-1.864733691024173,0.5636829361567773,0.0,0.2945799658930822,0.37265700483091785,0.48234312725924555,-1.864733691024173,0.5636829361567773,0.0,Software—Infrastructure,Technology,VRNS
2016Q1,2016,Q1,2016-05-05,2016-03-31,-10350000.0,30470000.0,-10789000.0,-0.133333,26974000.0,0.885264194289465,149811000.0,77846000.0,140827000.0,62021000.0,71965000.0,0.0,-98784000.0,476633970.54270005,422178970.54270005,0.9935518680315618,2.270634140049338,0.0,0.0,-0.14140865790510437,0.9935518680315618,-0.1329548082110834,15.642729587879884,-11.512897839195654,6.122780496656219,0.0,0.0,0.0,0.203389604234669,2.1961593653762437,-0.06908704968260007,100.98177342006358,0.885264194289465,-5.4444333333333335,-0.568656217880514,0.7587552606906378,0.0,-0.3349277577789832,-4.929384965831435,-4.032321528948848,-0.568656217880514,0.7587552606906378,0.0,Software—Infrastructure,Technology,VRNS
2015Q4,2015,Q4,2016-02-12,2015-12-31,2634000.0,43837000.0,3558000.0,0.03,40558000.0,0.925200173369528,165144000.0,83587000.0,156402000.0,71316000.0,81557000.0,0.0,-88434000.0,484890092.38890004,435649092.38890004,1.0802750172092217,2.1930843008581524,0.0,0.0,0.04035996069433327,1.0802750172092217,0.0315120772368909,11.06120611330383,46.022218336076314,5.801022795277974,0.0,0.0,0.0,0.26544712493339145,2.1563183577317853,0.01594971661095771,535.7901573358012,0.925200173369528,1.4736867036142296,-0.11966485940246918,0.7369527553538833,2.6412134162781835,0.4385840456850991,1.5348223350253807,1.782838283828383,-0.11966485940246918,0.7369527553538833,2.6412134162781835,Software—Infrastructure,Technology,VRNS
2015Q3,2015,Q3,2015-11-06,2015-09-30,-4925000.0,31237000.0,-4545000.0,-0.063333,28193000.0,0.9025514614079457,144645000.0,78853000.0,136338000.0,56220000.0,65792000.0,0.0,-91068000.0,395220729.52529997,325293729.52529997,1.036148294629838,2.4250800426894346,0.0,0.0,-0.061060781060740574,1.036148294629838,-0.06245799145244949,12.652326712722092,-20.061965965751266,5.012120395232901,0.0,0.0,0.0,0.21595630682014588,2.369530416221985,-0.03404887828822289,-405.7707695331622,0.9025514614079457,0.24000096000384005,-0.43598949770959766,0.2616123988629427,2.3025533151658175,0.07250732301137444,0.22097437519772223,0.30462056303549573,-0.43598949770959766,0.2616123988629427,2.3025533151658175,Software—Infrastructure,Technology,VRNS
2015Q2,2015,Q2,2015-08-07,2015-06-30,-6322000.0,29150000.0,-6536000.0,-0.083333,26287000.0,0.9017838765008577,143593000.0,81236000.0,136597000.0,53040000.0,62357000.0,0.0,-86143000.0,549491276.9073,479713276.9073,1.0885796807670003,2.5753582202111613,0.0,0.0,-0.0829228523646152,1.0885796807670003,-0.07782264020877444,18.85047262117667,-21.72932920386349,6.764135074441135,0.0,0.0,0.0,0.20300432472335003,2.5231711915535446,-0.044027215811355706,-68.96225864800452,0.9017838765008577,0.5098058823529412,-1.9460644185761264,0.24591321849731745,0.0,0.30437155758447876,0.501026045777427,0.4341615444550255,-1.9460644185761264,0.24591321849731745,0.0,Software—Infrastructure,Technology,VRNS
2015Q1,2015,Q1,2015-05-07,2015-03-31,-12670000.0,22986000.0,-11551000.0,-0.17,20153000.0,0.8767510658661795,141818000.0,84469000.0,136018000.0,48493000.0,57349000.0,0.0,-79821000.0,634859437.8294001,556940437.8294001,1.1380293883165802,2.804899676241932,0.0,0.0,-0.13759546839759249,1.1380293883165802,-0.14999585646805336,27.619396059749416,-12.526823950856354,7.515886749332891,0.0,0.0,0.0,0.1620809770268936,2.7563565875487184,-0.08933985812802324,822.3567847531089,0.8767510658661795,-50.00510051005101,-1.0270568209713018,0.40054878118059156,0.0,-0.3483476686283386,-37.27794561933535,-40.023648648648646,-1.0270568209713018,0.40054878118059156,0.0,Software—Infrastructure,Technology,VRNS
2014Q4,2014,Q4,2015-02-19,2014-12-31,-331000.0,33714000.0,296000.0,-0.003333,30926000.0,0.9173043839354571,156847000.0,95026000.0,152526000.0,53210000.0,61821000.0,0.0,-67151000.0,808220660.7168001,731627660.7168001,1.2866511292568648,2.8664912610411575,0.0,0.0,0.0020216551672339006,1.2866511292568648,-0.0034832572138151665,23.972849875920986,-610.4385654960726,8.505258147420706,0.0,0.0,0.0,0.21494832543816586,2.810825032888555,-0.002110336825058815,-264.12439892705885,0.9173043839354571,0.96154245560594,-1.1158998900424764,0.39952359804656845,2.9547513936415184,0.34618900448352413,0.947906830343091,1.0578803285099727,-1.1158998900424764,0.39952359804656845,2.9547513936415184,Software—Infrastructure,Technology,VRNS
2014Q3,2014,Q3,2014-11-10,2014-09-30,-6354000.0,25563000.0,-5114000.0,-0.086667,22973000.0,0.8986816883777334,141668000.0,93146000.0,137981000.0,43549000.0,48522000.0,0.0,-66820000.0,517293947.05829996,402056947.05829996,1.2664438962131648,3.168408000183701,0.0,0.0,-0.05758567417107256,1.2664438962131648,-0.06821548966139179,20.236042211723973,-20.353082588066574,5.553581979454834,0.0,0.0,0.0,0.18044300759522264,3.1340558910652367,-0.044851342575599286,-114.57230278146179,0.8986816883777334,-0.36843351807114766,-0.9169478108092172,0.06828345157841069,2.5920604261316598,0.03832768361581921,-0.3696917439103255,-0.12198332602018429,-0.9169478108092172,0.06828345157841069,2.5920604261316598,Software—Infrastructure,Technology,VRNS
2014Q2,2014,Q2,2014-08-06,2014-06-30,-4639000.0,24616000.0,-4558000.0,-0.063333,22125000.0,0.8988056548586285,143344000.0,98692000.0,140439000.0,41051000.0,44652000.0,0.0,-60466000.0,709447063.59,589319063.59,1.3452048630248952,3.42108596623712,0.0,0.0,-0.04778054942592012,1.3452048630248952,-0.04700482308596442,28.820566444182646,-38.23275833099807,7.188496165747983,0.0,0.0,0.0,0.17172675521821631,3.3880782441353436,-0.03236270789150575,-126.75488004109344,0.8988056548586285,0.7397270407219736,-1.198907222792723,0.07019151549511253,0.0,0.43547654577304873,0.42543968293287093,0.4253656076651538,-1.198907222792723,0.07019151549511253,0.0,Software—Infrastructure,Technology,VRNS
2014Q1,2014,Q1,2014-03-31,2014-03-31,-8074000.0,17455000.0,-7932000.0,-0.243333,15413000.0,0.8830134631910628,144506000.0,102267000.0,141916000.0,38720000.0,42239000.0,0.0,-55827000.0,396319855.2,270823855.2,3.075855584840252,3.665185950413223,0.0,0.0,-0.07857377394982719,3.075855584840252,-0.07895019898892115,22.705233755370955,-12.271484245727025,3.8753444923582387,0.0,0.0,0.0,0.12079083221457933,3.6184659090909093,-0.055873112535119646,106.28046532582461,0.8830134631910628,-6.289847826086957,-1.8837151103662002,1.3742639092139635,0.0,-0.350238185573964,-6.325857519788919,-6.013906447534766,-1.8837151103662002,1.3742639092139635,0.0,Software—Infrastructure,Technology,VRNS
2013Q4,2013,Q4,2013-12-31,2013-12-31,1516000.0,25689000.0,1582000.0,0.046,23721000.0,0.9233913348125657,47254000.0,3633000.0,43773000.0,40397000.0,43621000.0,0.0,-47753000.0,487642988.277,478009988.277,0.1092687117029407,1.083570562170458,0.0,0.0,0.38877881946572074,0.1092687117029407,0.4172859895403248,18.982560172719843,80.41606007206465,134.22598080842278,0.0,0.0,0.0,0.5436365175434884,1.0457459712354877,0.03208194015321454,-390.42673200720577,0.9233913348125657,2.0207025095968225,0.17914251729158293,1.368804448006365,1.1660070563231095,0.40710641831771266,1.5912636505460218,1.7437705688763516,0.17914251729158293,1.368804448006365,1.1660070563231095,Software—Infrastructure,Technology,VRNS
2013Q3,2013,Q3,2013-09-30,2013-09-30,-2564000.0,18510000.0,-2127000.0,-0.045067,16858000.0,0.9107509454349001,33663000.0,-45257000.0,31672000.0,29921000.0,78920000.0,0.0,-49269000.0,834433560.4356,819179560.4356,-0.7954747668028731,1.0585207713645934,0.0,0.0,0.04793298501061269,-0.7954747668028731,0.056654219236803145,45.08014913212318,-81.36052656353354,-18.4376684366087,0.0,0.0,0.0,0.5498618661438375,0.994351793055045,-0.07616671122597511,1500.7797849561152,0.9107509454349001,-0.5672207539296148,0.0,0.0,0.0,0.03233312921004287,-0.5672371638141809,-0.6814229249011857,0.0,0.0,0.0,Software—Infrastructure,Technology,VRNS
2013Q2,2013,Q2,2013-06-30,2013-06-30,-1636000.0,17837000.0,-1265000.0,-0.028756,16330000.0,0.9155126983237092,,,,,,,,834433560.4356,,,0.0,0.0,0.0,0.0,,0.0,46.781048406996696,-127.51124089786065,0.0,0.0,0.0,0.0,0.0,0.0,0.0,-226.8098832388149,0.9155126983237092,0.658524420800133,0.0,0.0,0.0,0.45401121894755586,0.6585264036735545,0.6864931846344485,0.0,0.0,0.0,Software—Infrastructure,Technology,VRNS
2013Q1,2013,Q1,2013-03-31,2013-03-31,-4791000.0,12580000.0,-4035000.0,-0.084211,11231000.0,0.8927662957074721,,,,,,,,834433560.4356,,,0.0,0.0,0.0,0.0,,0.0,66.33017173573927,-43.5417220014402,0.0,0.0,0.0,0.0,0.0,0.0,0.0,271.1841275383816,0.8927662957074721,-3.15925641025641,0.0,0.0,0.0,-0.3412903225806452,-3.1777272727272727,-2.739974126778784,0.0,0.0,0.0,Software—Infrastructure,Technology,VRNS
2012Q4,2012,Q4,2012-12-31,2012-12-31,2200000.0,18557000.0,2319000.0,0.039,17050000.0,0.918790752815649,37694000.0,-37448000.0,36278000.0,28347000.0,75142000.0,0.0,-40278000.0,834433560.4356,819963560.4356,-0.6582172717421392,1.2797826930539387,0.0,0.0,-0.06076579624846662,-0.6582172717421392,-0.0587481307412946,44.965972971687236,94.82199550404546,-22.28245995608844,0.0,0.0,0.0,0.492306467872871,1.2293364377182772,0.05836472648166817,813.2880706000001,0.918790752815649,0.0,0.0,0.0,0.0,0.0,0.0,0.0,0.0,0.0,0.0,Software—Infrastructure,Technology,VRNS
