Quarters,Year,Quarter,FillingDate,Date,NetIncome,Revenue,OperatingIncome,EPSDiluted,GrossProfit,GrossProfitRatio,TotalAssets,CommonStockEquity,CurrentAssets,CurrentLiability,TotalLiability,Inventory,RetainedEarnings,MarketCap,EnterpriseValue,bookValuePerShare,currentRatio,debtToAssets,debtToEquity,roic,shareholdersEquityPerShare,roe,priceToSalesRatio,peRatio,pbRatio,payoutRatio,inventoryTurnover,dividendYield,assetTurnover,quickRatio,returnOnAssets,priceToFreeCashFlowsRatio,grossProfitMargin,epsdilutedGrowth,fiveYNetIncomeGrowthPerShare,fiveYRevenueGrowthPerShare,fiveYShareholdersEquityGrowthPerShare,grossProfitGrowth,netIncomeGrowth,operatingIncomeGrowth,threeYNetIncomeGrowthPerShare,threeYRevenueGrowthPerShare,threeYShareholdersEquityGrowthPerShare,Industry,Sector,Symbol
2023Q1,2023,Q1,2023-05-04,2023-03-31,-30578000.0,522666000.0,-16887000.0,-0.46,13830000.0,0.0264604929,2740475000.0,822873000.0,1195843000.0,382678000.0,1917602000.0,531439000.0,562559000.0,647683836.4,1735155836.4,12.418996928668761,3.1249327110521117,0.5111726981636395,1.7023963600701444,-0.006434614939372688,12.418996928668761,-0.037160047783801387,1.2391925941232067,-5.295341719536922,0.7871006053181961,0.0,0.9574683077455738,0.0,0.19072095165984,1.6874578627462253,-0.011157919703701,-7.794498301943558,0.02646049293430221,-2.5333333333333337,-2.170419322005205,0.3947416320298102,0.3821513401917868,-0.8334116286633181,-2.527067518977227,-10.526962457337884,-7.93790402720647,0.47807350070767035,0.7629985153911956,Paper & Paper Products,Basic Materials,MERC
2022Q4,2022,Q4,2023-02-16,2022-12-31,20024000.0,583056000.0,-1465000.0,0.3,83019000.0,0.1423859801,2725037000.0,838784000.0,1178175000.0,378061000.0,1886253000.0,450470000.0,598119000.0,770183880.0,1772134880.0,12.676772409207006,3.1163621743581063,0.5022339146220767,1.6316548718144361,-0.0004621655066519088,12.676772409207006,0.023872653746375705,1.3209432370132543,9.615759588493809,0.9182147966580193,0.4956552137435078,1.1100339645259396,0.012886533018582523,0.21396259940690712,1.8674896379155745,0.007348157107591567,1746.448707482993,0.14238598007738537,-0.7,-0.5271434400834253,0.7009802639865949,0.5005965258639591,-0.3757125024439398,-0.6999970035657568,-1.0134746097881773,1.2726380148038912,0.7432194967088237,0.5089149510459886,Paper & Paper Products,Basic Materials,MERC
2022Q3,2022,Q3,2022-10-27,2022-09-30,66746000.0,532814000.0,108723000.0,1.0,132982000.0,0.2495842827,2543983000.0,720349000.0,1096688000.0,323093000.0,1823634000.0,385961000.0,583057000.0,813429651.6,1884762651.6,10.892512564020723,3.3943415672886754,0.5340393390993572,1.886012196865686,0.03458269025256535,10.892512564020723,0.09265786445181433,1.526667188925216,3.0467355781619876,1.1292160488874143,0.07434153357504569,1.0359388642893972,0.006100097273611608,0.20944086497433356,2.1250754426744,0.026236810544724553,21.385221011120752,0.24958428269527452,-0.0654205607476636,2.1015660268369616,0.7135218743619961,0.4211343584306512,-0.033919114281770565,-0.0648153337443255,-0.04654874551657005,53.85230172743981,0.3779909817594,0.20822569172023614,Paper & Paper Products,Basic Materials,MERC
2022Q2,2022,Q2,2022-07-28,2022-06-30,71372000.0,572326000.0,114031000.0,1.07,137651000.0,0.2405115266,2415716000.0,752122000.0,1169114000.0,273904000.0,1663594000.0,348837000.0,521274000.0,869201521.25,1712177521.25,11.378724102756511,4.26833489105672,0.5227588839085389,1.679032125107363,0.037127519410163824,11.378724102756511,0.09489417940174599,1.5187175163281068,3.04461666077033,1.155665598466738,0.06949504007173682,1.2460690809747819,0.005706386699446886,0.23691775026534576,2.93142122787546,0.029544863717423736,8.086498225383298,0.24051152664740025,-0.20149253731343283,34.33017863793229,0.9858251621065165,0.6597430145655373,-0.04772084206739583,-0.19713826113367156,-0.06800107886327042,5.905704216626068,0.33435348662501213,0.15475035676644094,Paper & Paper Products,Basic Materials,MERC
2022Q1,2022,Q1,2022-04-28,2022-03-31,88897000.0,592741000.0,122351000.0,1.34,144549000.0,0.2438653645,2456944000.0,768334000.0,1169385000.0,281184000.0,1688610000.0,353407000.0,454864000.0,921185069.4,1791544069.4,11.635294205301413,4.158789262546945,0.5214054532785444,1.667326969781371,0.0454197975631479,11.635294205301413,0.11570098420738897,1.5541105970398539,2.590596615746313,1.198938312504718,0.0,1.2682035160593876,0.0,0.24125132685156844,2.8397206099920336,0.03618193984071269,25.980344343853115,0.2438653644677861,0.18584070796460195,7.96479304495784,1.394596450563226,0.9071764747137351,-0.02750324616347208,0.1928960575400553,-0.09533140102333561,0.7057261174325806,0.2130285264367878,0.22599144821668107,Paper & Paper Products,Basic Materials,MERC
2021Q4,2021,Q4,2022-02-17,2021-12-31,74522000.0,518957000.0,135244000.0,1.13,148637000.0,0.2864148667,2351232000.0,694024000.0,1064305000.0,283124000.0,1657208000.0,356731000.0,370927000.0,791783630.0,1701951630.0,10.509623392946379,3.759147935180345,0.5340936156023736,1.809415812709647,0.0421265180053995,10.509623392946379,0.10737669014328034,1.525721071302632,2.656207663508763,1.1408591489631483,0.11520088027696519,1.0380931289963586,0.01084260860508066,0.22071705386792967,2.4404677809016544,0.03169487315586042,-279.3873076923077,0.28641486674233124,0.0865384615384614,2.8913398871127347,1.2599848158077458,0.7673261987310881,0.11563374890228251,0.07818513267166295,0.18890598215463056,0.6354906932577541,0.2435406513480953,0.17907312089364003,Paper & Paper Products,Basic Materials,MERC
2021Q3,2021,Q3,2021-10-28,2021-09-30,69118000.0,469746000.0,113755000.0,1.04,133231000.0,0.2836234901414807,2231753000.0,627836000.0,952276000.0,256491000.0,1603917000.0,345107000.0,300698000.0,764805057.63,1650910057.63,9.514345083633465,3.712707268481155,0.548821935043887,1.950883670257838,0.040405056834740105,9.514345083633465,0.11008925897845934,1.6281246836162522,2.7663020400980933,1.2181605668199977,0.06211117219826963,0.9751033737362615,0.005613195097458263,0.21048297011362815,2.3098705217726936,0.030970273144026242,555.0109271625544,0.2836234901414807,2.25,4.678567632328221,0.9343553231579251,0.46705080322577813,0.8486076230383927,2.227550782162036,1.1945173238675824,0.6577954828734245,0.4013381581163549,0.08792635253698157,Paper & Paper Products,Basic Materials,MERC
2021Q2,2021,Q2,2021-07-29,2021-06-30,21415000.0,401832000.0,51836000.0,0.32,72071000.0,0.1793560492942324,2214698000.0,604134000.0,937601000.0,265364000.0,1610564000.0,313354000.0,235872000.0,840759633.0,1679625633.0,9.16160600208074,3.533263743386443,0.5524003724209802,2.0250474232537816,0.018267533779017093,9.16160600208074,0.03544743384745768,2.0923162739652392,9.815078601447583,1.3916773977296428,0.2002801774457156,1.0523593124708797,0.005101339112459506,0.18143873340744426,2.2978700954161075,0.009669489925940241,45.54494219934995,0.1793560492942324,2.555555555555556,5.948914269939837,0.8053415604798025,0.4794306595358413,0.006901658353940511,2.609472442272038,0.015814536831997492,0.26259795214659326,0.14549344385397975,0.10824911065056957,Paper & Paper Products,Basic Materials,MERC
2021Q1,2021,Q1,2021-04-29,2021-03-31,5933000.0,412720000.0,51029000.0,0.09,71577000.0,0.1734275053304904,2178266000.0,567638000.0,935079000.0,230183000.0,1610628000.0,288111000.0,218750000.0,947688115.51,1811056115.51,8.619197272094322,4.062328668928635,0.5777306352851305,2.2169956909156894,0.018591564204065523,8.619197272094322,0.010452083898540972,2.296201093986238,39.932922446907135,1.6695290229160133,0.0,1.1840679460346881,0.0,0.18947180922807408,2.7473836034807086,0.0027237261197668237,216.12043683238312,0.1734275053304904,1.456345468135933,-0.33648430407618224,0.5944732797187761,0.2714457295272146,1.1587296800072382,1.457193496185559,2.2677382172131146,-0.7715198857772534,0.10806868645389288,-0.04074096084992245,Paper & Paper Products,Basic Materials,MERC
2020Q4,2020,Q4,2021-02-16,2020-12-31,-12977000.0,398195000.0,15616000.0,-0.197219006836267,33157000.0,0.08326824796895993,2129126000.0,601027000.0,874852000.0,211796000.0,1528099000.0,271696000.0,217106000.0,674449446.5,1509907446.5,9.134156432286433,4.130635139473833,0.5619939825073763,1.9908523244380036,0.009672462084558213,9.134156432286433,-0.02159137609458477,1.6937667386581952,-12.99316957887031,1.1221616441524258,-0.6598597518686907,1.343553088746246,0.012696281455099392,0.18702275018012085,2.77697879091201,-0.006094989211535625,-1137.3515118043845,0.08326824796895993,-2.792900062147882,-1.5800559051331704,0.6237084045895505,0.5219403924274635,0.138476857574509,-2.719946984758118,0.13686662783925452,-1.3081546981816672,0.16815565376919497,0.08124394495178737,Paper & Paper Products,Basic Materials,MERC
2020Q3,2020,Q3,2020-10-29,2020-09-30,7545000.0,333151000.0,13736000.0,0.11,29124000.0,0.08741981864079651,2044735000.0,550707000.0,834480000.0,200716000.0,1494028000.0,269864000.0,234365000.0,434279643.59999996,1262554643.6,8.36941416334901,4.157516092389247,0.5740866175812513,2.1315418180629626,0.010123658027471139,8.36941416334901,0.013700570357740142,1.30355197372963,14.389650218687873,0.788585660977616,0.5675281643472498,1.126593395191652,0.009860006249668941,0.1629311377757998,2.7312172422726637,0.0036899647142539255,31.426271336565595,0.08741981864079651,1.846153846153846,-0.6890903115312402,0.20410618222586185,0.37212157858037714,0.09148146760109432,1.8970395910117703,0.3316529326223946,-0.647625573692476,0.07682343185502315,0.09194843316122628,Paper & Paper Products,Basic Materials,MERC
2020Q2,2020,Q2,2020-07-31,2020-06-30,-8411000.0,341195000.0,10315000.0,-0.13,26683000.0,0.07820454578759947,1973609000.0,494260000.0,783636000.0,196954000.0,1479349000.0,261453000.0,231101000.0,536755775.04,1396170775.04,7.513960328977255,3.978776770210303,0.589148610489717,2.3525047545826085,0.006755845661019388,7.513960328977255,-0.017017359284587058,1.5731642463693782,-15.953982137676853,1.0859785842269252,0.0,1.2029389603485139,0.0,0.17287872116513453,2.602221838601907,-0.004261735733876366,12.637873776605764,0.07820454578759947,-1.5999999999999999,-1.501715936704502,0.2513168178056544,0.24076767279972403,-0.3590747501921599,-1.4796580188679245,-0.5713157676003657,-2.9469858130896243,0.18962025378929623,0.09601419764816964,Paper & Paper Products,Basic Materials,MERC
2020Q1,2020,Q1,2020-04-30,2020-03-31,-3392000.0,350599000.0,24062000.0,-0.05,41632000.0,0.11874534724856603,1951989000.0,462768000.0,788553000.0,185143000.0,1489221000.0,269812000.0,243794000.0,475627890.40000004,1372528890.4,7.044246957810445,4.259156435836084,0.6062672484322401,2.557279241434153,-0.024694924388899937,7.044246957810445,-0.007329806728209384,1.3566150799061036,-35.05512163915094,1.0277890657953879,-2.6671580188679247,1.145119564733963,0.019021172186499683,0.1796111555956514,2.7462393933338016,-0.0017377147104824873,-5.097943047010655,0.11874534724856603,0.954954954954955,-1.24341968881133,0.33191750442031065,0.32552037103349984,1.8945231086568832,0.9533559769530122,1.363991165703567,-1.3438372638627227,0.423711439162612,0.1546439516663561,Paper & Paper Products,Basic Materials,MERC
2019Q4,2019,Q4,2020-02-13,2019-12-31,-72721000.0,331172000.0,-66106000.0,-1.11,-46541000.0,-0.1405342239078183,2065720000.0,550403000.0,844697000.0,256312000.0,1515317000.0,272599000.0,256371000.0,805827292.2,1584297292.2,8.40125044848909,3.2955811667030805,0.5468093449257402,2.0522326368133896,-0.0315180359211552,8.40125044848909,-0.13212318973552106,2.4332591287910814,-2.7702702527467995,1.4640677688893413,-0.24818140564623697,1.3855993602324292,0.0223968586999913,0.1603179520941851,2.1841544679921348,-0.03520370621381407,134.6411515789474,-0.1405342239078183,-56.50000000000001,-23.20000014042711,0.1464739843610379,0.22703279654609626,-2.267870763866187,-61.249378624689314,-4.526217528137836,-4.827586206265765,0.4537115212392436,0.4127766014604542,Paper & Paper Products,Basic Materials,MERC
2019Q3,2019,Q3,2019-10-31,2019-09-30,1207000.0,383536000.0,18747000.0,0.02,36708000.0,0.09570939885695215,1949653000.0,591387000.0,783008000.0,204057000.0,1358266000.0,269443000.0,338116000.0,822601139.5799999,1574097139.58,9.0152962634922,3.8372023503236843,0.5213209735270841,1.7186630751098688,0.009508323657365645,9.0152962634922,0.0020409647151526833,2.144782079335447,170.3813462261806,1.39096926307139,7.477216238608119,1.287203601503843,0.010971295280004043,0.19672013430082175,2.4162513415369236,0.000619084524271755,41.975870775118636,0.09570939885695215,-0.8750000000000001,-0.9866369586422118,0.24365833973976558,0.21734256095283253,-0.3591704200272337,-0.8823472073301492,-0.5041787886802434,-0.9002459688810591,0.5887473596689826,0.3901006856925675,Paper & Paper Products,Basic Materials,MERC
2019Q2,2019,Q2,2019-08-01,2019-06-30,10259000.0,425753000.0,37810000.0,0.16,57282000.0,0.13454279828914886,2029777000.0,646525000.0,837892000.0,223103000.0,1383252000.0,286839000.0,345934000.0,1034036987.84,1795197987.8400002,9.8538390017211,3.7556285661779536,0.5017708841907264,1.5753188198445536,0.011028067212486621,9.8538390017211,0.015867909206913885,2.4287250773100837,25.198289010624816,1.5993766487606822,0.7998830295350424,1.284591704754235,0.007935886333371415,0.2097535837680691,2.3792777327064183,0.005054249801825521,16.267907239117097,0.13454279828914886,-0.7948717948717948,16.50227147169422,0.4542727692241129,0.4577492910266265,-0.4829257724700084,-0.8012438003719777,-0.5958397468787412,3.38275115156405,0.9224470391720118,0.5912135415958012,Paper & Paper Products,Basic Materials,MERC
2019Q1,2019,Q1,2019-05-02,2019-03-31,51616000.0,483950000.0,93552000.0,0.78,110781000.0,0.2289100113648104,2013395000.0,620682000.0,843751000.0,212256000.0,1392713000.0,282308000.0,345400000.0,911679094.68,1721968094.6799998,9.490518243194954,3.9751573571536256,0.5182902510436352,1.6812522354442372,0.03735580883623464,9.490518243194954,0.08316013675279772,1.883829103585081,4.4156806740158085,1.468834434831363,0.0,1.3218506028876262,0.0,0.24036515437854966,2.5526109980401026,0.02563630087489042,40.55331589697967,0.2289100113648104,0.14705882352941171,1.0769284216060884,0.34038613223214514,0.41733979378154545,0.020308355437665782,0.14679286364949232,0.02807784872028748,4.812816538252481,0.8827282664152171,0.3999771104413235,Paper & Paper Products,Basic Materials,MERC
2018Q4,2018,Q4,2019-02-14,2018-12-31,45009000.0,412225000.0,90997000.0,0.68,108576000.0,0.26339013888046575,1975735000.0,581429000.0,810699000.0,195388000.0,1394306000.0,303813000.0,301990000.0,681005741.4,1520496741.4,8.913461944566214,4.149174974921694,0.5466229023629181,1.8574615301266362,0.03680109060760061,8.913461944566214,0.07741099945135176,1.6520243590272303,3.782608708258348,1.1712620825586615,0.3621497922637695,0.9994601942642349,0.023935187339963887,0.20864387177430171,2.5241212356951297,0.022780889137460236,14.119668706848293,0.26339013888046575,0.07936507936507943,4.996336054489409,0.31175989415681155,0.3560357925554097,0.39464625186250835,0.09308820672236254,0.4365074353550343,1.0294117672963814,0.6955938215891494,0.4851681017690461,Paper & Paper Products,Basic Materials,MERC
2018Q3,2018,Q3,2018-10-25,2018-09-30,41176000.0,331058000.0,63346000.0,0.63,77852000.0,0.23516121042234292,1541296000.0,569942000.0,678034000.0,174739000.0,971354000.0,229784000.0,265131000.0,1088347867.7,1578920867.7,8.745394448297498,3.8802671412792793,0.47541679210223087,1.285671173558011,0.03793101437726872,8.745394448297498,0.0722459478332883,3.2874839686701427,6.6079018584855245,1.9095765318225364,0.19793083349523993,1.1019305086516031,0.007488414542698883,0.21479196727948427,2.4941941982041786,0.026715179952455596,-67.44007111785848,0.23516121042234292,1.423076923076923,12.705558421796175,0.028608756489490305,0.33036222405016213,0.4831212375219081,1.4575350641599523,0.6903084640836802,0.7131423227551308,0.20809762253436415,0.43376157536268317,Paper & Paper Products,Basic Materials,MERC
2018Q2,2018,Q2,2018-07-26,2018-06-30,16755000.0,346532000.0,37476000.0,0.26,52492000.0,0.15147807417496797,1522389000.0,538502000.0,661563000.0,188471000.0,983887000.0,189233000.0,232105000.0,1139964035.0,1607414035.0,8.266738871283778,3.510158061452425,0.4840628774905757,1.3684851681145103,0.018963653510104515,8.266738871283778,0.031114090569765756,3.289635690210428,17.009311175768424,2.1169169938087506,0.4862429125634139,1.5538516009364116,0.0071467166944437855,0.22762382019313065,2.442227186145349,0.01100572849646181,20.02149805925848,0.15147807417496797,-0.3333333333333333,2.098352660579072,0.07136404548952001,0.27037496680385187,-0.41939408687188223,-0.3467581582127958,-0.5072059751735746,0.009225374752661712,0.283339123523046,0.36507273154074676,Paper & Paper Products,Basic Materials,MERC
2018Q1,2018,Q1,2018-05-03,2018-03-31,25649000.0,367903000.0,76048000.0,0.39,90409000.0,0.2457414046637293,1507180000.0,584494000.0,627642000.0,151491000.0,922686000.0,185469000.0,223501000.0,809875923.75,1308078923.75,8.985265627239855,4.143097609758995,0.47225215302750834,1.2177524491269371,0.04182702796721183,8.985265627239855,0.043882400845859836,2.201330034683055,7.89383527379235,1.3856017747829745,0.3168544582634801,1.4961745628649532,0.010034870480368444,0.24410024018365425,2.8147612729469076,0.017017874441009037,13.492085492120081,0.2457414046637293,-0.390625,41.30407976930456,0.2391944053109477,0.3368129911801894,0.12087925711947829,-0.38518145644565893,0.14716707898388945,0.8588738036216874,0.4114958091179109,0.6907630722469081,Paper & Paper Products,Basic Materials,MERC
2017Q4,2017,Q4,2018-02-16,2017-12-31,41718000.0,337686000.0,66292000.0,0.64,80659000.0,0.23885799233607552,1724710000.0,550666000.0,852339000.0,430466000.0,1174044000.0,176601000.0,205998000.0,932136562.5,1775222562.5,8.447822043242725,1.9800379124019087,0.5719135390877307,1.7912582218622541,0.033181629968247216,8.447822043242725,0.07575917162127314,2.7603648433752066,5.5859375,1.692743990912822,0.17922719209933363,1.4554107847633933,0.008021356849200946,0.1957929159105009,0.8115065998243763,0.024188414284140522,42.32175085130533,0.23885799233607552,1.0,6.077895593341874,0.06414259034167041,0.21576560840917527,0.5043830199940317,0.9731353166532658,0.6055608031194749,11.799999999999999,0.17494355714838483,0.23383474519654285,Paper & Paper Products,Basic Materials,MERC
2017Q3,2017,Q3,2017-10-26,2017-09-30,21143000.0,305498000.0,41289000.0,0.32,53616000.0,0.1755036039515807,1385882000.0,498001000.0,513605000.0,143316000.0,887881000.0,164374000.0,172407000.0,769937788.05,1309428788.05,7.664660627900974,3.583724078260627,0.5027181246311013,1.3990092389372712,0.02571175902444691,7.664660627900974,0.04245573804068666,2.5202711246882137,9.103932602397956,1.5460567108298977,0.35363950243579434,1.5323712995972598,0.00971117422218851,0.2204357946780462,2.3603714867844485,0.015255988605090476,40.414560288173845,0.1755036039515807,11.666666666666666,2.4513659824950293,-0.08780586193992809,0.09036500746381658,0.6889056889056889,11.048954372623575,1.233407259155082,-0.763669846067673,0.0001331189246439322,0.0349651664125137,Paper & Paper Products,Basic Materials,MERC
2017Q2,2017,Q2,2017-07-27,2017-06-30,-2104000.0,283177000.0,18487000.0,-0.03,31746000.0,0.11210656232674264,1328382000.0,445249000.0,474478000.0,142679000.0,883133000.0,145064000.0,158741000.0,746875262.5,1299188262.5,6.855714410543889,3.325492889633373,0.523119102788204,1.5607042351583047,-0.005865571048042943,6.855714410543889,-0.004725445761809684,2.637485609707003,-88.74468423241444,1.6774327679568062,-3.5513307984790874,1.7332418794463134,0.010004347948262646,0.21317437303426273,2.24487135457916,-0.001583881744859536,-195.3636574679571,0.11210656232674264,-1.2,-1.942775294753301,-0.05795656271954491,-0.01268960441807965,-0.3739943208707998,-1.2163273699362533,-0.5489435416971649,-4.626308494040255,-0.022817326949591422,0.014215152054525672,Paper & Paper Products,Basic Materials,MERC
2017Q1,2017,Q1,2017-04-28,2017-03-31,9726000.0,242784000.0,40986000.0,0.15,50712000.0,0.20887702649268486,1201990000.0,395136000.0,452978000.0,98792000.0,806854000.0,125492000.0,168322000.0,757784944.8,1239281944.8,6.100795788731537,4.585168839582153,0.5533124235642559,1.6831571914480077,0.021321223771532855,6.100795788731537,0.024614310009718175,3.121230990510083,19.478329858112275,1.9177825983965013,0.7649599012954966,1.530551748318618,0.0098180889592147,0.2019850414728908,3.2221434934002753,0.008091581460744266,16.8467785242658,0.20887702649268486,-0.46428571428571436,4.3529578626933185,-0.27284062648680774,-0.1677851980475735,-0.014267387163239125,-0.47395748823624856,0.04971187091817134,-0.6048240003974134,-0.32100182706967806,-0.08889057230312802,Paper & Paper Products,Basic Materials,MERC
2016Q4,2016,Q4,2017-02-10,2016-12-31,18489000.0,221694000.0,39045000.0,0.28,51446000.0,0.23205860330004421,1158708000.0,379128000.0,401851000.0,93170000.0,779580000.0,133451000.0,166068000.0,678992581.8000001,1186435581.8000002,5.946623436291569,4.313094343672856,0.5558018068400322,1.6986664134540315,0.028863321968668917,5.946623436291569,0.048767170981831996,3.062746767165553,9.181034423170534,1.7909323020193708,0.4024014278760344,1.2757341645997406,0.010957409844267609,0.1913286177363063,2.7955457765375122,0.015956565415963297,44.222520633059794,0.23205860330004421,0.5555555555555558,3.9077939557497285,-0.24380901966960444,-0.154105925229113,0.28956735348673984,0.550310246520208,0.3093122296368331,2.679619517661139,-0.27821340135462386,-0.09531961042633368,Paper & Paper Products,Basic Materials,MERC
2016Q3,2016,Q3,2016-10-27,2016-09-30,11926000.0,237941000.0,29821000.0,0.18,39894000.0,0.16766341235852586,1233411000.0,419318000.0,429364000.0,119218000.0,814093000.0,143623000.0,155019000.0,547637488.86,1053433488.86,6.485354878449437,3.601503128722173,0.5247212810652735,1.543451509355668,0.019169865902583457,6.485354878449437,0.028441421546415848,2.3015684092274977,11.479907111772599,1.3060195099184868,0.6238470568505786,1.378936521309261,0.01358562945624416,0.1929129868308293,2.282885134795081,0.009669120836444623,19.794603081761007,0.16766341235852586,3.571428571428571,-0.11270837318897206,-0.27037448945673126,-0.13353194758699707,0.4741159516683294,3.812072624381042,0.7774929963640699,4.417309281602836,-0.25482734067278956,-0.013438308488396986,Paper & Paper Products,Basic Materials,MERC
2016Q2,2016,Q2,2016-07-28,2016-06-30,-4241000.0,218145000.0,16777000.0,-0.07,27063000.0,0.12405968507185587,1180269000.0,400220000.0,385764000.0,104528000.0,780049000.0,134847000.0,150533000.0,515732716.8,1031554716.8,6.192656575709412,3.6905326802387877,0.532482849248773,1.5703188246464446,-0.018824438584570644,6.192656575709412,-0.010596671830493228,2.364173906346696,-30.401598490921955,1.2886230493228725,-1.7531242631454846,1.4170281875013904,0.014416382280597637,0.18482650988884738,2.2772367212612887,-0.0035932486577212484,-196.99492620320856,0.12405968507185587,-1.5,-1.1151906310378674,-0.631423515648548,-0.4615091673198543,-0.32120193634151845,-1.4836355342684457,-0.4029537366548043,0.7197814016691872,-0.32021700660180863,-0.04835558322494837,Paper & Paper Products,Basic Materials,MERC
2016Q1,2016,Q1,2016-04-28,2016-03-31,8769000.0,253843000.0,28100000.0,0.14,39869000.0,0.1570616483416915,1238464000.0,437825000.0,415994000.0,123080000.0,800639000.0,133688000.0,162214000.0,610328108.25,1108729108.25,6.779052437652497,3.3798667533311666,0.5072977494703116,1.434979729343916,0.015265574006886783,6.779052437652497,0.020028550219836693,2.4043527229429213,17.400162739479985,1.3940001330440244,0.8459345421370738,1.600547543534199,0.012154118251688764,0.20496599012970906,2.171051348716282,0.007080544933078394,10.896770366898767,0.1570616483416915,-0.5757575757575757,-0.8541096320063769,-0.4525769928112827,-0.23119620558330542,-0.27349757644229017,-0.5958241150442478,-0.3638504029702074,14.878617801967868,-0.13883002341933484,0.00857623385914374,Paper & Paper Products,Basic Materials,MERC
2015Q4,2015,Q4,2016-02-12,2015-12-31,21696000.0,237828000.0,44172000.0,0.33,54878000.0,0.23074658997258524,1182817000.0,382976000.0,388811000.0,104421000.0,799841000.0,141001000.0,160880000.0,577496473.25,1128209473.25,6.001651889741649,3.7234943162773773,0.5498246981570268,1.6981272977941178,0.031202616229451707,6.001651889741649,0.056651069518716575,2.428210611240056,6.654411795377029,1.5079181809042865,0.0,1.2975085283083099,0.0,0.20106914256389619,2.239808084580688,0.018342651483703735,-286.5987460297767,0.23074658997258524,-0.10810810810810806,-0.565783023961013,-0.2941308424728281,0.10489651638863437,-0.02865638883480539,-0.08686868686868687,0.0031795058139534884,3.6976320215290945,-0.23441661088251128,-0.13627418714054648,Paper & Paper Products,Basic Materials,MERC
2015Q3,2015,Q3,2015-10-29,2015-09-30,23760000.0,270893000.0,44032000.0,0.37,56497000.0,0.20855836068115455,1272417000.0,392961000.0,453070000.0,136114000.0,879456000.0,139829000.0,146602000.0,646171676.88,1192322676.88,6.09961558363375,3.32860690303716,0.5371187275869468,1.739203127027873,0.03164374706578609,6.09961558363375,0.06046401551298984,2.385339144533081,6.798944411616161,1.6443659215036603,0.0,1.5332727831851762,0.0,0.21289640110121133,2.0328033853975342,0.01867312366936311,10.545953728946337,0.20855836068115455,0.48,-0.7855935126946985,-0.5189072227366894,-0.1471759055651878,0.2485524861878453,0.4477211796246649,0.3124683299055113,2.6449286542427255,-0.18423139357353585,-0.1322763375634806,Paper & Paper Products,Basic Materials,MERC
2015Q2,2015,Q2,2015-07-30,2015-06-30,16412000.0,266936000.0,33549000.0,0.25,45250000.0,0.16951628854856596,1267848000.0,389975000.0,417367000.0,111798000.0,877873000.0,141196000.0,130260000.0,880936158.24,1486183158.24,6.055896275909911,3.733224207946475,0.5490516213300017,1.7850221168023592,0.022420828172631264,6.055896275909911,0.042084749022373226,3.3001774142116465,13.419086007799173,2.2589554669914738,0.0,1.5700586418878721,0.0,0.21054258870148473,2.179233975563069,0.012944769404534297,-384.6882787074236,0.16951628854856596,0.19047619047619052,-0.38482582225609796,-0.4834836768774633,0.3812968023200065,-0.18166199475540284,0.20375531758838197,-0.23632514625207712,6.416787949301903,-0.10440430673395536,-0.12787362633191252,Paper & Paper Products,Basic Materials,MERC
2015Q1,2015,Q1,2015-04-30,2015-03-31,13634000.0,257547000.0,43931000.0,0.21,55295000.0,0.21469867635810164,1233652000.0,341586000.0,402847000.0,131191000.0,892066000.0,136484000.0,113848000.0,987286302.7199999,1585391302.7199998,5.314325688045134,3.0706908248279228,0.5657576042514421,2.0432570421504392,0.024835658009667513,5.314325688045134,0.03991381379798938,3.8334218714254096,18.103386803579287,2.890300839964167,0.0,1.4818733331379503,0.0,0.20876795076731525,1.7946581701488669,0.01105173906417693,19.01992569006704,0.21469867635810164,3.1999999999999993,1.752392120641179,-0.4050038531814973,0.15178350634276927,-0.15737100362683246,3.253978159126365,-0.16078933292580425,6.561205891227195,-0.22272579590758668,-0.2750682610691476,Paper & Paper Products,Basic Materials,MERC
2014Q4,2014,Q4,2015-02-13,2014-12-31,3205000.0,282625000.0,52348000.0,0.05,65622000.0,0.232187527642636,1326807000.0,438880000.0,377835000.0,115503000.0,887927000.0,146576000.0,100214000.0,787789000.0,1440438000.0,6.846801872074883,3.2712137347081893,0.5319696082399324,1.608232318629238,0.01564299599677043,6.846801872074883,0.007302679547940212,2.7874002653693055,61.449999999999996,1.794998632883704,0.0,1.4804811155987339,0.0,0.21301138748891135,1.681861077201458,0.002415573629020649,60.09986267927983,0.232187527642636,-0.9635036496350364,-0.697016581574674,-0.27968822043359876,0.4077860787618421,0.10353989741864962,-0.9637184871571369,0.08637363549578715,1.5013437822201967,-0.04116137360399347,-0.026057527138432953,Paper & Paper Products,Basic Materials,MERC
2014Q3,2014,Q3,2014-10-31,2014-09-30,88337000.0,301610000.0,48186000.0,1.37,59465000.0,0.1971585822751235,1547916000.0,475116000.0,554130000.0,144721000.0,1072800000.0,154204000.0,97009000.0,625514058.0,1254214058.0,7.405718449896133,3.828953641834979,0.5611564193405844,1.828233526128356,0.05176505432524416,7.405718449896133,0.1859272261931823,2.0739168396273335,1.770249323612982,1.3165501856388755,0.0,1.5702900054473294,0.0,0.19484907449758257,2.620552649580918,0.057068342209784,23.787422345603893,0.1971585822751235,136.0,3.4282794067890188,-0.2511012555534133,0.5413849309525016,0.700992591321262,153.70577933450087,1.188184006175923,5.623560773528351,-0.06791876323097609,-0.010567877584715534,Paper & Paper Products,Basic Materials,MERC
2014Q2,2014,Q2,2014-08-01,2014-06-30,571000.0,285192000.0,22021000.0,0.01,34959000.0,0.1225805772952958,1608828000.0,432044000.0,557960000.0,179150000.0,1183215000.0,165072000.0,32427000.0,671111458.5,1394289458.5,6.7596253089456075,3.1144850683784537,0.5993188830627015,2.2317194545000048,0.00587265906478942,6.7596253089456075,0.0013216246493412708,2.3531917392493478,293.83163682136603,1.553340535917638,0.0,1.5159021517883104,0.0,0.17726692971529587,2.097527211833659,0.00035491674684925924,46.530642619427304,0.1225805772952958,-0.9729729729729729,1.0198986720363081,-0.28214670292620864,0.45492287379277,-0.2963022605124902,-0.9728625065348605,-0.43885533725760006,-0.9843180007121498,-0.5127676278859877,-0.41220763387756243,Paper & Paper Products,Basic Materials,MERC
2014Q1,2014,Q1,2014-05-02,2014-03-31,21041000.0,305685000.0,39243000.0,0.37,49679000.0,0.16251697008358276,1546673000.0,370765000.0,495120000.0,184826000.0,1184533000.0,149889000.0,31856000.0,415282897.5,1211666897.5,6.696007749753287,2.678843885600511,0.6261782548735253,2.612147856458943,0.026738212719550576,6.696007749753287,0.056750232627135785,1.358532140929388,4.934210559146429,1.1200703882513183,0.0,1.7079705648846812,0.0,0.19764035448992773,1.7376938309545193,0.013604039121391529,8.083680094602222,0.16251697008358276,3.055555555555556,1.264115344074302,0.08180209880768499,0.5841145828234876,1.1997791685755836,3.2308262822355585,5.209714902144942,-0.591688411106008,-0.2310806979151007,-0.24061419899023828,Paper & Paper Products,Basic Materials,MERC
2013Q4,2013,Q4,2013-12-31,2013-12-31,-9431931.194084,263174156.22006,6319613.801665,-0.18,22583630.534226984,0.08581249336406378,1548559000.0,359078000.0,471773000.0,165499000.0,1200242000.0,170908000.0,10815000.0,544638946.6600001,1397829946.66,6.573176013126509,2.850609369240902,0.6463550952853588,2.7874695748556024,0.009642458862299615,6.573176013126509,-0.026267081787477928,2.0695001153706976,-14.436040071030588,1.5167705809322767,0.0,1.4077195080735425,0.0,0.16994777481520562,1.7137324092592705,-0.0060907793594457815,-17.750926942872674,0.08581249336406378,-2.334815473543797,0.9241622490994262,-0.3296671880741386,0.022613381029896875,-0.2540204555382234,-2.148523085585421,-0.5350202343129743,-1.2205032381457115,-0.08758654103939716,0.2101133841045629,Paper & Paper Products,Basic Materials,MERC
2013Q3,2013,Q3,2013-11-01,2013-09-30,-2995668.425385,274091516.320995,13591158.729945,-0.053976,30273793.298877984,0.11045140581229679,1587547735.031778,364840028.607284,500229398.032575,199338793.906109,1233096738.499737,165441861.092744,17871456.137747,393495000.0,1203925863.481183,6.573694209140252,2.509443286128184,0.6245337803149047,2.717566907815899,0.021567975948579197,6.573694209140252,-0.008210909413696916,1.435633635370052,-32.83866437499908,1.0785411937996539,0.0,1.4737365828194884,0.0,0.17265088177994753,1.5669153285857405,-0.0018869784884452847,-135.75760691339136,0.11045140581229679,0.7695106328465283,0.9187124069681373,-0.2848657201802936,-0.3255997660054415,1.730538427745655,0.7676732339332086,13.421769614966603,-1.0313790093936936,-0.4349581055348537,-0.08089210965298306,Paper & Paper Products,Basic Materials,MERC
2013Q2,2013,Q2,2013-08-02,2013-06-30,-12894202.74771,273399771.024147,-1094140.29975,-0.23418,11087114.904246986,0.04055275855833749,1525420222.731057,358300374.68776,463536896.336386,183607410.491257,1187372502.081599,140755099.916736,20118651.124063,363403332.59999996,1148685129.01965,6.507321922504615,2.5246088657105625,0.6294521359932933,2.679815834192679,-0.0008778171142133693,6.507321922504615,-0.03598713163207441,1.3292013056144945,-7.045866652448522,1.0142421227348337,0.0,1.8636103151862464,0.0,0.1792291507284871,1.6400785102885385,-0.008452885674102765,37.849097231660735,0.04055275855833749,-17.286740590348273,-7.2138976459800705,-0.3272192016986237,-0.44986955007388496,-0.5305695230478528,-22.69135303914933,-1.0894839000072014,-1.5652550518195372,-0.38128817352784056,0.4842630312177788,Paper & Paper Products,Basic Materials,MERC
2013Q1,2013,Q1,2013-04-11,2013-03-31,-544257.760475,253908411.023461,12227230.816515,-0.012806,23618225.591640025,0.09301868140735879,1518235836.492163,373931974.182973,455735836.492163,196629443.704538,1165013830.550149,144590718.164123,32495389.816617,374966298.68,1164421784.798225,6.721408070179899,2.317739540457466,0.6133253483585813,2.4902190440964938,0.0022745397809232964,6.721408070179899,-0.0014554993904016427,1.476777776555631,-172.23746077260745,1.002766076635428,0.0,1.592703794239556,0.0,0.16723911063126304,1.5034648048767851,-0.00035848038057940376,27.74601376985113,0.09301868140735879,0.8969999195688892,-1.0783785853879224,-0.4142268081557468,-0.42669849507766555,-0.05631595897645128,0.9232991761889953,0.09189758245985095,0.9652987486349601,-0.32227375779276185,0.45674303929989796,Paper & Paper Products,Basic Materials,MERC
2012Q4,2012,Q4,2013-02-14,2012-12-31,-7095852.866145,274080488.354742,11198148.079941,-0.12433,25027683.59420699,0.09131508683614754,1565322559.314413,391204009.839448,456262067.871029,180422937.551247,1196442457.74592,156452508.794668,34120665.485228,403108000.0,1227106201.391276,6.948561453631402,2.528847352024923,0.6144771515449011,2.4587042139247113,0.01340128052953363,6.948561453631402,-0.01813849727424106,1.470765038473873,-14.202239237628055,1.0304291107993435,0.0,1.5918747911380433,0.0,0.17509521390580673,1.5710170423309568,-0.004533156967502515,-12.30185192987877,0.09131508683614754,0.4304157007907203,-1.4215647378868033,-0.31186842660228264,-0.363637598613,0.1319285865275338,0.43098011010272785,0.20893120406691534,-1.7637391680382801,-0.20468770612038373,0.42870909142855534,Paper & Paper Products,Basic Materials,MERC
2012Q3,2012,Q3,2012-10-31,2012-09-30,-12470307.263646,286687382.031561,9262849.732284,-0.218282,22110656.000822008,0.07712462210278886,1567441352.833169,390972124.138108,484577753.238916,201479179.774271,1196639745.252372,145548978.569869,39754240.443754,407132573.28000003,1176395936.616372,7.029444796407155,2.405100883286387,0.5941310960000457,2.3819233939696485,0.008740842032866895,7.029444796407155,-0.03189564292118421,1.4201272842736392,-8.162039729102972,1.0413340188319498,0.0,1.8177848352520878,0.0,0.18290150474425734,1.5600902405139112,-0.00795583658750981,4284.850262127923,0.07712462210278886,-6.747288046340179,-1.543636308900383,-0.3004956802485311,-0.3270534338990765,-0.3512263718985982,-7.501763039263136,-0.6000966126457247,0.6045961853049605,-0.178904571087268,0.4630694314737862,Paper & Paper Products,Basic Materials,MERC
2012Q2,2012,Q2,2012-07-16,2012-06-30,1917988.580688,258342300.826697,23162718.859588,0.03798,34080694.780285,0.131920690770449,1551728721.720746,387576751.193204,481198647.913001,178176708.149236,1184756105.280482,149666409.246857,51491979.895935,318709360.0,1094518649.901125,6.943828851820338,2.7006821088532065,0.6067504558638159,2.4292275178593017,0.01000030729761767,6.943828851820338,0.004948667779435247,1.2336708273485528,41.54213471459721,0.8223128942043427,0.0,1.4984097445440752,0.0,0.16648676873120938,1.7408767940883916,0.0012360334340922041,34.386741752549085,0.131920690770449,0.4235382308845578,-0.7172934209436564,-0.3188118683646453,-0.27328982495198206,-0.02863346533798613,0.2257304175116754,0.0689816498622781,1.0765386236009369,-0.2553700010716372,0.49457032993319267,Paper & Paper Products,Basic Materials,MERC
2012Q1,2012,Q1,2012-03-31,2012-03-31,1564771.954164,287541853.981297,21668022.891293,0.02668,35085308.75231701,0.12201809324982343,1618397075.890773,408904392.833798,501057855.20857,183506529.888078,1233375131.731654,144576657.817857,52236436.642077,445674210.0,1262425140.459027,7.330794615066566,2.7304633547055186,0.6070372626419908,2.4025844379124863,0.011349121948489034,7.330794615066566,0.0038267428317895627,1.5499455255963837,71.20433888369813,1.0899227736620267,0.0,1.7461777650651882,0.0,0.17767076959344646,1.8406391299923006,0.000966865287557902,12.073242195804525,0.12201809324982343,1.6191691807844046,-0.29753184214783623,-0.17272407877994292,-0.12495841978489382,2.4618641525426526,1.2816835510997013,8.516119309632957,1.0194980135809306,0.010152210530886451,0.7342899063757378,Paper & Paper Products,Basic Materials,MERC
2011Q4,2011,Q4,2012-02-21,2011-12-31,-5555070.390355,256131044.132667,-2882873.727606,-0.04309,10134802.293310016,0.03956881653151166,1577668329.985095,391570215.799365,483735337.956062,163394465.685957,1210171732.227335,156229667.55233,49232065.323051,339770000.0,1175194794.245351,7.029985920993985,2.9605368573853528,0.6158504826453075,2.481311814005218,-0.0008364148948188911,7.029985920993985,-0.01418665201339353,1.326547514576214,-15.290985357715996,0.8677115528472505,0.0,1.574580844300646,0.0,0.16234783906392214,1.8861002482806764,-0.0035210635117505855,-21.342829032279806,0.03956881653151166,-1.2115085383871556,-1.1353250731308766,0.010391272474088173,0.00785187423088983,-0.8306426946161383,-1.4846074913519816,-1.0601184543620739,0.9561940878457859,-0.3601652851387362,0.09368099331343314,Paper & Paper Products,Basic Materials,MERC
2011Q3,2011,Q3,2011-11-07,2011-09-30,11463030.368881,278125169.772369,47953224.316836,0.203727,59842722.87716603,0.215164714959614,1671423914.815016,412726136.795784,550016298.147444,184997555.277883,1282233661.107187,173902591.405444,54036507.850274,374964104.0,1212702464.406367,7.484817080547345,2.973100359738646,0.605026994172119,2.4501879018829684,0.023600394446744014,7.484817080547345,0.027773938568259084,1.3481847195163552,8.17768277527043,0.9085058361242856,0.0,1.2551995064081012,0.0,0.16640013781491836,1.7771602672344204,0.006858242404740072,-17.48962735762971,0.215164714959614,-0.45875154754756886,-0.17946701710066157,-0.235394590808877,0.014958710636392123,-0.7782431663086501,-0.44948284590805043,-0.08525890760115933,1.3130705145334363,-0.2696273562686816,-0.23212698523319739,Paper & Paper Products,Basic Materials,MERC
2011Q2,2011,Q2,2011-08-04,2011-06-30,20822294.607311,334730365.544698,52422728.917843,0.376402,269857401.375317,0.8061933698073226,1780609482.446616,420337314.51321,573236337.314513,227929062.613102,1384147665.58089,151018458.197611,47021353.601158,368434080.0,1255142730.018097,11.500022284293452,2.5149769438904443,0.6213953995102268,2.632320525713974,0.027658934710133646,11.500022284293452,0.04953710719550361,1.1006891454274152,4.423552818605275,0.8765200406408867,0.0,0.42956976877947783,0.0,0.18798639951347865,1.6261861510905575,0.011693914253843286,9.687153499799479,0.8061933698073226,-0.4873262380242824,-0.20441390803515752,0.4132496287324926,0.5576994217266312,3.0923518991538983,-0.49238982622882194,0.013233325601776725,14.116244028173268,0.24084135691640704,-0.027785545457741354,Paper & Paper Products,Basic Materials,MERC
2011Q1,2011,Q1,2011-05-09,2011-03-31,41020246.802022,316458645.130319,51738062.293508,0.734194,65941885.748171,0.20837441720391572,1704581650.806201,388651060.345071,516534888.317849,218649930.816367,1341285686.047497,136119504.136899,25551351.198712,597235585.85,1510997481.1991658,8.817662564732641,2.362383040274824,0.6381432086985116,2.798827316123313,0.03383356218632212,8.817662564732641,0.10554518175146986,1.8872468647650813,3.6398829383722813,1.5366884251383062,0.0,1.8404178076508173,0.0,0.18565179613463886,1.525445399422706,0.024064700439912056,6.336100599672261,0.20837441720391572,-0.11406265083502268,0.538085664273117,0.23740995303263895,0.4877108192703747,-0.1060879494139413,-0.09364504351498248,-0.18140697331610695,6.456190874132439,-0.07850002780720897,-0.2478987787266943,Paper & Paper Products,Basic Materials,MERC
2010Q4,2010,Q4,2010-12-31,2010-12-31,45258479.041263,305186879.674601,63203644.066085,0.82872,73767755.68126503,0.24171339134866585,1617336081.925788,313961963.026998,474637584.785211,166507514.297114,1333304960.766059,135947599.414816,-14571086.580662,447950000.0,1429665653.677351,5.431867872439412,2.8505475370815603,0.6884230002261374,3.546325634986533,0.04378575630405776,5.431867872439412,0.14415274578140908,1.4677891804445102,2.474398220450557,1.4267651905383207,0.0,1.7022670866530594,0.0,0.18869725537268056,1.763069402621466,0.027983348388155048,14.374119402620794,0.24171339134866585,-0.25841677099170385,1.7582319387100493,0.10375626579906193,0.00506107012435946,-0.068951395579505,-0.28016111952101624,-0.09790570222691768,1.6190282711766941,-0.25365473685497475,-0.5025392656611019,Paper & Paper Products,Basic Materials,MERC
2010Q3,2010,Q3,2010-11-04,2010-09-30,62873068.222083,319466325.056556,70063234.211889,1.117501,79230832.12952098,0.2480099651050687,1614662432.88179,261424405.135054,424401046.635231,183523671.94527,1388632832.729156,153158984.981875,-63022976.914061,178735979.25,1190088155.651646,7.152255222896954,2.312513923336249,0.6982031672669049,4.312384010676231,0.05803385037085342,7.152255222896954,0.24050190795921392,0.5594830040955268,0.7107016736429219,0.6837004340037172,0.0,1.5685367264314576,0.0,0.19785332125823,1.3889623215956464,0.03893883138772819,4.353205724634769,0.2480099651050687,2.9874435781698816,9.392520570579034,0.5905957476993692,0.08315395174605339,0.12413186231791254,3.1608474823399875,0.20070779846753833,3.1707830450281276,0.18611979036349077,-0.31529648051494286,Paper & Paper Products,Basic Materials,MERC
2010Q2,2010,Q2,2010-08-05,2010-06-30,15110639.957109,292713359.652971,58351610.859287,0.280255,70481795.58415002,0.240787764752898,1426636447.823756,159907637.568845,346395671.881854,157055125.018278,1304609592.045621,109155822.001267,-112565189.84257,145164645.42,1141907590.294982,4.384210740036836,2.205567451820121,0.7517449428260048,6.706788688820665,0.04326417659711427,4.384210740036836,0.09449604901206435,0.49592763921708677,2.401695855239165,0.9078030769950078,0.0,2.035911232167181,0.0,0.2051772615928093,1.4527666573565448,0.010591794412766708,38.33725170459716,0.240787764752898,1.9940905430954063,1.182023427027931,0.6908239515497846,-0.33439811088984933,1.0100763701779085,2.491620010290317,1.4115363633473923,2.408424515513955,0.1811227054906381,-0.5411680468615899,Paper & Paper Products,Basic Materials,MERC
2010Q1,2010,Q1,2010-05-04,2010-03-31,-10130354.81749,241984722.576488,24196861.281532,-0.281921,35064237.67267698,0.14490269178705553,1501546537.072588,165796292.06997,306596947.200258,173205439.729356,1382257783.028367,109720898.387681,-140666407.120514,189368664.91,1257688819.5637069,4.613997039182811,1.7701346313333712,0.7550136926043839,6.83783805668016,0.018750566199603438,4.613997039182811,-0.06110121457489983,0.7825645474380856,-4.673297932838839,1.142176719067287,0.0,1.8858803376973001,0.0,0.16115699154303995,1.07800401491253,-0.006746613952598578,-34.129887443697214,0.14490269178705553,-3.4959805223550244,0.7182842675115496,0.35192163165802026,-0.6225087092889672,0.4061701994078948,-2.6910906514956414,0.6329444829335128,-8.059492288442492,0.08071327296726917,-0.4492494371651842,Paper & Paper Products,Basic Materials,MERC
2009Q4,2009,Q4,2010-02-26,2009-12-31,5990426.834026,222197236.796303,14817932.596253,0.11295,24935984.05615601,0.11222454615408117,1552855464.496533,176545933.864405,289135480.543298,145830706.630752,1429677918.505358,104058971.860852,-139313141.154221,112530000.0,1248338642.329073,4.863524348881681,1.982679006523628,0.7787560975834792,6.8497508561782725,0.012509797801227997,4.863524348881681,0.03393126481534777,0.5064419415042533,4.696242985592551,0.6373978575254413,0.0,1.8956679007354156,0.0,0.14308945157902628,1.2066140061306347,0.0038576847433564707,-5.908010001474273,0.11222454615408117,1.197778299194178,-0.9330017537266948,-0.2650236753088607,-0.6172201007303353,1.711589731202141,1.2898853801698154,21.525692028347365,-0.7760788879297053,0.3449761718526218,-0.3027422550378442,Paper & Paper Products,Basic Materials,MERC
2009Q3,2009,Q3,2009-11-06,2009-09-30,-20664811.831893,228775809.049641,-721921.218334,-0.571094,9196075.560111016,0.040196887941572536,1589762776.394787,175095914.482355,290641382.340021,187898667.44765,1472004685.898375,100247474.007907,-146410894.713721,123543420.93,1268462149.8800669,4.804587291066714,1.5467985286324393,0.7674119351650491,6.9676264708587965,-0.0005106178763640048,4.804587291066714,-0.11801995433751518,0.5400196001632012,-1.4946110075308003,0.7055756914445305,0.0,2.1903767218335166,0.0,0.1439056269567787,0.9695439384020678,-0.012998676367776076,39.32855300201761,0.040196887941572536,-0.2720404313088723,0.19903554951477612,0.7840942077416181,-0.4485948952909188,2.7772762516878267,-0.28346560485360106,0.9471490789256641,-3.2381485687863742,-0.048370209292055745,-0.3484867205700016,Paper & Paper Products,Basic Materials,MERC
2009Q2,2009,Q2,2009-07-31,2009-06-30,-16100791.290196,222913743.756664,-13659576.856165,-0.448959,-5174252.202704996,-0.023211903023589643,1550324092.26107,166618497.109827,302365452.606768,189804422.245917,1435923733.093889,97488635.725911,-120478141.309838,20441625.0,1140065341.257927,4.64603686608092,1.5930369220534448,0.7783855154120916,7.242592140385132,-0.008498156650513346,4.64603686608092,-0.09663267626032614,0.09170195007049177,-0.3174009374999972,0.12268520815264496,0.0,2.3396367613619877,0.0,0.1437852542377481,1.0272018331670199,-0.010385435774731335,0.5490529962325728,-0.023211903023589643,0.6866640704169912,-1.392566757054922,0.7026458068217013,-0.4901729296183316,0.33057112979937886,0.6915890359597133,0.1705545754181423,-1.6269956359324433,-0.04077759090406864,-0.370685659496572,Paper & Paper Products,Basic Materials,MERC
2009Q1,2009,Q1,2009-05-01,2009-03-31,-52205638.474295,185170149.253731,-16468325.041459,-1.432836,-7729353.233830988,-0.04174189665549048,1477334660.033167,153375787.728027,289958208.955224,144072968.490879,1373341293.532338,119085903.814262,-98701160.862355,23948117.82,1130013789.461791,4.226971850621111,2.01257884801326,0.7857214058575307,7.568166287508522,-0.011690671730724888,4.226971850621111,-0.3403773127924757,0.12933033707924965,-0.11468166332163321,0.15614014555195574,0.0,1.6198348948875334,0.0,0.12534069243970344,1.1250886320733018,-0.035337719940262524,-2.614555881637469,-0.04174189665549048,0.3361367353463094,-0.05475763526786733,0.340753123783545,-0.48327677713055034,0.9139008140485325,0.36303837610022416,-2.204768997713362,-3.3778179326747124,-0.12047832174902261,-0.28682780626330107,Paper & Paper Products,Basic Materials,MERC
2008Q4,2008,Q4,2009-03-02,2008-12-31,-81960414.121447,258726984.074394,13669280.229418,-2.15833,-89772663.33491099,-0.3469783550257668,1642996352.702063,231401564.718657,360415680.596932,145511874.599772,1411594787.983406,137061837.013114,-48787482.250745,69120000.0,1172422057.521508,6.427821242184916,2.476881571268663,0.7074875236182777,5.023299744322451,0.009580664270277832,6.427821242184916,-0.3541912701458879,0.2671541982653241,-0.21083348815679367,0.29870152383817106,0.0,2.542645385498231,0.0,0.15747264663667265,1.3704784409769706,-0.04988472067308934,-1.8487641027330826,-0.3469783550257668,-2.2692706763386736,-7.465849422055921,0.6412844663058502,-0.32585919038764866,-2.8836455514154933,-2.388894526419144,-0.014968636634863428,-1.204609126268298,0.5023612963742905,0.18934279108986588,Paper & Paper Products,Basic Materials,MERC
2008Q3,2008,Q3,2008-11-04,2008-09-30,-24185000.0,251527000.0,13877000.0,-0.660187,47659000.0,0.18947866431834356,1759964000.0,355027000.0,419675000.0,175853000.0,1404937000.0,183030000.0,33779000.0,133306302.42,1215661302.42,9.747467272072882,2.386510323963765,0.6756246150489442,3.349252310387661,0.006895124402492965,9.747467272072882,-0.06812157948550392,0.5299880427150963,-1.3779853464957619,0.3754821532446828,0.0,1.1138501884936896,0.0,0.14291599146346176,1.2646073709291283,-0.013741758354148153,-7.6683330890474,0.18947866431834356,-21.95100123766304,-12.403669737184666,1.26653123148425,0.16358142920424418,0.09302112239983487,-18.627551020408163,0.4173220304361148,-2.239719273244335,0.25676150615356247,0.4761788227943918,Paper & Paper Products,Basic Materials,MERC
2008Q2,2008,Q2,2008-07-31,2008-06-30,1372000.0,268688000.0,9791000.0,0.031511,43603000.0,0.16228115881617342,1963017000.0,430631000.0,464462000.0,197508000.0,1532386000.0,167528000.0,64830000.0,272314194.68,1454063194.68,11.828688856213244,2.3516110739818132,0.6688413803853965,3.0488910459302745,0.0019238900545977895,11.828688856213244,0.003186022371821815,1.0134959308938247,49.619933432944606,0.6323608720226831,0.0,1.343566448593668,0.0,0.13687502451583455,1.451688032889807,0.0006989241560312519,182.8839453861652,0.16228115881617342,-0.7514219224549363,-0.34364714959211484,1.3430858555148213,0.48338526242138535,-0.3034998322764085,-0.6970633693972179,-0.6672896561098274,1.0165579910611506,0.5549385148141812,0.7958072992461974,Paper & Paper Products,Basic Materials,MERC
2008Q1,2008,Q1,2008-05-06,2008-03-31,4529000.0,282711000.0,29428000.0,0.126765,62603000.0,0.2214381470830636,1944797000.0,425407000.0,423579000.0,173337000.0,1519390000.0,153400000.0,63595000.0,252906638.19,1436833638.19,11.724037024969004,2.4436733069108154,0.6653671308625013,3.0418023210713505,-0.010365142903648128,11.724037024969004,0.010646275214089096,0.8945765753366512,13.960401754802383,0.5945051167235142,0.0,1.4348631029986962,0.0,0.14536787129967807,1.5129891483064781,0.002328777759323981,257.80493189602447,0.2214381470830636,-0.553298329692015,1.17597701063593,1.380526238160564,0.5101170973218907,8.75653574526081,-0.590580365214247,-0.1520285846011987,1.1247265231719081,0.5641425383391021,-0.040805221304751976,Paper & Paper Products,Basic Materials,MERC
2007Q4,2007,Q4,2008-02-25,2007-12-31,11062000.0,261758000.0,34704000.0,0.28378,-8071000.0,-0.030833823608065466,1874320000.0,404010000.0,423865000.0,177450000.0,1470310000.0,151302000.0,54643000.0,289710000.0,1425056000.0,10.91918918918919,2.3886446886446886,0.6718436552989885,3.1168782950917056,0.014278518799449745,10.91918918918919,0.027380510383406352,1.1067856569808754,6.5474145724100525,0.7170862107373579,0.0,1.783380259348852,0.0,0.1396549148491186,1.4865032403493943,0.00590187374621196,15.637178172397043,-0.030833823608065466,-0.23252713253768,6.176608834241968,0.7297887189032436,0.3958509790412104,-1.135690388527429,-0.2754781241812942,0.13308084106046755,-0.8786208136731359,-0.15054659699580838,-0.14061371176124207,Paper & Paper Products,Basic Materials,MERC
2007Q3,2007,Q3,2007-11-07,2007-09-30,15268000.0,272792000.0,30628000.0,0.369759,59481000.0,0.21804525059385907,1838241000.0,386704000.0,396108000.0,179747000.0,1451537000.0,138159000.0,43080000.0,344657633.74,1475533633.74,10.445769620515355,2.20369741915025,0.6691157470647211,3.180717034217386,0.047142117704953856,10.445769620515355,0.03948239480326037,1.2634447994809233,5.643464005436207,0.8912698956824858,0.0,1.5439529817094797,0.0,0.1483983873714056,1.3723845182395256,0.008305766218901656,9.979662779129026,0.21804525059385907,2.0420571127693354,1.3392741326611053,1.1824172699726556,0.0,0.3003869613694497,2.570626753975678,1.0679224900411857,1.5825666791785369,1.0942137987751126,0.19882319592291303,Paper & Paper Products,Basic Materials,MERC
2007Q2,2007,Q2,2007-08-09,2007-06-30,4276000.0,239032000.0,14811000.0,0.121549,45741000.0,0.19135931590749355,1764253000.0,336143000.0,352028000.0,182702000.0,1428110000.0,128435000.0,26373000.0,358476333.32,1496105333.32,9.555155673114827,1.9267878840954122,0.681878392724853,3.578851857691518,0.0029575501435111103,9.555155673114827,0.0127207765742556,1.4997001795575486,20.958625661833487,1.0664399773905748,0.0,1.5049713863043563,0.0,0.13548623695127626,1.1751704962178848,0.0024236886659679763,-449.21846280701754,0.19135931590749355,2.043670965318643,-0.8881129985218484,0.824474980992536,0.0,-0.015348516812330477,1.946933149552033,-0.23394020895831177,-0.8937183586007779,0.8612202509536824,0.048523109971393065,Paper & Paper Products,Basic Materials,MERC
2007Q1,2007,Q1,2007-05-08,2007-03-31,1451000.0,226409000.0,19334000.0,0.039935,46454000.0,0.20517735602383297,1723845000.0,304394000.0,317850000.0,164742000.0,1419451000.0,110449000.0,20735000.0,434555154.28000003,1565431154.28,8.377652880523096,1.9293804858506027,0.6908585168620148,3.912471993534695,0.00015005094560997692,8.377652880523096,0.0047668482295971665,1.9193369268889489,74.87166682977258,1.4276074898979612,0.0,1.629304022671097,0.0,0.13133953458692632,1.2017093394519915,0.0008417230087391848,-13.837132758477951,0.20517735602383297,-0.9403135648950799,1.1430495519446997,0.8712106391334775,0.0,-0.1360127959529079,-0.9524433810756776,-0.6140764102359375,1.0292763144737034,0.6371378605686209,0.024120327621611704,Paper & Paper Products,Basic Materials,MERC
