Quarters,Year,Quarter,FillingDate,Date,NetIncome,Revenue,OperatingIncome,EPSDiluted,GrossProfit,GrossProfitRatio,TotalAssets,CommonStockEquity,CurrentAssets,CurrentLiability,TotalLiability,Inventory,RetainedEarnings,MarketCap,EnterpriseValue,bookValuePerShare,currentRatio,debtToAssets,debtToEquity,roic,shareholdersEquityPerShare,roe,priceToSalesRatio,peRatio,pbRatio,payoutRatio,inventoryTurnover,dividendYield,assetTurnover,quickRatio,returnOnAssets,priceToFreeCashFlowsRatio,grossProfitMargin,epsdilutedGrowth,fiveYNetIncomeGrowthPerShare,fiveYRevenueGrowthPerShare,fiveYShareholdersEquityGrowthPerShare,grossProfitGrowth,netIncomeGrowth,operatingIncomeGrowth,threeYNetIncomeGrowthPerShare,threeYRevenueGrowthPerShare,threeYShareholdersEquityGrowthPerShare,Industry,Sector,Symbol
2023Q1,2023,Q1,2023-04-28,2023-03-31,46929000.0,436825000.0,56925000.0,0.35,304118000.0,0.6962009958,2383859000.0,1194314000.0,1072177000.0,520013000.0,1189545000.0,401060000.0,-4627000.0,6882795660.0,7312725660.0,9.094269223154592,2.0618273004713346,0.23810216963335498,0.47525357653012523,0.02731963507154036,9.094269223154592,0.03929368658493495,15.756414262004235,36.6660042830659,5.7629699224826965,0.7844829423171173,0.33089063980451805,0.005348843960885511,0.18324280085357397,1.0642349325882237,0.019686147544800258,93.97975968431257,0.6962009958221256,0.16666666666666663,0.9308508271983618,0.39842022649230363,0.0372253779875832,0.0005362635916500798,0.17129236759347077,-0.05645522202516119,-0.6481533954313143,0.40426649818563093,-0.07209279617106032,Software—Application,Technology,NATI
2022Q4,2022,Q4,2023-02-21,2022-12-31,40066000.0,448276000.0,60331000.0,0.3,303955000.0,0.6780532529,2358538000.0,1156124000.0,1088919000.0,522875000.0,1202414000.0,388164000.0,-14741000.0,4828069800.0,5274329800.0,8.83603124379022,2.082560841501315,0.24848401848942014,0.5069170780988891,0.027747526100019047,8.83603124379022,0.03465545218332981,10.770306239905773,30.125728797484147,4.176083015316696,0.9153396895123047,0.37180418585958513,0.007595996230211917,0.19006520140866928,1.118963423380349,0.016987642344537167,113.59896943601328,0.6780532529066914,-0.36170212765957444,2.6505837053357806,0.28213142436388555,0.02525820474505948,0.06941307269567175,-0.3528033986463566,3.5840741584985945,-0.31657809917818847,0.2192895117288038,-0.01768961453826687,Software—Application,Technology,NATI
2022Q3,2022,Q3,2022-10-28,2022-09-30,61907000.0,427928000.0,13161000.0,0.47,284226000.0,0.6641911723,2245534000.0,1123485000.0,1047483000.0,427640000.0,1122049000.0,373544000.0,-18135000.0,4983340560.0,5447421560.0,8.508413862045984,2.449450472359929,0.2730232541569177,0.5456975393529954,0.00607368894090042,8.508413862045984,0.05510264934556314,11.64527808416369,20.12430161371089,4.4356093405786465,0.5997221638909978,0.38469899128349005,0.007450223309642718,0.19056847947971395,1.238878495931157,0.02756894351187735,244.2814,0.66419117234675,4.222222222222222,0.8346800076249751,0.31946097278134006,-0.04475828281779903,0.060382553415335716,3.97884831912498,4.866333725029377,0.1927433386278667,0.25070441888543854,-0.03810405334122238,Software—Application,Technology,NATI
2022Q2,2022,Q2,2022-07-29,2022-06-30,12434000.0,395515000.0,-3404000.0,0.09,268041000.0,0.677701225,2167856000.0,1168507000.0,932938000.0,374374000.0,999349000.0,343627000.0,21533000.0,4121516790.0,4534976790.0,8.854136831018465,2.4919946363796632,0.24186707973223315,0.4487204612381441,-0.0014069940038850394,8.854136831018465,0.010640928980314195,10.420633326169677,82.86787819687953,3.527164826569289,2.9803763873250766,0.37096619299414774,0.008991350002482945,0.18244523621495154,1.247282129635071,0.00573562081614277,-72.8376211009985,0.677701224985146,-0.5263157894736842,-0.5123565114042025,0.22467487342926848,0.012946776399687202,0.00756308522755038,-0.5072911713425265,-1.1114895846980217,-0.5663465340350315,0.18415624987009663,-0.004494379938632548,Software—Application,Technology,NATI
2022Q1,2022,Q1,2022-04-29,2022-03-31,25236000.0,385256000.0,30532000.0,0.19,266029000.0,0.6905252611,2071468000.0,1207438000.0,873478000.0,389944000.0,864030000.0,307892000.0,76264000.0,5362141950.0,5590107950.0,9.13998713144847,2.2400088217795378,0.17902714403505146,0.30713709523801636,0.015521331675199973,9.13998713144847,0.020900452031491473,13.918386605270262,53.11996701141228,4.440925289745726,1.4652084323981613,0.38723643355462306,0.006895751799334592,0.18598211509905052,1.1689422070861457,0.012182664661003694,-346.1456297204829,0.6905252611250701,-0.36666666666666664,0.3624930216233761,0.2578164530913849,0.06030961069075799,-0.10441515595280176,-0.3743554145180484,-0.341329766578936,0.08803106760566604,0.2398486986512893,0.0062672710147845785,Software—Application,Technology,NATI
2021Q4,2021,Q4,2022-02-22,2021-12-31,40336000.0,420641000.0,46354000.0,0.3,297045000.0,0.7061722466,2114985000.0,1223697000.0,931549000.0,445214000.0,891288000.0,289243000.0,112858000.0,5773829050.0,5906328050.0,9.255356805203645,2.0923623246348946,0.1624621451215966,0.28079254913593804,0.025702470942330958,9.255356805203645,0.03296240817784141,13.72626313174417,35.785830585581124,4.718348618980026,0.8854621182070607,0.4273085260490314,0.006185842997897556,0.19888604410905988,1.2407089624315497,0.0190715300581328,137.52451052782013,0.706172246642624,0.4999999999999999,0.3513610325810396,0.2502773048845896,0.07244680480788088,0.12326855664840214,0.48419619531221253,0.356173200702165,-0.2847176810262351,0.17121825468339114,-0.009223201302191055,Software—Application,Technology,NATI
2021Q3,2021,Q3,2021-11-01,2021-09-30,27177000.0,367162000.0,34180000.0,0.2,264447000.0,0.720246103899641,1838411000.0,1226472000.0,835778000.0,353327000.0,611939000.0,236733000.0,132404000.0,5218806130.0,5129675130.0,9.219445091745532,2.3654518335706016,0.07700454359770476,0.11542538272378008,0.020364227323218555,9.219445091745532,0.02215867952957752,14.213905932531144,48.00756273687309,4.255136790729833,1.3235088493947087,0.4338854321112815,0.006892189344462199,0.19971703824661624,1.443119263458496,0.014782874993676604,220.6310192779234,0.720246103899641,0.5384615384615385,0.0745930942697756,0.16046909174389357,0.07241378268158874,0.06865407463084644,0.5703802149543511,0.3923741241649014,-0.3740031474626112,0.0553980996475231,0.01950782725183228,Software—Application,Technology,NATI
2021Q2,2021,Q2,2021-08-02,2021-06-30,17306000.0,346696000.0,24548000.0,0.13,247458000.0,0.7137607587050326,1832029000.0,1235652000.0,814316000.0,330977000.0,596377000.0,211023000.0,161475000.0,5602015440.0,5494495440.0,9.32581623873568,2.4603401444813384,0.07800149451782695,0.11564825695260478,0.013846115532138945,9.32581623873568,0.014005561436391476,16.15829268292683,80.92591355599215,4.5336514164182145,2.0741361377556915,0.4702710131123148,0.006407515363791999,0.18924154584889213,1.580689896881052,0.00944635701727429,445.9138294993234,0.7137607587050326,3.3333333333333335,-0.15377099193111515,0.09656607781874085,0.09635651204737797,0.03207267024790631,2.850055617352614,1.5728959228592392,-0.44532462338196255,0.011911953281962371,0.05506037526293301,Software—Application,Technology,NATI
2021Q1,2021,Q1,2021-05-03,2021-03-31,4495000.0,335182000.0,9541000.0,0.03,239768000.0,0.7153367424265026,1825966000.0,1221509000.0,812824000.0,339435000.0,604457000.0,197179000.0,180063000.0,5678093355.0,5553767355.0,9.290242845082634,2.3946381486882613,0.07797845085834018,0.11656565772335693,0.006801590728188077,9.290242845082634,0.0036798746468507397,16.94032900036398,315.8005203003337,4.648425312461882,7.905005561735261,0.48389534382464666,0.0062579104953796585,0.1835642065624442,1.5907935245334157,0.0024617106780739618,282.36577428017307,0.7153367424265026,-0.25000000000000006,-0.5308581179151053,0.13264832032733784,0.08904907642004839,-0.07296986943292054,-0.05088682432432432,-0.2908955778520996,-0.8152781665882107,0.0717463451388929,0.05957668616772521,Software—Application,Technology,NATI
2020Q4,2020,Q4,2021-02-23,2020-12-31,4736000.0,367837000.0,13455000.0,0.04,258641000.0,0.7031402496214356,1884488000.0,1224871000.0,849506000.0,381851000.0,659617000.0,194012000.0,211101000.0,5768311380.0,5656770380.0,9.33043107322684,2.2247054479364987,0.0789025984776767,0.12139319160956541,0.002931676736185809,9.33043107322684,0.003866529618221021,15.681705157447457,304.4927882179054,4.709321536716928,7.210515202702703,0.5628311650825722,0.005920103432419073,0.19519200971298306,1.5373116739251698,0.00251314946022474,100.73893433461404,0.7031402496214356,2.0,-0.8570538510032828,0.06720532932052123,0.09838527984182519,0.19818309004405613,2.0246646473388146,7.269804287045666,1.1944606759020961,0.0485786214681698,0.08262417228967212,Software—Application,Technology,NATI
2020Q3,2020,Q3,2020-11-02,2020-09-30,-4622000.0,308124000.0,-2146000.0,-0.04,215861000.0,0.7005653568044035,1843872000.0,1239198000.0,787306000.0,330793000.0,604674000.0,209558000.0,247970000.0,4691658300.0,4636072300.0,9.429367138693797,2.3800564098998467,0.07686704933965048,0.11437478110842658,-0.0016669077068066525,9.429367138693797,-0.0037298317137374336,15.226526658098688,-253.76775746430118,3.7860441188575193,-7.408048463868456,0.44027429160423365,0.007298059195828477,0.16710704430676315,1.5260056893586018,-0.0025066815917807743,-1161.8767459138187,0.7005653568044035,-1.5,-1.1941266668893433,0.00047843240628271883,0.13848874048940116,0.0020099522810405335,-1.4244650564790156,-1.1307340846786476,-1.1376293391829906,-0.04542097805176263,0.05863736808652659,Software—Application,Technology,NATI
2020Q2,2020,Q2,2020-08-04,2020-06-30,10889000.0,301329000.0,16415000.0,0.08,215428000.0,0.7149262102220496,1849815000.0,1269639000.0,1095820000.0,334841000.0,580176000.0,209928000.0,299132000.0,5071551940.0,4737104940.0,9.690865098386432,3.2726577689112144,0.07393063630687394,0.10771408250691732,0.008045979774955489,9.690865098386432,0.008576453621856292,16.830613515459845,116.43750436220039,3.994483424028405,3.137019010010102,0.40919267558400974,0.006735413617788956,0.1628968302235629,2.449147505831126,0.005886534599405887,116.26399990830105,0.7149262102220496,-0.9207920792079208,-0.5711979837554266,-0.019303236482206845,0.11380041423704233,-0.045173300239340484,-0.9179148920131167,-0.9044673099530921,-0.5698232371056969,-0.060133518026423236,0.10867165815028751,Software—Application,Technology,NATI
2020Q1,2020,Q1,2020-05-04,2020-03-31,132655000.0,309381000.0,171826000.0,1.01,225620000.0,0.7292626244016278,1762865000.0,1280117000.0,1070494000.0,313736000.0,482748000.0,208493000.0,335876000.0,4320678040.0,4116608040.0,9.800839120148837,3.412085320141775,0.0,0.0,0.09938012751232292,9.800839120148837,0.10362724657199303,13.965557160911628,8.142697297501035,3.3752212024369648,0.25628133127285063,0.4017449027065657,0.00786844094497724,0.1754989746804208,2.540444832598108,0.07524966460846406,150.14344928241303,0.7292626244016278,1.2444444444444445,7.667140348556737,0.047574287016116955,0.12552284137363992,-0.18352133114756472,1.2638917332241109,2.2008718168439487,6.24386324017873,0.02163167550775928,0.13697358239944177,Software—Application,Technology,NATI
2019Q4,2019,Q4,2020-02-20,2019-12-31,58596000.0,367468000.0,53681000.0,0.45,276333000.0,0.7519920101886423,1651889000.0,1176350000.0,947358000.0,306123000.0,475539000.0,200410000.0,242537000.0,5537055840.0,5396520840.0,8.995152015660366,3.0946972295449866,0.0,0.0,0.04708639733220983,8.995152015660366,0.04981170569983423,15.068130667160133,23.62386442760598,4.706979929442768,0.5592873233667827,0.45474277730652163,0.005918668864282213,0.22245320357481646,2.2261345929577327,0.035472117073241605,93.1803483499655,0.7519920101886423,0.15384615384615383,0.3194053028477228,0.07874149621110157,0.028348777768054747,0.08567263983781681,0.13461389512818528,-0.17639387523397465,0.9847198501834787,0.10424884089891244,0.04229607145263059,Software—Application,Technology,NATI
2019Q3,2019,Q3,2019-10-31,2019-09-30,51644000.0,340442000.0,65178000.0,0.39,254527000.0,0.747636895565177,1628321000.0,1162161000.0,929534000.0,293091000.0,466160000.0,206727000.0,245465000.0,5516856150.0,5341233150.0,8.845461810708985,3.1714859889931795,0.0,0.0,0.04128089094371167,8.845461810708985,0.04443790490302118,16.20498102466793,26.70618150220742,4.747067015671667,0.6392998218573309,0.415596414595094,0.005984567859359538,0.20907548327387537,2.2398981886171874,0.031716105116865775,152.2059303095514,0.747636895565177,0.7727272727272728,0.2621092312596599,0.05297166799128805,0.03707737113401422,0.016217834827221368,0.7999442353269204,1.018144661877632,1.0676140453970062,0.08949703948591047,0.028911725769816227,Software—Application,Technology,NATI
2019Q2,2019,Q2,2019-08-02,2019-06-30,28692000.0,334231000.0,32296000.0,0.22,250465000.0,0.7493769279330762,1639473000.0,1174574000.0,935090000.0,285283000.0,464899000.0,206851000.0,264484000.0,5643009260.0,5505478260.0,8.894110342112038,3.277762782920819,0.0,0.0,0.022955055542713845,8.894110342112038,0.024427579701236362,16.88356035197214,49.16883852641851,4.804302887685237,1.1486477066778196,0.4049581582878497,0.005840323572320348,0.20386490048936456,2.3212669524647453,0.017500745666442816,196.0807971090031,0.7493769279330762,0.29411764705882343,0.12415574259319692,0.026934701030658495,0.06678745296506367,0.06581304601296176,0.23565891472868217,0.3802299243557417,0.4076136965970528,0.06063061034600518,0.04560453935820252,Software—Application,Technology,NATI
2019Q1,2019,Q1,2019-05-01,2019-03-31,23220000.0,311074000.0,23399000.0,0.17,234999000.0,0.7554440422536117,1671338000.0,1201253000.0,966219000.0,287956000.0,470085000.0,204710000.0,307153000.0,6006885840.0,5832361840.0,9.083061125729667,3.3554397199572157,0.0,0.0,0.016660535991193683,9.083061125729667,0.019329816449990135,19.310150767984467,64.67362015503876,5.0005168270131275,1.4259259259259258,0.37162327194567923,0.005512007533008152,0.18612273519778763,2.4138236397227355,0.013893060529946665,208.3843002844654,0.7554440422536117,-0.5952380952380952,0.18130488994797636,0.04085715881470897,0.10260696955362018,-0.13625537545484617,-0.5893245609380803,-0.6215040196696915,1.4093732337465057,0.04507020741424904,0.06476219136495065,Software—Application,Technology,NATI
2018Q4,2018,Q4,2019-02-21,2018-12-31,56541000.0,360099000.0,61821000.0,0.42,272070000.0,0.7555422258878808,1671235000.0,1238358000.0,1022220000.0,282984000.0,432877000.0,194146000.0,356418000.0,6015799700.0,5756413700.0,9.341515482970618,3.61228903400899,0.0,0.0,0.04447671455577966,9.341515482970618,0.04565804072812547,16.70596058306188,26.599280610530414,4.857884149817743,0.5394846217788861,0.4534165009837957,0.0050704813193830234,0.2154688000191475,2.734207587708139,0.03383186685295605,76.471706052093,0.7555422258878808,0.31249999999999994,0.6869319773367252,0.13321470918703432,0.1458076134926359,0.05817698123774853,0.3090012501736352,0.3436426863725277,0.689989548264938,0.0346042451057435,0.09969014479423187,Software—Application,Technology,NATI
2018Q3,2018,Q3,2018-10-31,2018-09-30,43194000.0,346127000.0,46010000.0,0.32,257112000.0,0.7428256102528841,1629920000.0,1196909000.0,976736000.0,276063000.0,433011000.0,192412000.0,329342000.0,6346518150.0,6035137150.0,9.043035124700621,3.5380909430093856,0.0,0.0,0.03432365646288343,9.043035124700621,0.03608795656144285,18.335807810427966,36.732637345464646,5.302423283641446,0.7051673843589388,0.462627071076648,0.004799324492595991,0.21235827525277315,2.614899497578451,0.026500687150289585,81.53391166381891,0.7428256102528841,0.3913043478260869,1.5883992244706406,0.1308488711852574,0.14073230813392557,-0.006714313308866139,0.3909319250338121,0.24647811009969658,0.8013160720919185,0.11590937256468023,0.09184354770472902,Software—Application,Technology,NATI
2018Q2,2018,Q2,2018-08-02,2018-06-30,31054000.0,341009000.0,36912000.0,0.23,258850000.0,0.7590708749622443,1593739000.0,1165678000.0,928490000.0,268228000.0,428061000.0,193417000.0,316607000.0,5536196460.0,5318577460.0,8.839130401813811,3.46157000760547,0.0,0.0,0.028094005643591817,8.839130401813811,0.026640290028635695,16.23475175142005,44.5691091324789,4.749335974428615,0.9788755071810394,0.42477651912706743,0.005490773353082921,0.2139679081706603,2.528941795785675,0.019484997229784803,130.37695075712975,0.7590708749622443,0.2777777777777779,1.030921747362223,0.08607625586214547,0.13133454075176706,0.09047326160405099,0.27962749299489037,0.31186693677364324,0.21488457192569654,0.10257540413167644,0.015907971381697836,Software—Application,Technology,NATI
2018Q1,2018,Q1,2018-05-01,2018-03-31,24268000.0,311897000.0,28137000.0,0.18,237374000.0,0.7610653517026454,1591605000.0,1149706000.0,915789000.0,275969000.0,441899000.0,193273000.0,315951000.0,6631092390.0,6380727390.0,8.767881519442982,3.3184488112795276,0.0,0.0,0.02005659654092672,8.767881519442982,0.02110800500301816,21.26051994729029,68.31107209081918,5.767641805818184,1.2434893687160047,0.38558412194150243,0.004550833893599241,0.19596382268213533,2.3800318151676456,0.01524750173566934,310.6625621925509,0.7610653517026454,1.9473684210526316,0.22691118706144775,0.02375691035548479,0.12881230143682645,-0.10140066626287099,1.9994234412321885,-0.5090556951423786,0.5793575868233852,0.051953803119228446,0.006898572623547886,Software—Application,Technology,NATI
2017Q4,2017,Q4,2018-02-22,2017-12-31,-24282000.0,349751000.0,57312000.0,-0.19,264160000.0,0.7552801850459326,1566434000.0,1128021000.0,894090000.0,269255000.0,438413000.0,184592000.0,313241000.0,5448784180.0,5158620180.0,8.618347264031295,3.3206068596683442,0.0,0.0,-0.021743968545368142,8.618347264031295,-0.0215261949910507,15.579038172871558,-56.09900523021168,4.8303925015580385,-1.1325261510583973,0.463676649042212,0.005046997475315677,0.2232784783782783,2.454465098141167,-0.01550145106656265,87.10668041500807,0.7552801850459326,-1.76,-2.0994182456706474,0.09221588948486927,0.12650948544702906,0.11380022768478307,-1.727245500014975,0.5277089164334267,-1.5462979412141553,0.025868461846181644,-0.014728504874900634,Software—Application,Technology,NATI
2017Q3,2017,Q3,2017-10-31,2017-09-30,33389000.0,320921000.0,37515000.0,0.25,237170000.0,0.739029231493109,1531128000.0,1163799000.0,855560000.0,265410000.0,367329000.0,184641000.0,365021000.0,5509932200.0,5321961200.0,8.907079442828715,3.2235409366640293,0.009796698904337195,0.012888823585516056,0.027878710371423098,8.907079442828715,0.028689662046453037,17.169123242168634,41.255594656922945,4.734436272930291,0.8223067477312888,0.4535883146213463,0.004983001424228051,0.20959776060525312,2.3382464865679515,0.021806798647794307,123.90501697811959,0.739029231493109,0.3157894736842105,0.2850756616336679,0.036776005530937024,0.18726011064213152,0.004323541492871026,0.32733055058636457,0.3102930390136565,-0.1794904986431789,-0.0018982408082791199,0.04430166911887108,Software—Application,Technology,NATI
2017Q2,2017,Q2,2017-08-01,2017-06-30,25155000.0,318609000.0,28631000.0,0.19,236149000.0,0.7411874743023581,1505314000.0,1138048000.0,838115000.0,255182000.0,367266000.0,186155000.0,359088000.0,5236523340.0,5103657340.0,8.740969453981274,3.2843813435116895,0.016607830658586845,0.02196743898324148,0.021097233086274116,8.740969453981274,0.02210363710493758,16.435578844288766,52.04256946929039,4.601320278230795,1.0890081494732657,0.44296419650291424,0.005231333505332949,0.21165617273206785,2.3488804069252534,0.016710799208670083,269.8960591691578,0.7411874743023581,0.35714285714285704,-0.10998705767121535,0.019858740115947484,0.18780047088161161,0.056207565904232,0.3861031518624642,0.2828658481942826,-0.0003064831979302591,-0.007041647691511282,0.04841925516788733,Software—Application,Technology,NATI
2017Q1,2017,Q1,2017-05-01,2017-03-31,18148000.0,300106000.0,22318000.0,0.14,223582000.0,0.7450100964325939,1491923000.0,1115770000.0,830533000.0,263529000.0,376153000.0,194878000.0,361327000.0,4214501280.0000005,4046903280.0000005,8.620111559202089,3.1515810404168043,0.016756896971224386,0.022406051426369235,0.015320923696398259,8.620111559202089,0.016265000851429953,14.043375607285427,58.057379325545526,3.777213296647159,1.498842847696716,0.39267644372376564,0.006454144439125666,0.20115381289785061,2.237647469538457,0.012164166649351207,177.70708719851578,0.7450100964325939,-0.3913043478260869,-0.0906532678564083,0.07351017143216095,0.19070464816055277,-0.09038316015590038,-0.377363021923354,-0.546824236517219,-0.05665834600276173,0.025988641400396275,0.04640879896560384,Software—Application,Technology,NATI
2016Q4,2016,Q4,2017-02-16,2016-12-31,29147000.0,328532000.0,49248000.0,0.23,245798000.0,0.7481706500432226,1496564000.0,1114219000.0,834647000.0,260075000.0,382345000.0,193608000.0,376202000.0,3979108560.0,3791942560.0,8.630131362889983,3.2092550225896375,0.01670493209779201,0.02243724079377573,0.02686997248751653,8.630131362889983,0.026159130296647248,12.111783814057686,34.12965794078293,3.5712086762117683,0.8865749476790065,0.4273273831659849,0.006494168130964489,0.21952419007807217,2.2573719119484763,0.019475946234173747,162.0224178508897,0.7481706500432226,0.21052631578947373,0.1220370291218822,0.10650938036074369,0.2246930178416736,0.07039959587513936,0.19020784842174038,0.6769843702114618,-0.10709826048794927,0.06155790294705846,0.05855096414145976,Software—Application,Technology,NATI
2016Q3,2016,Q3,2016-10-31,2016-09-30,24489000.0,306364000.0,29367000.0,0.19,229632000.0,0.7495397631575511,1472893000.0,1107411000.0,810772000.0,255853000.0,365482000.0,196391000.0,372893000.0,3658346000.0,3434971000.0,8.596910297713775,3.1688977655137913,0.016973398610761272,0.02257517759892217,0.021761144782686304,8.596910297713775,0.022113740968800203,11.941174550534658,37.346829188615295,3.303512426732261,1.0528400506349789,0.3907103686014125,0.007047720472585153,0.20800153167949065,2.185239180310569,0.01662646234315731,79.42393782158442,0.7495397631575511,0.2666666666666667,0.807685517161946,0.12954325448859783,0.2591987775414714,0.004527618472683369,0.23681818181818182,0.07701617339641324,0.5078542531765581,0.02845974798341501,0.08445595881239161,Software—Application,Technology,NATI
2016Q2,2016,Q2,2016-08-01,2016-06-30,19800000.0,306105000.0,27267000.0,0.15,228597000.0,0.7467927671877297,1473289000.0,1091191000.0,820654000.0,254240000.0,382098000.0,194585000.0,374190000.0,3514926800.0,3324728800.0,8.506189488782526,3.2278713027061046,0.027150138228141253,0.036657193836826,0.01815208288205433,8.506189488782526,0.01814531094922887,11.482748730010943,44.38038888888889,3.221183825746363,1.298838383838384,0.3983246396176478,0.007316510830325116,0.20776982655812948,2.2127399307740716,0.01343931842292992,225.18590556730092,0.7467927671877297,1.1428571428571426,-0.29558189749564784,0.1414576267433481,0.2470260842923981,0.08323895541413347,1.1294902129490212,0.9695897139555042,0.3312026346988616,0.002231938150732824,0.08872089689553096,Software—Application,Technology,NATI
2016Q1,2016,Q1,2016-05-02,2016-03-31,9298000.0,287177000.0,13844000.0,0.07,211031000.0,0.7348464535808926,1456280000.0,1088462000.0,793493000.0,255085000.0,367818000.0,192054000.0,380896000.0,3841885450.0,3664693450.0,8.530600728868686,3.1107003547836998,0.017167028318729915,0.022968188140697607,0.009425582082333583,8.530600728868686,0.008542328533288254,13.378109841665593,103.29870536674554,3.5296459132243476,2.7485480748548077,0.3964822393701771,0.0066519422123842865,0.19719902765951602,2.1009310621949546,0.0063847611723020295,123.99178473454897,0.7348464535808926,-0.72,-0.711866806065986,0.13971012562469895,0.2933968085721116,-0.14755614800452416,-0.7106851702034974,-0.7231255374892502,-0.5169109973719771,-0.03129002419119766,0.09826381892129894,Software—Application,Technology,NATI
2015Q4,2015,Q4,2016-02-19,2015-12-31,32138000.0,334339000.0,50001000.0,0.25,247560000.0,0.7404460741941562,1453856000.0,1081721000.0,799740000.0,240215000.0,372135000.0,185197000.0,400831000.0,3653413290.0,3521073290.0,8.494679639707558,3.3292675311699935,0.02544956309290604,0.03420475335137249,0.03249996959794729,8.494679639707558,0.029710063870443486,10.927272289502572,28.41973123716473,3.3774081209480076,0.754153961043002,0.46857670480623337,0.006634070135547134,0.22996706688970572,2.2861270112191163,0.022105352937292277,135.3968532038691,0.7404460741941562,0.38888888888888895,-0.20066529452424267,0.2650993109970986,0.37416099744850534,0.11189960744859553,0.3865734748468375,0.5455781892368088,0.4956234683672414,0.07315265420465951,0.11034481401114811,Software—Application,Technology,NATI
2015Q3,2015,Q3,2015-10-30,2015-09-30,23178000.0,299812000.0,32351000.0,0.18,222646000.0,0.7426187077235067,1413307000.0,1059603000.0,879030000.0,235931000.0,353704000.0,189992000.0,395154000.0,3555313650.0,3533138650.0,8.282354320553406,3.725792710580636,0.017689008828230525,0.023593742184572903,0.020844897812642482,8.282354320553406,0.021874230254161228,11.858476812135605,38.34793392441108,3.3553261457357144,1.0586331866425058,0.40615394332392946,0.006901500800077091,0.212135084592378,2.5302016267468033,0.016399833864829086,72.1027327668377,0.7426187077235067,-0.05263157894736847,-0.2448464937519347,0.24656867493864792,0.38544121001594045,-0.01097212103981947,-0.07072407986528746,-0.06734511488453887,-0.0889241702604281,-0.010788645429567116,0.10398800977514407,Software—Application,Technology,NATI
2015Q2,2015,Q2,2015-07-31,2015-06-30,24942000.0,301791000.0,34687000.0,0.19,225116000.0,0.7459334440059512,1456202000.0,1119626000.0,926680000.0,243800000.0,336576000.0,187411000.0,449023000.0,3790971720.0,3558187720.0,8.70071960336333,3.8009844134536506,0.0,0.0,0.02241342199752722,8.70071960336333,0.022277081811247684,12.561579768780382,37.99787226365167,3.38592683628283,0.9832010263812044,0.4091275325354435,0.0064687900124984305,0.2072452860248784,2.577391304347826,0.01712811821436861,812.8155488850772,0.7459334440059512,0.5833333333333334,-0.07902012658675363,0.2949107354161154,0.504634366004069,0.05600510374008453,0.662356704878699,0.7228927631252173,-0.10713366084860175,-0.022602009264825244,0.18233096412167984,Software—Application,Technology,NATI
2015Q1,2015,Q1,2015-05-01,2015-03-31,15004000.0,289513000.0,20133000.0,0.12,213177000.0,0.7363296294121507,1443059000.0,1114948000.0,916222000.0,235146000.0,328111000.0,177980000.0,455651000.0,4102401600.0,3862853600.0,8.70781005935645,3.8963962814591784,0.0,0.0,0.013936851597397201,8.70781005935645,0.01345712983923914,14.170008255242424,68.35513196480939,3.679455544115062,1.622633964276193,0.42890212383413867,0.005934572568419435,0.20062450669030166,2.6973072048854756,0.01039735728061015,303.2750499001996,0.7363296294121507,-0.6470588235294118,-0.2589042719496967,0.37341616736457056,0.5379888423939473,-0.14254512983878753,-0.6541661864699782,-0.6341782502044153,-0.23998192014410796,0.046925271752099845,0.20281852987233118,Software—Application,Technology,NATI
2014Q4,2014,Q4,2015-02-19,2014-12-31,43385000.0,332776000.0,55035000.0,0.34,248616000.0,0.747097146428829,1455491000.0,1117496000.0,947820000.0,247657000.0,337995000.0,173052000.0,464993000.0,3971902950.0,3697872950.0,8.747180149504912,3.8271480313498105,0.0,0.0,0.03973085842400424,8.747180149504912,0.03882340518444809,11.935665282352092,22.88753572663363,3.5542882927545154,0.4420652299181745,0.48632780898227124,0.004828667830365795,0.22863487304284258,2.7195758650068442,0.029807810560147745,111.03074805020546,0.747097146428829,0.09677419354838718,15.659690911052438,0.4997194030068166,0.5514275235369259,0.068158383171788,0.09276610750088157,0.6043786257761712,0.6878279627439965,0.13267330959150933,0.24130329011754534,Software—Application,Technology,NATI
2014Q3,2014,Q3,2014-10-31,2014-09-30,39702000.0,313701000.0,34303000.0,0.31,232752000.0,0.7419549188558532,1420893000.0,1087288000.0,906502000.0,249488000.0,333605000.0,170862000.0,440785000.0,3942894540.0,3683439540.0,8.529220728282526,3.6334493041749503,0.0,0.0,0.036685818692872005,8.529220728282526,0.03651470447572308,12.568957510495663,24.82805992141454,3.626357082943986,0.4818900811042265,0.47376830424553146,0.004852272817826875,0.22077735621190336,2.54713653562496,0.027941583215625666,68.12188217000691,0.7419549188558532,0.631578947368421,2.6528653152397066,0.7368171629975531,0.4929975171093172,0.008064446273117068,0.6189699465807609,0.07113192818110851,1.961388659850343,0.16872473319651518,0.24928421287481398,Software—Application,Technology,NATI
2014Q2,2014,Q2,2014-08-01,2014-06-30,24523000.0,312711000.0,32025000.0,0.19,230890000.0,0.7383494664402596,1405132000.0,1057893000.0,885168000.0,250481000.0,347239000.0,167294000.0,420216000.0,4109869930.0,3872373930.0,8.337284355371315,3.5338728286776244,0.0,0.0,0.02325650797926459,8.337284355371315,0.023180983331962685,13.142709818330664,41.89811534070056,3.8849580534137194,0.777718876157077,0.48908508374478465,0.00464053615438871,0.2225491982247931,2.4446285346992385,0.017452452865638245,1737.0540701606087,0.7383494664402596,0.2666666666666667,4.0752729473075355,0.8841853722219897,0.47532500208810874,0.08159383900464698,0.30977941569192974,0.3442327065144392,-0.1179615673814613,0.17891127656105588,0.22226422030942034,Software—Application,Technology,NATI
2014Q1,2014,Q1,2014-05-01,2014-03-31,18723000.0,284674000.0,23824000.0,0.15,213472000.0,0.7498823215327005,1365678000.0,1037741000.0,848959000.0,233118000.0,327937000.0,170257000.0,414765000.0,3614165370.0,3373464370.0,8.237804926452494,3.641756535316878,0.0,0.0,0.017791894239463694,8.237804926452494,0.01804207408206865,12.695804218158315,48.25836364364685,3.482723887752339,1.0096672541793517,0.41820306947731956,0.0052305298913314525,0.208448843724509,2.5380065031443304,0.013709673876272446,141.55433847720508,0.7498823215327005,-0.4,47.12341641045986,0.6599981265194962,0.4561188894276622,-0.05049282994698075,-0.40989031770045387,-0.3980342117896758,-0.4123274938368561,0.14432329863117827,0.24900355088196574,Software—Application,Technology,NATI
2013Q4,2013,Q4,2014-02-20,2013-12-31,31728000.0,300806000.0,39577000.0,0.25,224824000.0,0.7474053044154705,1343551000.0,1023084000.0,828595000.0,225355000.0,320467000.0,172109000.0,414947000.0,4018157780.0000005,3787894780.0000005,8.152778331168468,3.676843202946462,0.0,0.0,0.03150163048839086,8.152778331168468,0.031012116307165393,13.357970851645248,31.66097595184065,3.9274954744673956,0.5526664145234493,0.44147604134589125,0.004363940133779416,0.22388878427391293,2.5475006101484325,0.023615032105219674,64.39045847154784,0.7474053044154705,0.923076923076923,0.5171076193558503,0.3748046531813024,0.42230483001658325,0.05091337434324926,1.0126871352448616,0.9282338611449452,-0.19921649718670406,0.15501246765225535,0.31885256168656545,Software—Application,Technology,NATI
2013Q3,2013,Q3,2013-11-01,2013-09-30,15764000.0,289138000.0,20525000.0,0.13,213932000.0,0.7398958282896057,1321595000.0,991178000.0,798617000.0,231208000.0,330417000.0,178904000.0,400798000.0,3867239760.0,3677031760.0,7.927394586985732,3.454106259298986,0.0,0.0,0.01524119514733618,7.927394586985732,0.015904307803441965,13.37506574715188,61.33024232428317,3.9016602063403343,1.11101243339254,0.42037070160533024,0.004528811526286128,0.21877958073388595,2.2786279021487146,0.01192801122885604,99.79200990891027,0.7398958282896057,0.08333333333333341,-0.35623069241629374,0.2716675943267047,0.3619880677137042,0.007635025976044576,0.09312807710977047,0.07342712201244704,-0.474474364371131,0.23010041691210764,0.32606487525077005,Software—Application,Technology,NATI
2013Q2,2013,Q2,2013-08-01,2013-06-30,14421000.0,296126000.0,19121000.0,0.12,212311000.0,0.7169616987363487,1304219000.0,971759000.0,780107000.0,233937000.0,332460000.0,185278000.0,402597000.0,3461411910.0,3291831910.0,7.813012052067505,3.3346883990134097,0.0,0.0,0.01521732920147607,7.813012052067505,0.014840099242713472,11.688983439481841,60.00644736842105,3.5620065366001237,1.2097635392829902,0.45237427001586805,0.005040139819707271,0.22705235853794492,2.1220670522405607,0.011057192082004633,1050.504373292868,0.7169616987363487,-0.2,-0.4481343902948009,0.33171225510524915,0.39443323621924026,-0.018205948725537345,-0.2246774193548387,-0.014076518510879654,-0.4490756521185272,0.3145823966867856,0.35112116829974305,Software—Application,Technology,NATI
2013Q1,2013,Q1,2013-05-02,2013-03-31,18600000.0,286488000.0,19394000.0,0.15,216248000.0,0.7548239367792019,1298230000.0,957761000.0,774842000.0,241848000.0,340469000.0,188591000.0,405622000.0,3942092820.0,3770038820.0,7.767351142685676,3.2038387747676227,0.0,0.0,0.020761654691087896,7.767351142685676,0.019420293789369165,13.760062620423891,52.9851185483871,4.115946274696923,0.9290860215053763,0.3724461930845056,0.004383712101431443,0.22067584326352033,2.065049121762429,0.01432719934064072,-1391.4905824214613,0.7548239367792019,-0.11764705882352951,0.012649861439945244,0.4242536781770758,0.436073132199788,-0.04206959179605307,-0.10205658009075987,-0.30237410071942444,-0.04601476211005765,0.411243573460148,0.37188332209548924,Software—Application,Technology,NATI
2012Q4,2012,Q4,2013-02-19,2012-12-31,20714000.0,300326000.0,27800000.0,0.17,225745000.0,0.7516665223790148,1284769000.0,939128000.0,767700000.0,244956000.0,345641000.0,169990000.0,404210000.0,3168280740.0,3006284740.0,7.65048796780553,3.1340322343604567,0.0,0.0,0.021906125146316117,7.65048796780553,0.02205663125793289,10.549472040382785,38.238398426185185,3.373641015921152,0.8319976827266583,0.4387375727983999,0.005439543214216554,0.2337587535191151,2.1319012394062606,0.01612274268759598,665.1859626285955,0.7516665223790148,-0.15,-0.5632664850254707,0.41265995669628536,0.36857641376868067,0.04279841093865484,-0.14897288414133114,-0.07104190336162534,7.278155180534046,0.40861788587336806,0.35691473124780393,Software—Application,Technology,NATI
2012Q3,2012,Q3,2012-11-06,2012-09-30,24340000.0,289974000.0,29926000.0,0.2,216480000.0,0.7465496906619215,1234244000.0,918286000.0,772772000.0,225377000.0,315958000.0,155273000.0,400694000.0,3058825980.0,2747289980.0,7.502214016110848,3.428797082222232,0.0,0.0,0.027423186338338644,7.502214016110848,0.026505903389575796,10.54862153158559,31.417686729663103,3.331016676721631,0.7045193097781429,0.4733211826911311,0.005606072431750432,0.23494057901030915,2.4237965719660837,0.019720573889765718,133.27637052851728,0.7465496906619215,-0.09090909090909087,0.0970978135472962,0.5265371824083187,0.43651007260343694,-0.022257551669316374,-0.07945992965470293,-0.1416360715924736,1.3323223587634667,0.6720296925607273,0.313225118179307,Software—Application,Technology,NATI
2012Q2,2012,Q2,2012-08-03,2012-06-30,26441000.0,292259000.0,34864000.0,0.22,221408000.0,0.7575746170348903,1213631000.0,896328000.0,763651000.0,218730000.0,317303000.0,148989000.0,393502000.0,3271574860.0,3000172860.0,7.358954359980624,3.4912952041329492,0.0,0.0,0.03013277390005073,7.358954359980624,0.029499245811801036,11.194094484686529,30.932782988540524,3.649975076088218,0.6461555916947166,0.475545174475968,0.005222255559207959,0.24081372344641822,2.4641567229003796,0.021786688046037058,-179.17601511583328,0.7575746170348903,0.46666666666666673,0.24536692432768326,0.5913627237036114,0.4841143903007275,0.10823134869985235,0.4183563995279476,0.43213933618139994,4.700723236842511,0.8344870020259857,0.30220451813067406,Software—Application,Technology,NATI
2012Q1,2012,Q1,2012-04-30,2012-03-31,18642000.0,261133000.0,24344000.0,0.15,199785000.0,0.7650699069056764,1170755000.0,875314000.0,733878000.0,216399000.0,295441000.0,140408000.0,384147000.0,3448296160.0,3209786160.0,7.239504416581203,3.391318813857735,0.0,0.0,0.021793457014039404,7.239504416581203,0.02129750009710801,13.205133629223422,46.24364553159532,3.939496180799119,0.9083789292994314,0.4369266708449661,0.004910831092883854,0.22304666646736507,2.4620816177523928,0.015923058197487946,169.22491829022917,0.7650699069056764,-0.2544826735725737,-0.030633625449490727,0.5069829924778465,0.4528771297246728,-0.05164147647438575,-0.23369096066099396,-0.2509999384653252,48.9224571089926,0.5865142854518064,0.27965874710491273,Software—Application,Technology,NATI
2011Q4,2011,Q4,2012-02-07,2011-12-31,24327000.0,278051000.0,32502000.0,0.2012025672412082,210664000.0,0.7576451802007546,1154294000.0,852011000.0,719549000.0,222920000.0,302283000.0,131995000.0,382474000.0,3137562600.0,2994954600.0,7.046771098686604,3.22783509779293,0.0,0.0,0.029440126691142862,7.046771098686604,0.02855244826651299,11.284126293377833,32.243624367986186,3.6825376667672134,0.49590989435606525,0.5105269138982538,0.0038450228849617215,0.24088403820863663,2.346886775524852,0.021075220004608878,86.11160939729938,0.7576451802007546,0.8291142476473472,-0.013807683534876946,0.517846793265383,0.4143923347645878,0.11008415317247448,0.9100973618090452,2.0217552993677947,0.20729351812031616,0.3189537933399147,0.22935472578300314,Software—Application,Technology,NATI
2011Q3,2011,Q3,2011-10-27,2011-09-30,12736000.0,254988000.0,10756000.0,0.11,189773000.0,0.7442428663309646,1115679000.0,826798000.0,689235000.0,218837000.0,288881000.0,132554000.0,370211000.0,2768391720.0,2571880720.0,6.827286089412231,3.149535955985505,0.0,0.0,0.01607504326547769,6.827286089412231,0.015404004363822844,10.856949032895665,54.34186008165829,3.3483289993444587,0.9451162060301508,0.4919881708586689,0.004348011848554438,0.22854960969956412,2.2596315979473305,0.011415469861850944,123.38511030886482,0.7442428663309646,-0.5,-0.32642530493658334,0.5329273644447758,0.4505003449545188,-0.038627544352019774,-0.520265180051228,-0.6734867342602149,-0.463009312577429,0.15786529500550484,0.1729808686340282,Software—Application,Technology,NATI
2011Q2,2011,Q2,2011-07-29,2011-06-30,26548000.0,253284000.0,32942000.0,0.22,197398000.0,0.7793544005937998,1089570000.0,826461000.0,666144000.0,190416000.0,263109000.0,141571000.0,369512000.0,3598481700.0,3391114700.0,6.821180082699879,3.4983614822283844,0.0,0.0,0.03283315198052503,6.821180082699879,0.03212250789813433,14.207299710996352,33.88656113454874,4.354085310740615,0.45171010998945305,0.3947559881614172,0.0033325165999871557,0.23246234753159503,2.461174481136039,0.024365575410483033,320.9205119058236,0.7793544005937998,-0.12,0.5372631839709173,0.559033786274709,0.4682920632511791,0.064863465210871,-0.12845934145300547,-0.0977760736196319,0.04291038380109736,0.16928085916001784,0.21741527520572623,Software—Application,Technology,NATI
2011Q1,2011,Q1,2011-04-29,2011-03-31,30461000.0,237850000.0,36512000.0,0.25,185374000.0,0.7793735547614042,1011429000.0,794382000.0,696861000.0,166240000.0,217047000.0,134408000.0,354956000.0,3946917110.0000005,3692323110.0000005,6.595501606569083,4.191897256977863,0.0,0.0,0.03776221938565736,6.595501606569083,0.0383455314949231,16.59414383014505,32.39320040379502,4.9685379452203104,0.38961294770362104,0.39042318909588714,0.0030069037857245497,0.2351623297334761,3.1111766121270454,0.030116795148250643,141.55281390094325,0.7793735547614042,-0.20819527716419486,1.3797576507563147,0.5131951324753271,0.4788220019176277,-0.04280609715796431,-0.1989849584516672,-0.21680001716038524,0.6978259425620417,0.21056110243495169,0.21941476271400331,Software—Application,Technology,NATI
2010Q4,2010,Q4,2011-02-18,2010-12-31,38028000.0,249963000.0,46619000.0,0.3157344137890953,193664000.0,0.7747706660585767,959682000.0,744545000.0,650718000.0,166312000.0,215137000.0,117765000.0,336363000.0,3022312331.9,2802865331.9,6.1817208139950015,3.9126340853335897,0.0,0.0,0.05079979997336971,6.1817208139950015,0.051075489057075124,12.091038801342599,19.868993451535708,4.0592742304360385,0.26824971073945514,0.4780622426017917,0.0033752302474930056,0.26046440383376995,2.8733705324931456,0.03962562598860873,303.32319669811324,0.7747706660585767,0.3155600574545637,0.7864122969703226,0.5413630142054365,0.4548483938932623,0.14902756517508572,0.3517221768030427,0.4711414055350437,-0.1828343121550696,0.19832472347361416,0.10583237803107147,Software—Application,Technology,NATI
2010Q3,2010,Q3,2010-11-03,2010-09-30,28133000.0,220449000.0,31689000.0,0.24,168546000.0,0.7645577888763387,912235000.0,701020000.0,619363000.0,169657000.0,211215000.0,101532000.0,308535000.0,2553224251.2,2326380251.2,5.978134806931369,3.650677543514267,0.0,0.0,0.03894435219383129,5.978134806931369,0.04013152263844113,11.581927117836777,22.688872953471012,3.642156074291746,0.36227917392386166,0.511198439900721,0.003991815444808588,0.24165812537339612,2.7128264675197604,0.03083964110125132,67.55812587516206,0.7645577888763387,0.16128844953475882,0.9533663716498938,0.5562869245818168,0.4474986686112628,0.03352996725493322,0.1435249166734412,0.03956303513433717,0.3236239950062919,0.21137964106677523,0.14468220275992028,Software—Application,Technology,NATI
2010Q2,2010,Q2,2010-08-06,2010-06-30,24602000.0,211717000.0,30483000.0,0.206667,163078000.0,0.7702640789355603,868170000.0,675976000.0,578005000.0,149854000.0,192194000.0,95983000.0,299871000.0,2476682856.6,2291264856.6,5.78261390271861,3.857120931039545,0.0,0.0,0.03810744951432182,5.78261390271861,0.03639478324674249,11.69808214078227,25.16749508779774,3.6638621143354198,0.4126900252012032,0.5067459862684017,0.0040994348440470405,0.24386583272861306,2.8513286265298223,0.028337767948673646,149.09896192884233,0.7702640789355603,0.3478311909373716,0.6453087932069556,0.5105941655776194,0.4469377454178047,0.10300374030260603,0.3404892933035471,0.5614691117713349,0.20735125568347945,0.20115980672516684,0.16620651342106388,Software—Application,Technology,NATI
2010Q1,2010,Q1,2010-05-06,2010-03-31,18353000.0,191091000.0,19522000.0,0.153333,147849000.0,0.7737099078449534,830252000.0,657167000.0,540373000.0,132812000.0,173085000.0,89826000.0,285422000.0,2580619131.0,2396001131.0,5.661816145429483,4.068706141011354,0.0,0.0,0.027999164053254914,5.661816145429483,0.027927452230559355,13.504660768953013,35.15255177627636,3.9268848420568894,0.548793112842587,0.4813973682452742,0.0039029393679248826,0.23016024050529238,3.014697467096347,0.022105336692955873,79.69055155482815,0.7737099078449534,6.522130731191885,0.6863091207873221,0.5070431461766406,0.3566474188457978,-0.04601854420864493,6.756973795435334,-0.4574358689308246,-0.005882853216584573,0.14874035737695315,0.13625501374927307,Software—Application,Technology,NATI
2009Q4,2009,Q4,2010-02-17,2009-12-31,2366000.0,201597000.0,35981000.0,0.020384250883087793,154981000.0,0.7687664002936552,813029000.0,654420000.0,532178000.0,118419000.0,158609000.0,86515000.0,303655000.0,2278837131.0,2077372131.0,5.638149392607909,4.494025451996723,0.0,0.0,0.003605494830276072,5.638149392607909,0.003615415176797775,11.30392382327118,240.79006033389683,3.4822241542128904,3.951817413355875,0.5388198578281223,0.004102969831765481,0.24795794491955392,3.315498357527086,0.0029101052975970105,66.58399214024836,0.7687664002936552,-0.76479800981818,-0.8531551258338764,0.5059206983632752,0.3765075418792038,0.2586164890852391,-0.7617561172087403,2.366485778443114,-0.9000868036952099,0.14636414474191242,0.13166089425674146,Software—Application,Technology,NATI
2009Q3,2009,Q3,2009-10-27,2009-09-30,9931000.0,165035000.0,10688000.0,0.086667,123136000.0,0.7461205198897204,816531000.0,665426000.0,518475000.0,115232000.0,151105000.0,88726000.0,324785000.0,2145552390.0000002,1912852390.0000002,5.712816418339708,4.499401207997779,0.0,0.0,0.012813128870067133,5.712816418339708,0.014924274074051811,13.000590117247858,54.011489024267455,3.2243290613832345,0.9405900714933038,0.47222910984378874,0.004353657381444785,0.20211724968188594,3.1862069564009996,0.012162428615692484,86.11143000481619,0.7461205198897204,1.166675,0.26763153170820747,0.3338748390669705,0.44910755770061006,0.10260841534066997,1.2417607223476297,3.5655702691157627,-0.4539310126762617,0.03152488539916731,0.21372417633328936,Software—Application,Technology,NATI
2009Q2,2009,Q2,2009-08-04,2009-06-30,4430000.0,152163000.0,2341000.0,0.04,111677000.0,0.7339300618415778,809338000.0,657421000.0,504861000.0,114645000.0,151917000.0,95269000.0,599681000.0,1749663360.0,1527940360.0,5.6511509962693625,4.403689650660735,0.0,0.0,0.0038057217510183523,5.6511509962693625,0.006738452224677946,11.498612409061336,98.73946726862302,2.661404731519072,2.1065462753950337,0.42496509882543115,0.005333597429850735,0.18800921246747343,2.984055126695451,0.005473609295498296,82.80470231897776,0.7339300618415778,11.978100558659218,-0.6063596186562876,0.20821858736194868,0.42722952942542264,-0.04480994902323036,11.374301675977653,1.9443323920935862,-0.7328369876084755,-0.024532013529298433,0.21643763329175505,Software—Application,Technology,NATI
2009Q1,2009,Q1,2009-05-07,2009-03-31,358000.0,157799000.0,-2479000.0,0.0030821151230263273,116916000.0,0.7409172428215641,806648000.0,655777000.0,503284000.0,113069000.0,150871000.0,102618000.0,604583000.0,1441212186.1499999,1213764186.1499999,5.657371102225328,4.4511227657448105,0.0,0.0,0.0005571547763534642,5.657371102225328,0.000545917285906642,9.133214951615662,1006.4330908868715,2.1977168856943745,25.935754189944134,0.39839989085735444,0.006442493401893582,0.1956231218573653,2.9398774199824884,0.0004438119229205304,83.076561341365,0.7409172428215641,-0.9815061126647086,-0.9718420008882702,0.27731388792887174,0.4526891175068357,-0.216511978555872,-0.981468060875867,-1.1133464404919757,-0.9709389264728739,0.043124337192721594,0.26847741961749544,Software—Application,Technology,NATI
2008Q4,2008,Q4,2009-02-27,2008-12-31,19318000.0,202107000.0,21871000.0,0.16665588294921732,149225000.0,0.7383465194179321,832591000.0,664438000.0,529023000.0,130731000.0,168153000.0,107358000.0,613510000.0,1882467719.9999998,1653067719.9999998,5.732089323688377,4.046653050921358,0.0,0.0,0.030216770556385886,5.732089323688377,0.02907419503399866,9.314213362228918,24.36157625012941,2.8331728769275686,0.44932187597059736,0.4925762402429255,0.004610968840411245,0.24274463692257062,2.732083438511141,0.023202268580851823,188.3221008403361,0.7383465194179321,-0.1379853260994382,0.7328833366568124,0.6725898068782642,0.5254110074548777,-0.07601191323892731,-0.16585344790362277,-0.21738352537035713,-0.057067884713392796,0.2949428811327738,0.34902904824512415,Software—Application,Technology,NATI
2008Q3,2008,Q3,2008-11-07,2008-09-30,23159000.0,215038000.0,27946000.0,0.193333,161501000.0,0.7510347008435718,862308000.0,688275000.0,559250000.0,138511000.0,174033000.0,99734000.0,602872000.0,2368957758.3,2155292758.3,5.820458177943527,4.037585462526442,0.0,0.0,0.03565208998869176,5.820458177943527,0.033647887835530854,11.016461082692363,25.572755281963815,3.441876805491991,0.37501619240899864,0.5367978823670965,0.0036661692128408772,0.24937493331848945,2.8783273530622115,0.026856993092955184,90.19103625599635,0.7510347008435718,-0.06451925077540191,1.8548869160776682,1.014909637677494,0.6024520399340325,0.021957717156760384,-0.06367752890757662,0.004023855716030754,0.5945837926482561,0.5054163551101138,0.4093200865113103,Software—Application,Technology,NATI
2008Q2,2008,Q2,2008-08-04,2008-06-30,24734000.0,210474000.0,27834000.0,0.206667,158031000.0,0.7508338322073035,828277000.0,659619000.0,520963000.0,134322000.0,168658000.0,95674000.0,588398000.0,2226587155.7999997,2004562155.7999997,5.603001885734672,3.8784636917258526,0.0,0.0,0.03610678535561368,5.603001885734672,0.03749740380431734,10.578917851136007,22.50532825058624,3.3755655246437715,0.34984232230937173,0.5481426510859795,0.0038862166151726616,0.2541106417297595,2.818041720641444,0.02986199061425103,93.33447165492957,0.7508338322073035,0.40908997934095603,2.2874637157770215,1.067833092216557,0.5867495238617417,0.09234746424646266,0.4040644868301544,0.5407694436756159,0.6425025550068363,0.4911633432773045,0.4019948508589096,Software—Application,Technology,NATI
2008Q1,2008,Q1,2008-05-05,2008-03-31,17616000.0,192918000.0,18065000.0,0.146667,144671000.0,0.7499092878839714,806295000.0,639638000.0,506756000.0,132913000.0,166657000.0,89879000.0,572317000.0,2060881542.0,1855016542.0,5.4087434466429904,3.8126895036602892,0.0,0.0,0.022810532990355285,5.4087434466429904,0.02754057763922719,10.682681460516903,29.24729708787466,3.221949824744621,0.4948342415985468,0.53679947484952,0.004229743351255654,0.23926478522128997,2.755569432636386,0.021848082897698733,87.95158509730284,0.7499092878839714,-0.6204048887138074,1.5351819630989734,0.8933047397870802,0.5767550659701363,-0.06701792174793471,-0.6144704878208916,-0.4216238714221682,0.588618207543869,0.4932767859803437,0.2960077910708498,Software—Application,Technology,NATI
2007Q4,2007,Q4,2008-02-27,2007-12-31,45693000.0,204813000.0,31234000.0,0.38637747336377476,155063000.0,0.7570954968678746,818812000.0,661086000.0,545210000.0,125336000.0,157726000.0,82675000.0,563418000.0,2627737200.0,2432898200.0,5.590106544901065,4.349987234314163,0.0,0.0,0.061638714747160366,5.590106544901065,0.06911808751055082,12.829933646789998,14.37713216466417,3.9748795164320527,0.17422799991245924,0.6017538554581191,0.0030296028080738055,0.2501343409720424,3.350673389927874,0.055804018504858256,105.22312897929764,0.7570954968678746,1.1465415186876375,3.463311276760722,0.87129872339353,0.6649119150466086,0.12196198455939279,1.1213091922005571,0.27194982896237174,1.7834013514718732,0.5016117788050847,0.36477827796708956,Software—Application,Technology,NATI
2007Q3,2007,Q3,2007-11-09,2007-09-30,21540000.0,184426000.0,24556000.0,0.18,138207000.0,0.7493899992408879,773390000.0,620640000.0,521471000.0,122963000.0,152750000.0,77313000.0,525686000.0,2749138238.7,2565667238.7,5.222527957993588,4.24087733708514,0.0,0.0,0.031239442571458404,5.222527957993588,0.0347061098221191,14.9064570000976,31.907361173398325,4.429521524071926,0.367966573816156,0.5978166673133885,0.002883085284117256,0.23846442286556588,3.2317851711490446,0.02785140743997207,79.10733882078729,0.7493899992408879,0.03846353550679909,2.123168128834205,0.8617078163169931,0.6171671245270995,0.02053520003544371,0.03802226398727772,0.014752675730402082,1.6948603192610192,0.4610049219771188,0.32474145500910395,Software—Application,Technology,NATI
2007Q2,2007,Q2,2007-08-07,2007-06-30,20751000.0,179497000.0,24199000.0,0.173333,135426000.0,0.7544750051532895,723896000.0,590280000.0,473520000.0,104748000.0,133616000.0,75452000.0,512073000.0,2584848941.85,2423468941.85,4.9584819122261,4.520563638446557,0.0,0.0,0.03186037290111568,4.9584819122261,0.03515450294775361,14.40051333364903,31.141257552045687,4.379021721640577,0.2685653703435979,0.5840931983247628,0.002156025410139191,0.24795965166266978,3.4146332149539846,0.028665719937670604,86.59460441708542,0.7544750051532895,0.13043506616318726,1.7312550944952787,0.8666912022851697,0.49246637574532004,0.04581714841728896,0.08934852223213817,0.09487829155732513,0.8019065907801431,0.39280709614918996,0.252292110213083,Software—Application,Technology,NATI
2007Q1,2007,Q1,2007-05-08,2007-03-31,19049000.0,171641000.0,22102000.0,0.153333,129493000.0,0.7544409552496198,719706000.0,596764000.0,471550000.0,94982000.0,122942000.0,77062000.0,496894000.0,2094259652.1,1956943652.1,4.982874510491554,4.96462487629235,0.0,0.0,0.028889345076547925,4.982874510491554,0.03192049118244398,12.201395075185998,27.485165259331197,3.5093599012339887,0.293558716993018,0.5469362331629077,0.0026701560116448183,0.23848766023904205,3.74263544671622,0.026467752109889317,114.92397805520496,0.7544409552496198,-0.2484398756241303,1.487446416969429,0.7428678635179874,0.5406666334251248,-0.04725011956001913,-0.22038962101989032,-0.22768886714655112,0.45013953427279024,0.3447243534401952,0.27949315052816476,Software—Application,Technology,NATI
