Year,Date,FillingDate,NetIncome,Revenue,OperatingIncome,EPSDiluted,GrossProfit,GrossProfitRatio,TotalAssets,CommonStockEquity,CurrentAssets,CurrentLiability,TotalLiability,Inventory,RetainedEarnings,EnterpriseValue,bookValuePerShare,currentRatio,debtToAssets,debtToEquity,roic,shareholdersEquityPerShare,roe,priceToSalesRatio,peRatio,pbRatio,payoutRatio,inventoryTurnover,dividendYield,assetTurnover,quickRatio,returnOnAssets,priceToFreeCashFlowsRatio,grossProfitMargin,epsdilutedGrowth,fiveYNetIncomeGrowthPerShare,fiveYRevenueGrowthPerShare,fiveYShareholdersEquityGrowthPerShare,grossProfitGrowth,netIncomeGrowth,operatingIncomeGrowth,threeYNetIncomeGrowthPerShare,threeYRevenueGrowthPerShare,threeYShareholdersEquityGrowthPerShare,Industry,Sector,Price,MarketCap,AvgVolume,Symbol
2022,2022-12-31,2023-03-31,-18514000.0,40189000.0,-18327000.0,-0.52,-4212000.0,-0.1048047973,30023000.0,10325000.0,19169000.0,12056000.0,19698000.0,129000.0,-47761000.0,34886211.0,0.2902400629673357,1.589996682149967,0.35729274223095625,1.0389346246973366,-0.6097910743677485,0.2902400629673357,-1.7931234866828087,0.6873326283311354,-1.4920174462568867,2.6753715254237287,0.0,344.1937984496124,0.0,1.3386070679145987,1.463420703384207,-0.6166605602371515,-1.8247596115735236,-0.10480479733260345,-1.888888888888889,0.12443271264742567,-0.44588248163758093,-0.623207261745571,-5.55054432348367,-2.2566402814423925,-0.359973285841496,-8.732087317016711,-0.4513268142064495,-0.43264110908538644,Engineering & Construction,Industrials,0.3501,13920081,298816,ENG
2021,2021-12-25,2022-03-11,-5685000.0,36410000.0,-13476000.0,-0.18,-643000.0,-0.0176599835,42069000.0,28191000.0,35094000.0,8831000.0,13878000.0,0.0,-29247000.0,36341520.0,0.8840629703963874,3.9739553844411732,0.15298675984691815,0.22829981199673655,-0.3402554212051564,0.8840629703963874,-0.20166010428860273,1.348737160120846,-8.63808619173263,1.7419573622787414,0.0,0.0,0.0,0.8654828971451662,3.865473898765712,-0.13513513513513514,-3.531898734177215,-0.01765998352101071,-6.929515418502202,-1.1050312649568108,-0.4668641158803211,-0.3357878248010841,-1.0760856703348716,-8.096,-35.520325203252035,0.13516326053194644,-0.4182687432720203,0.5701835054299578,Engineering & Construction,Industrials,0.3501,13920081,298816,ENG
2020,2020-12-26,2021-03-11,-625000.0,64449000.0,-369000.0,-0.0227,8451000.0,0.1311269376,30438000.0,13623000.0,26476000.0,12437000.0,16815000.0,0.0,-23562000.0,75931300.0,0.495850622406639,2.128809198359733,0.2821801695249359,0.6304778683109448,-0.018135969164959822,0.495850622406639,-0.045878294061513614,1.2575571382022994,-129.67728000000002,5.949372384937239,0.0,0.0,0.0,2.117386162034299,2.057168127361904,-0.020533543596819765,-85.5842661034847,0.13112693757855048,0.5757009345794393,-1.0605057973220653,-0.1742119966405979,-0.6527236331175336,0.06758463870641739,0.5736698499317872,0.7366167023554604,0.9617280939378259,0.15059284892983385,-0.3562814455329446,Engineering & Construction,Industrials,0.3501,13920081,298816,ENG
2019,2019-12-28,2020-03-27,-1466000.0,56446000.0,-1401000.0,-0.0535,7916000.0,0.1402402296,28686000.0,14024000.0,24493000.0,13204000.0,14662000.0,0.0,-22937000.0,21356532.6,0.511563434741373,1.854968191457134,0.08711566617862372,0.17819452367370223,-0.0780717201295178,0.511563434741373,-0.10453508271534512,0.4812481415866492,-18.529694815825376,1.9370031802624075,0.0,0.0,0.0,1.967719445025448,1.7876401090578613,-0.0511050686746148,11.708850258620691,0.14024022959997165,0.7452380952380953,-1.2454803655009898,-0.4716960641867096,-0.5121716143973921,0.14178566277224866,0.7414918003879386,0.7296932278603125,0.36858204871665423,-0.038597426647450146,-0.6156533266069883,Engineering & Construction,Industrials,0.3501,13920081,298816,ENG
2018,2018-12-29,2019-03-28,-5671000.0,53996000.0,-5183000.0,-0.21,6933000.0,0.1283983998814727,22306000.0,15489000.0,20542000.0,6817000.0,6817000.0,0.0,-21472000.0,12580025.0,0.563031624863686,3.0133489804899516,8.966197435667533e-05,0.0001291238943766544,-0.3411555494436855,0.563031624863686,-0.36613080250500357,0.34517417956885693,-3.286549991183213,1.203307185744722,0.0,0.0,0.0,2.4206939836815207,2.8763385653513276,-0.2542365282883529,-5.272425742574257,0.1283983998814727,0.6440677966101696,-0.8649444059941583,-0.6858752655530422,-0.32282443766672897,0.07688723205964586,0.6511871078853487,0.15627543545498943,-1.5482869658496516,-0.3090521363079715,-0.6056724176858175,Engineering & Construction,Industrials,0.3501,13920081,298816,ENG
2017,2017-12-30,2018-03-15,-16258000.0,55765000.0,-6143000.0,-0.59,6438000.0,0.11544875818165516,29252000.0,21069000.0,25029000.0,8182000.0,8183000.0,0.0,-15801000.0,14871240.0,0.770291020766306,3.059032021510633,0.0021536988923834266,0.00299017513882956,-0.7635872483630696,0.770291020766306,-0.7716550382077935,0.4267235721330584,-1.4636634272358224,1.1294432578670084,0.0,0.0,0.0,1.9063653767263777,2.8568809582009287,-0.5557910570217421,-4.090809695719443,0.11544875818165516,-6.375,0.5244419245311567,-0.7595218974665118,-0.18148015687337035,-0.36333069620253167,-5.941929974380871,-0.89715873996294,-3.728558257232824,-0.4768867723464335,-0.2654482326427673,Engineering & Construction,Industrials,0.3501,13920081,298816,ENG
2016,2016-12-31,2017-03-10,-2342000.0,59224000.0,-3238000.0,-0.08,10112000.0,0.17074159124679184,44436000.0,36806000.0,29816000.0,7616000.0,7630000.0,0.0,457000.0,50646670.0,1.3309948287708386,3.9149159663865545,0.0054685390224142585,0.006602184426452209,-0.0603596966709135,1.3309948287708386,-0.06363092973971635,1.1159440429555585,-28.21975661827498,1.7956493506493507,0.0,0.0,0.0,1.3327932307138357,3.780856092436975,-0.052705013952651,6.956180402062941,0.17074159124679184,-1.2105263157894737,0.68016515830717,-0.8170083429088784,-0.392019763856165,-0.3784116056060979,-1.2222854973424448,-2.541904761904762,0.23380119515599437,-0.6572427743427774,0.6008286778807208,Engineering & Construction,Industrials,0.3501,13920081,298816,ENG
2015,2015-12-26,2016-03-03,10536000.0,79605000.0,2100000.0,0.38,16268000.0,0.20435902267445513,52200000.0,40012000.0,37424000.0,11870000.0,12188000.0,0.0,2799000.0,20261540.0,1.4278271419905078,3.1528222409435553,0.011590038314176244,0.015120463860841747,0.23115526103882966,1.4278271419905078,0.26332100369889033,0.34498511400037685,2.6065432801822324,0.6863575927221833,0.0,0.0,0.0,1.525,3.0426284751474304,0.20183908045977011,-7.129423676012461,0.20435902267445513,0.7272727272727273,1.8686307151130135,-0.7594376195386843,-0.40452006494141074,-0.30620948481746846,0.7469739678328635,-0.6947674418604651,1.3008061177108805,-0.6649353296807049,0.517225070482265,Engineering & Construction,Industrials,0.3501,13920081,298816,ENG
2014,2014-12-27,2015-03-12,6031000.0,107900000.0,6880000.0,0.22,23448000.0,0.21731232622798888,51656000.0,29032000.0,42848000.0,22408000.0,22624000.0,0.0,-7737000.0,45704250.0,1.0486545060502077,1.9121742234916101,0.013551184760724795,0.024111325434003857,0.20463384198848797,1.0486545060502077,0.20773629098925323,0.47467330861909174,8.492331288343559,1.7641654036924772,0.0,0.0,0.0,2.0888183366888646,1.8720992502677616,0.11675313613133034,15.385175728446981,0.21731232622798888,3.0,3.8286013972800546,-0.6898742311166312,-0.6358866276587494,0.10074171439301474,3.017731682837069,9.84318766066838,1.8226705222577382,-0.6669934897255295,-0.5209889622107069,Engineering & Construction,Industrials,0.3501,13920081,298816,ENG
2013,2013-12-28,2014-03-14,-2989000.0,168963000.0,-778000.0,-0.11,21302000.0,0.1260749394837923,45801000.0,22483000.0,36553000.0,23318000.0,23318000.0,0.0,-13768000.0,36640450.0,0.8314411449280722,1.5675872716356463,0.030261348005502064,0.061646577414046166,-0.03795205435720958,0.8314411449280722,-0.13294489169594806,0.23205938578268615,-13.11791569086651,1.7439598807988257,0.0,0.0,0.0,3.689067924281129,1.5226005660862854,-0.06526058383004738,3.9887538148524926,0.1260749394837923,0.9119999999999999,-1.1645505796671047,-0.6557459729346783,-0.7056174566976917,0.13792735042735044,0.9110443141573168,0.9631052307108645,0.7446256855151427,-0.4708596788563879,-0.653244777027709,Engineering & Construction,Industrials,0.3501,13920081,298816,ENG
2012,2012-12-29,2013-04-15,-33601000.0,227916000.0,-21087000.0,-1.25,18720000.0,0.08213552361396304,78687000.0,25299000.0,66691000.0,53388000.0,53388000.0,0.0,-10779000.0,41951970.0,0.9410780046869769,1.249175844759122,0.34095848107057075,1.0604766986837424,-0.5273258780318825,0.9410780046869769,-1.3281552630538755,0.06959129679355552,-0.47203862980268446,0.6269405905371753,0.0,0.0,0.0,2.8964886194670023,1.1027384430958267,-0.427020981864857,-2.8629909747292417,0.08213552361396304,-3.6296296296296293,-3.699153291420145,-0.3717543674775139,-0.5460319448329718,-0.31375783569778953,-3.7485867721876764,-4.292921686746988,-28.70454523444976,-0.3253818529421769,-0.6732392947860518,Engineering & Construction,Industrials,0.3501,13920081,298816,ENG
2011,2011-12-31,2012-04-12,-7076000.0,312747000.0,-3984000.0,-0.27,27279000.0,0.08722385826242937,104179000.0,58500000.0,72354000.0,45679000.0,45679000.0,0.0,22822000.0,72959420.0,2.189207394656089,1.5839663740449659,0.15936033173672237,0.2837948717948718,-0.04435817081790645,2.189207394656089,-0.12095726495726496,0.1802844471729545,-7.968261729790842,0.9638191452991451,0.0,0.0,0.0,3.0020157613338583,1.3453227960331882,-0.06792155808752244,11.471702950152594,0.08722385826242937,0.3720930232558139,-1.0159638094325893,0.024766697427165203,0.42180372796550397,0.20071305955367755,0.39788972089857044,0.7691237830319889,-1.3941986333009022,-0.355186148298118,-0.22488266958350706,Engineering & Construction,Industrials,0.3501,13920081,298816,ENG
2010,2010-12-31,2011-03-10,-11752000.0,320615000.0,-17256000.0,-0.43,22719000.0,0.07086068961215164,110324000.0,65102000.0,75082000.0,44970000.0,45222000.0,0.0,29920000.0,122367720.0,2.397775404220839,1.669601956860129,0.19411007577680287,0.3289453473011582,-0.13009721047366712,2.397775404220839,-0.18051672759669443,0.31502493645025964,-8.594428182437031,1.5514380510583394,0.0,0.0,0.0,2.906121968021464,1.4572603958194352,-0.10652260614190928,-13.78863071672355,0.07086068961215164,-11.749999999999998,-3.1993284479016517,0.2284618622209129,0.4616022209810274,-0.2683798666795479,-10.531224655312247,-6.702577660277594,-1.9347146129791224,-0.12495496869871445,0.15666653726917398,Engineering & Construction,Industrials,0.3501,13920081,298816,ENG
2009,2009-12-31,2010-03-08,1233000.0,343462000.0,3026000.0,0.04,31053000.0,0.09041174860683278,110635000.0,78711000.0,62083000.0,25775000.0,31924000.0,0.0,41672000.0,92612900.0,2.880021953896817,2.4086517943743937,0.06519636643015321,0.09163903393426585,0.01651960820667741,2.880021953896817,0.015664900712733926,0.24906074034390996,69.37785888077859,1.0867972710294622,0.0,0.0,0.0,3.1044606137298323,1.9435111542192047,0.011144755276359199,4.323623957543593,0.09041174860683278,-0.9393939393939393,-0.5524603405068859,0.9797286865646672,2.368901318724908,-0.5133292585453006,-0.9324679592507394,-0.9042374758694895,1.3434688149849818,0.10037286802842972,0.8704604966475828,Engineering & Construction,Industrials,0.3501,13920081,298816,ENG
2008,2008-12-31,2009-03-16,18258000.0,493332000.0,31599000.0,0.66,63807000.0,0.12933886307800832,152705000.0,76766000.0,110668000.0,52082000.0,75939000.0,0.0,40439000.0,113868000.0,2.8243561442236937,2.1248799969279215,0.1737533152156118,0.3456347862334888,0.1860271523658888,2.8243561442236937,0.23783966860328792,0.17905791637274696,4.838153138350312,1.1507047390771956,0.0,0.0,0.0,3.230621132248453,1.9967551169309934,0.11956386496840313,13.746498599439775,0.12933886307800832,0.4666666666666667,5.770781800448199,2.4183787484229606,2.6208925130346903,0.1074335699533124,0.46485879332477537,0.3833121744079149,2.4132483510309313,0.8882239659753097,0.721631311244595,Engineering & Construction,Industrials,0.3501,13920081,298816,ENG
TTM,,,,,,,,,,,,,,,,21325081.0,0.18386108273748722,1.27613059941416,0.3422694140734511,1.3913105413105413,-0.8201675966912173,0.18386108273748722,-1.363726907630522,0.30250523730876216,-0.6298434764170946,1.9041550000000003,0.0,0.0,0.0,1.6125595738716008,1.2256912195470457,-0.7437272217549762,-0.8209047001238426,-0.1168289290681502,,,,,,,,,,,Engineering & Construction,Industrials,0.3501,13920081,298816,ENG
