Quarters,Year,Quarter,FillingDate,Date,NetIncome,Revenue,OperatingIncome,EPSDiluted,GrossProfit,GrossProfitRatio,TotalAssets,CommonStockEquity,CurrentAssets,CurrentLiability,TotalLiability,Inventory,RetainedEarnings,MarketCap,EnterpriseValue,bookValuePerShare,currentRatio,debtToAssets,debtToEquity,roic,shareholdersEquityPerShare,roe,priceToSalesRatio,peRatio,pbRatio,payoutRatio,inventoryTurnover,dividendYield,assetTurnover,quickRatio,returnOnAssets,priceToFreeCashFlowsRatio,grossProfitMargin,epsdilutedGrowth,fiveYNetIncomeGrowthPerShare,fiveYRevenueGrowthPerShare,fiveYShareholdersEquityGrowthPerShare,grossProfitGrowth,netIncomeGrowth,operatingIncomeGrowth,threeYNetIncomeGrowthPerShare,threeYRevenueGrowthPerShare,threeYShareholdersEquityGrowthPerShare,Industry,Sector,Symbol
2023Q1,2023,Q1,2023-05-12,2023-03-31,-791000.0,47120000.0,1471000.0,-0.11,32668000.0,0.6932937182,114883000.0,20965000.0,62179000.0,38265000.0,93918000.0,3385000.0,845699000.0,69869250.0,78769250.0,2.8235690235690236,1.6249575329935972,0.19165585856915296,1.0502265680896732,0.013530357571218482,2.8235690235690236,-0.03772954924874791,1.4827939303904925,-22.082569532237674,3.332661578821846,0.0,4.269423929098966,0.0,0.41015642000992314,1.504795505030707,-0.006885265879198837,61.39652899824253,0.6932937181663837,-1.0365448504983388,-1.0202851215888697,-0.5144154667689731,28.583072867035128,-0.07319564230594644,-1.036277747202348,-0.3067860508953817,-1.1315518083005383,-0.010228305129840173,1.4029025361575993,Advertising Agencies,Communication Services,HHS
2022Q4,2022,Q4,2023-03-31,2022-12-31,21804000.0,54778000.0,2122000.0,3.01,35248000.0,0.6434700062,119984000.0,18808000.0,66311000.0,43566000.0,101176000.0,2190000.0,846490000.0,83010690.0,94968690.0,2.648641036473736,1.5220814396547766,0.18604147219629283,1.1868353891960868,0.36513895851657463,2.648641036473736,1.1592939174819226,1.515401986198839,0.9517828150798019,4.413584113143343,0.0,8.917808219178083,0.0,0.4565442058941192,1.4349263186888859,0.18172422989731965,12.804363720499769,0.6434700062068713,2.6265060240963853,1.649670964699326,-0.5204645567124444,1.474744147666492,-0.032790933787009854,2.0427016466648062,-0.749439130948164,7.5569761408780085,-0.07257135063425735,1.3353783137180983,Advertising Agencies,Communication Services,HHS
2022Q3,2022,Q3,2022-11-14,2022-09-30,7166000.0,53886000.0,8469000.0,0.83,36443000.0,0.6762981108,111133000.0,-3066000.0,80624000.0,45783000.0,114199000.0,4178000.0,826066000.0,79113732.3,93311732.3,-0.43211082331910156,1.7610029923770831,0.1899075882051236,-6.883561643835616,0.18490159904971762,-0.43211082331910156,-2.3372472276581866,1.4681685836766507,2.7600381070332127,-25.8035656555773,0.0,4.17496409765438,0.0,0.4848784789396489,1.4303562457680798,0.06448129718445467,7.708636100555393,0.6762981108265598,0.596153846153846,3.5253632450078003,-0.5012392320448906,0.581049775239773,0.07768511947007334,0.6063662855861914,1.1114435302916978,2.061054499298682,-0.07074002280464624,0.9327609095080148,Advertising Agencies,Communication Services,HHS
2022Q2,2022,Q2,2022-08-12,2022-06-30,4461000.0,48553000.0,4011000.0,0.52,33816000.0,0.6964760159,114160000.0,-7988000.0,83878000.0,41653000.0,122148000.0,11852000.0,818900000.0,89396580.0,110727580.0,-1.1383782243123841,2.0137325042613976,0.2794411352487737,-3.993615423134702,0.07610269315274297,-1.1383782243123841,-0.5584626940410616,1.8412164026939632,5.009895763281776,-11.191359539308964,0.0,1.2434188322645967,0.0,0.4253065872459706,1.4634720188221737,0.03907673440784863,10.593266974760043,0.6964760159001504,0.13043478260869565,2.483221733702455,-0.5478564734773151,-0.40081627379799845,-0.035784551338712896,0.33363228699551567,0.030046224961479198,2.048480773431385,-0.20641311062833279,0.7938944569341472,Advertising Agencies,Communication Services,HHS
2022Q1,2022,Q1,2022-05-13,2022-03-31,3345000.0,49062000.0,3894000.0,0.46,35071000.0,0.7148302148,111114000.0,-10848000.0,79854000.0,44604000.0,121962000.0,11964000.0,814439000.0,52921870.0,71789870.0,-1.5517093405807467,1.790287866559053,0.25667332649351116,-2.6290560471976403,0.08323574996046992,-1.5517093405807467,-0.3083517699115044,1.0786733113203701,3.955296711509716,-4.878490966076696,0.0,1.1694249414911402,0.0,0.4415465197904854,1.4945072190834903,0.03010421729035045,-24.1321796625627,0.7148302148302148,0.9166666666666669,1.3996079559642716,-0.5438015535252597,-1.5037599367790724,-0.0671862116658244,0.9048974943052391,0.7049036777583187,1.2217095077633477,-0.2563301324623025,0.6960589329137463,Advertising Agencies,Communication Services,HHS
2021Q4,2021,Q4,2022-03-21,2021-12-31,1756000.0,51986000.0,2284000.0,0.24,37597000.0,0.7232139422,107861000.0,-24715000.0,75375000.0,42442000.0,132576000.0,0.0,811094000.0,53017600.0,71874600.0,-3.54286123853211,1.775953065359785,0.28525602395675914,-1.2449119967630993,0.06218033233414211,-3.54286123853211,-0.07104996965405624,1.0198438041011042,7.548063781321184,-2.1451588104390047,0.0,0.0,0.0,0.48197216788273795,1.4541727534046462,0.016280212495712074,14.69853063487663,0.7232139422152117,-0.8471337579617835,1.013139968029702,-0.5829987506210598,-9.218611050063211,-0.6477537827329367,-0.8671206961785849,-0.5217755443886097,-0.041285102505185405,-0.33663158553921146,-0.15423700692377426,Advertising Agencies,Communication Services,HHS
2021Q3,2021,Q3,2021-11-12,2021-09-30,13215000.0,142610000.0,4776000.0,1.57,106735000.0,0.74843980085548,112464000.0,-38387000.0,82478000.0,42386000.0,150851000.0,0.0,809338000.0,52595400.0,73812400.0,-5.692866676553463,1.9458783560609636,0.33131490965998006,-0.9706671529424024,0.19250713012500822,-5.692866676553463,-0.3442571703962279,0.36880583409298084,0.994994324631101,-1.3701357230312345,0.0,0.0,0.0,1.2680502205150093,1.6267399613079792,0.11750426803243705,-19.35077262693157,0.74843980085548,0.2362204724409449,4.966214978905865,0.33599572500717445,-1.2858696240760534,1.9004864262615833,0.2503548112404201,2.3282229965156795,2.226844309340741,1.0787471748162722,-0.9278509280699577,Advertising Agencies,Communication Services,HHS
2021Q2,2021,Q2,2021-08-13,2021-06-30,10569000.0,49259000.0,1435000.0,1.27,36799000.0,0.7470513002700014,113697000.0,-42559000.0,82469000.0,46616000.0,156256000.0,0.0,804934000.0,38778800.0,58542800.0,-6.365390367932994,1.7691136090612665,0.34350070802219934,-0.9176672384219554,0.06241117018476602,-6.365390367932994,-0.24833760191733828,0.7872429403763779,0.9172769420001892,-0.9111774242815855,0.0,0.0,0.0,0.4332480188571378,1.445083233224644,0.09295759782580015,54.464606741573036,0.7470513002700014,5.535714285714286,3.279002223600819,-0.5347107033672758,-1.312678345252611,0.13279975373249192,7.011945392491468,2.6233031674208145,2.461515851135953,-0.3412612234996302,-4.45129579515142,Advertising Agencies,Communication Services,HHS
2021Q1,2021,Q1,2021-05-14,2021-03-31,-1758000.0,43754000.0,-884000.0,-0.28,32485000.0,0.7424464049001234,116862000.0,-54423000.0,83890000.0,53062000.0,171285000.0,42000.0,794365000.0,28931849.999999996,58830850.0,-8.182679296346414,1.5809807395122686,0.46903184953192656,-1.007147713282987,-0.04738910479816241,-8.182679296346414,0.032302519155504104,0.6612389724368057,-4.11431313993174,-0.5316107160575492,0.0,268.3095238095238,0.0,0.37440742071845423,1.3313482341411933,-0.015043384504800535,-4.513549141965678,0.7424464049001234,-3.5454545454545454,0.7106714128192327,-0.6356044907079644,-1.3878029379132997,-0.06450683945284377,-2.6839080459770117,-1.4021739130434783,-1.0503302992502208,-0.4966305710905665,-78.9355133147803,Advertising Agencies,Communication Services,HHS
2020Q4,2020,Q4,2021-03-24,2020-12-31,1044000.0,47075000.0,-368000.0,0.11,34725000.0,0.7376526818906001,119498000.0,-53123000.0,86238000.0,47192000.0,172621000.0,46000.0,796123000.0,18092250.0,43742250.0,-8.074631402948777,1.8273859976267164,0.460744112872182,-1.036424900702144,0.004746026460402023,-8.074631402948777,-0.019652504564877736,0.3843281996813595,4.332435344827586,-0.34057282156504715,0.0,268.4782608695652,0.0,0.3939396475254816,1.5162315646719784,0.00873654789201493,7.9771825396825395,0.7376526818906001,1.4074074074074074,-0.6180482101919216,-0.6623542492921852,-1.3525098319866824,0.005763772229624051,1.6440468846391116,-1.4687898089171973,1.033575107289534,-0.5552002900180513,-0.44730220151598105,Advertising Agencies,Communication Services,HHS
2020Q3,2020,Q3,2020-11-13,2020-09-30,-1621000.0,47702000.0,785000.0,-0.27,34526000.0,0.7237851662404092,114662000.0,-48960000.0,91645000.0,50036000.0,163622000.0,54000.0,795079000.0,13437380.0,28871380.0,-7.505748888548214,1.831581261491726,0.3901030855906926,-0.9136029411764706,0.05672734000249648,-7.505748888548214,0.033108660130718955,0.28169426858412644,-2.0723904996915485,-0.2744562908496732,0.0,244.0,0.0,0.41602274511171966,1.5129506755136302,-0.014137203258272139,-2.517777777777778,0.7237851662404092,0.7272727272727273,0.9910426197779317,-0.6306260032588549,-1.338095115765542,0.1107679438921597,0.7400160384923817,1.13338997451147,0.3786165330616726,-0.5197332131252952,-6.27714978231163,Advertising Agencies,Communication Services,HHS
2020Q2,2020,Q2,2020-08-14,2020-06-30,-6235000.0,41601000.0,-5885000.0,-0.99,31083000.0,0.7471695391937694,119182000.0,-49340000.0,93508000.0,52722000.0,168522000.0,377000.0,796700000.0,19617120.0,36233120.0,-7.646056097938943,1.7736049467015667,0.39182930308268027,-0.9464734495338468,-0.28074180738413357,-7.646056097938943,0.12636805837049048,0.47155404918151006,-0.7865725741780273,-0.3975905958654236,0.0,27.89920424403183,0.0,0.3490543874074944,1.3153522248776601,-0.05231494688795288,-6.8591328671328675,0.7471695391937694,-2.4776119402985075,-0.4322572917915649,-0.6741284630792814,-1.1506963628226268,0.1395732512098548,-2.218249316139117,-0.15233992559232426,-1.2542398691480727,-0.5787365019744926,-8.408753245288842,Advertising Agencies,Communication Services,HHS
2020Q1,2020,Q1,2020-05-14,2020-03-31,5118000.0,40522000.0,-5107000.0,0.67,27276000.0,0.6731158383100538,114204000.0,-44291000.0,82639000.0,44355000.0,158495000.0,407000.0,802935000.0,9922400.0,27577400.0,-7.008069620253164,1.8631270431743885,0.36003117228818604,-0.928337585513987,0.21993080923848496,-7.008069620253164,-0.11555395001241787,0.24486451803958342,0.4846815162172724,-0.2240274547876544,0.0,32.54545454545455,0.0,0.3548211971559665,1.3582685153872167,0.04481454239781444,-2.15236442516269,0.6731158383100538,2.430743380855397,2.102450288043265,-0.6726125039134861,-1.1344860764990166,-0.21069537286222761,2.7372708757637474,-13.101895734597157,1.6763328928832173,-0.5832058161898431,-10.30786771108911,Advertising Agencies,Communication Services,HHS
2019Q4,2019,Q4,2020-03-19,2019-12-31,-2946000.0,52327000.0,422000.0,-0.4682880305197902,34557000.0,0.6604047623597761,110202000.0,-49683000.0,79301000.0,45531000.0,159885000.0,354000.0,797817000.0,22521780.0,33811780.0,-7.8974725798760135,1.7416924732599768,0.3574708263007931,-0.7929070305738382,0.05877135859944741,-7.8974725798760135,0.05929593623573456,0.430404571253846,-1.9112169042769858,-0.4533095827546646,0.0,50.19774011299435,0.0,0.4748280430482205,1.4908743493444028,-0.026732727173735503,15.196882591093118,0.6604047623597761,0.5172288345156802,-1.2875777728904216,-0.648273127543474,-1.1497825700790318,0.013401759530791788,0.5080160320641283,1.0943016759776536,0.9755550402653406,-0.5345601359716657,-19.320292848791446,Advertising Agencies,Communication Services,HHS
2019Q3,2019,Q3,2019-11-12,2019-09-30,-5988000.0,51414000.0,-4475000.0,-0.97,34100000.0,0.6632434745400085,112150000.0,-40429000.0,78789000.0,44960000.0,152579000.0,407000.0,800763000.0,19187550.0,28775550.0,-6.426482276267684,1.7524243772241992,0.3684886312973696,-1.0221870439535976,-0.1935360464217835,-6.426482276267684,0.1481115041183309,0.37319698914692495,-0.8010834168336673,-0.47459867916594517,0.0,42.54054054054054,0.0,0.45843958983504235,1.6303603202846975,-0.053392777530093624,-3.045159498492303,0.6632434745400085,-0.5396825396825397,-1.9251193144931864,-0.6197794419310555,-1.116373114325674,-0.075128831027936,-0.5745464107283723,0.32330258581581733,-0.9263018825377602,-0.4837382416000765,-1.3227084308885115,Advertising Agencies,Communication Services,HHS
2019Q2,2019,Q2,2019-08-09,2019-06-30,-3803000.0,54686000.0,-6613000.0,-0.63,36870000.0,0.6742127784076363,126246000.0,-34642000.0,87551000.0,49830000.0,160888000.0,409000.0,806751000.0,14739200.0,19517200.0,-5.52327806122449,1.7569937788480834,0.34676742233417296,-1.2637261128110386,-0.19067625550845496,-5.52327806122449,0.10978003579470008,0.2695241926635702,-0.9689192742571654,-0.4254719704405058,0.0,43.559902200489,0.0,0.4331701598466486,1.6257274734095926,-0.030123726692330845,0.8189354372708079,0.6742127784076363,0.7110091743119267,-1.6748002277680631,-0.6101617368938168,-1.100028962691033,0.01991701244813278,0.7188585791380202,0.39552102376599635,0.12582677775543716,-0.4493521448315447,-1.2713124167928334,Advertising Agencies,Communication Services,HHS
2019Q1,2019,Q1,2019-05-09,2019-03-31,-13527000.0,59150000.0,-10940000.0,-2.18,36150000.0,0.6111580726965342,133581000.0,-32000000.0,92864000.0,54774000.0,165581000.0,386000.0,810554000.0,23254280.0,45385280.0,-5.105296745373325,1.6954029283966845,0.32244855181500365,-1.34603125,-0.3277814937646412,-5.105296745373325,0.42271875,0.39314082840236686,-0.42977526428624235,-0.7266962499999999,0.0,59.58549222797927,0.0,0.4428024943667138,1.2742907218753423,-0.10126440137444696,-5.847191350264018,0.6111580726965342,-9.302864107251676,-8.332409139726368,-0.5543057396522811,-1.0924537867123323,-0.16860237805018283,-9.243144424131627,-1.5224809776343093,-1.3622830058106579,-0.4772813894261308,-1.2419560885954544,Advertising Agencies,Communication Services,HHS
2018Q4,2018,Q4,2019-03-18,2018-12-31,1641000.0,70211000.0,-4337000.0,0.26256,43481000.0,0.6192904245773454,125175000.0,-19184000.0,104992000.0,54162000.0,144359000.0,448000.0,812704000.0,15125000.0,8443000.0,-3.06944,1.938480853735091,0.1134411823447174,-0.7402001668056714,-0.2518026650189794,-3.06944,-0.08554003336113428,0.21542208485849795,2.3042352224253504,-0.7884174311926605,0.0,59.66517857142857,0.0,0.5609027361693629,1.4305970975961007,0.01310964649490713,-4.562594268476621,0.6192904245773454,1.162074074074074,-0.7498522180932075,-0.5382154630008082,-1.055009221679167,0.07169969437050182,1.1643629807692308,0.5810876074567758,-0.36802994420432217,-0.4699022175249393,-1.134000888052681,Advertising Agencies,Communication Services,HHS
2018Q3,2018,Q3,2018-11-08,2018-09-30,-9984000.0,63588000.0,-10353000.0,-1.62,40572000.0,0.6380449141347424,106089000.0,-18456000.0,87135000.0,52885000.0,124545000.0,527000.0,811063000.0,44062500.0,33684500.0,-2.95296,1.6476316535879738,0.0,0.0,0.49037584929274425,-2.95296,0.540962288686606,0.6929373466691828,-1.1033278245192308,-2.3874349804941484,0.0,43.673624288425046,0.0,0.5993835364646665,1.2182471400208,-0.0941096626417442,-4.304239523297841,0.6380449141347424,-0.4727272727272727,-0.22232598458338432,-0.5285971156898046,-1.0563351369634848,-0.06246100519930676,-0.4826254826254826,-0.6412492073557388,0.9424202296827645,-0.4861075261707989,-1.1330155548601262,Advertising Agencies,Communication Services,HHS
2018Q2,2018,Q2,2018-08-09,2018-06-30,-6734000.0,69633000.0,-6308000.0,-1.1,43275000.0,0.6214725776571454,119984000.0,-7270000.0,96498000.0,54085000.0,127254000.0,462000.0,821047000.0,69108600.0,48895600.0,-1.1676839061998072,1.784191550337432,0.0,0.0,0.7984320848932726,-1.1676839061998072,0.9262723521320495,0.9924690879324458,-2.565659340659341,-9.505997248968363,0.0,57.05194805194805,0.0,0.5803523803173757,1.3867430895812147,-0.056124149886651556,-87.1482976040353,0.6214725776571454,-1.2355460385438972,-1.8128676899411684,-0.6290103548877051,-1.021496686106377,-0.24144156777507056,-1.2063808268718013,-0.2528301886792453,-0.603283211559233,-0.4346592201068326,-1.0230139192463237,Advertising Agencies,Communication Services,HHS
2018Q1,2018,Q1,2018-05-11,2018-03-31,32629000.0,81198000.0,-5035000.0,4.67,57049000.0,0.702591196827508,125558000.0,-636000.0,101405000.0,52851000.0,126194000.0,473000.0,827783000.0,56885606.7,34039606.7,-0.10236600676001932,1.9186959565571133,0.0,0.0,10.831184396270983,-0.10236600676001932,-51.30345911949686,0.7005789145052834,0.43585159444052846,-89.44277783018867,0.0,51.05496828752643,0.0,0.6466971439494098,1.5035287884808235,0.25987193169690503,48.085889010989014,0.702591196827508,1.9873150105708244,3.9209665518655497,-0.5421816916593037,-1.001911900839307,-0.19537101028194243,2.1120616202583418,0.8505180654929787,19.119817560204083,-0.3326828704268503,-1.001964421497218,Advertising Agencies,Communication Services,HHS
2017Q4,2017,Q4,2018-03-15,2017-12-31,-29341000.0,99866000.0,-33683000.0,-4.73,70901000.0,0.7099613482065968,130812000.0,-34635000.0,103206000.0,67248000.0,165447000.0,587000.0,794583000.0,58895296.0,50498296.0,-5.579091494845361,1.534707351891506,0.0,0.0,0.7939044657041211,-5.579091494845361,0.8471488378807565,0.5897432159093184,-0.5018173886370608,-1.7004560704489677,0.0,49.34412265758092,0.0,0.7634314894657982,1.3352664763264335,-0.22429899397608782,6.138763393787784,0.7099613482065968,-10.825,-3.7692015986923524,-0.4323595902407092,-1.1065430957967552,0.04731306685574167,-10.831048387096773,-36.45578947368421,-3.9024547777997474,-0.31975501950043644,-1.1058124171185315,Advertising Agencies,Communication Services,HHS
2017Q3,2017,Q3,2017-11-08,2017-09-30,-2480000.0,94424000.0,950000.0,-0.4,67698000.0,0.7169575531644498,182741000.0,-6396000.0,121518000.0,71520000.0,189137000.0,796000.0,823924000.0,66352839.99999999,66949839.99999999,-1.031413274850029,1.6990771812080536,0.06566670862039717,-1.876172607879925,0.2003879837974918,-1.031413274850029,0.3877423389618512,0.7027115987460815,-6.688794354838709,-10.374115071919949,0.0,33.57537688442211,0.0,0.5167094412310319,1.4274328859060403,-0.013571119781548749,-54.07729421352892,0.7169575531644498,0.0,-1.2841061309764294,-0.5103546900009399,-1.0191657023023863,-0.007375258427295787,0.0652091971353185,1.530429927414852,-1.3886973539238612,-0.2915967537523868,-1.0186772124766288,Advertising Agencies,Communication Services,HHS
2017Q2,2017,Q2,2017-10-02,2017-06-30,-2653000.0,94722000.0,-1791000.0,-0.4,68201000.0,0.7200122463630413,176201000.0,-5030000.0,114147000.0,63439000.0,181231000.0,779000.0,826404000.0,63752880.00000001,62794880.00000001,-0.8126534832622464,1.799319030880058,0.06876237932815364,-2.408747514910537,-0.13820090775000993,-0.8126534832622464,0.5274353876739563,0.6730525115601445,-6.00762156049755,-12.674528827037774,0.0,34.04492939666239,0.0,0.537579241888525,1.4897775816138337,-0.015056668236843151,-1.4970033108695144,0.7200122463630413,0.6666666666666666,0.9753828911446671,-0.5157996299398325,-1.0152447079759028,0.002719948247471183,0.6408069320335771,0.71759697256386,-1.4770123364871526,-0.3157691829499899,-1.0147175072587158,Advertising Agencies,Communication Services,HHS
2017Q1,2017,Q1,2017-08-17,2017-03-31,-7386000.0,94894000.0,-6342000.0,-1.2,68016000.0,0.7167576453727317,195720000.0,-3823000.0,133161000.0,93475000.0,199543000.0,869000.0,829057000.0,86360400.0,42718400.0,-0.6197516454300814,1.424562717304092,0.0,0.0,1.3826093747869284,-0.6197516454300814,1.9319905833115354,0.9100722911880624,-2.923111291632819,-22.5896939576249,0.0,30.929804372842348,0.0,0.4848456979358267,1.3001765177855042,-0.03773758430410791,-38.14505300353357,0.7167576453727317,0.9375,-2.1088703329278142,-0.5041454340699574,-1.008665264115519,-0.12307573296201749,0.937423219323737,0.818805176994943,-5.06814928688145,-0.27345348473594033,-1.011223321444172,Advertising Agencies,Communication Services,HHS
2016Q4,2016,Q4,2017-06-16,2016-12-31,-118031000.0,110107000.0,-35001000.0,-19.2,77562000.0,0.7044238785908253,213437000.0,2656000.0,149429000.0,104667000.0,210781000.0,838000.0,837316000.0,93035630.0,47030630.0,0.43107785694577444,1.4276610584042726,0.0,0.0,-20.664683397992626,0.43107785694577444,-44.43938253012048,0.8449565422725167,-0.19705761621946774,35.02847515060241,0.0,38.83651551312649,0.0,0.5158758790650169,1.2880659615733707,-0.55300158829069,-7.728495597275295,0.7044238785908253,-37.4,-9.170660156689529,-0.500237564622038,-0.9939333002341717,0.10565930149679259,-37.81321933574482,-6.655511811023622,-19.251216787379352,-0.26539002799655914,-0.9922744026943968,Advertising Agencies,Communication Services,HHS
2016Q3,2016,Q3,2016-11-09,2016-09-30,-3041000.0,97425000.0,-4572000.0,-0.5,70150000.0,0.7200410572235053,378784000.0,122558000.0,267936000.0,155225000.0,256226000.0,1021000.0,955347000.0,99699660.0,153969660.0,19.914206327283363,1.7261137059107747,0.16144557320266958,0.498971915338044,-0.019799559934183017,19.914206327283363,-0.02481274172228659,1.0233478060046188,-8.196289049654718,0.8134896130811534,0.0,26.714005876591578,0.0,0.2572046337754499,0.545414720566919,-0.00802832221001943,26.79378124160172,0.7200410572235053,0.28571428571428564,-1.255855278719039,-0.5328133420420785,-0.7211034056778008,0.0037201316354270996,0.2866525920713113,0.36278745644599303,0.6219055985817669,-0.26651904971118207,-0.620086441751122,Advertising Agencies,Communication Services,HHS
2016Q2,2016,Q2,2016-08-09,2016-06-30,-4263000.0,97317000.0,-7175000.0,-0.7,69890000.0,0.7181684597757843,386417000.0,125118000.0,274636000.0,159017000.0,261299000.0,1241000.0,958387000.0,97721400.0,154556400.0,20.35763097949886,1.727085783281033,0.18046825062044372,0.55736185041321,-0.02627676182933948,20.35763097949886,-0.03407183618663981,1.0041554918462345,-5.730788177339901,0.7810339039946291,0.0,22.10072522159549,0.0,0.2518445099465086,0.5564562279504707,-0.011032123327907416,6.792340307221798,0.7181684597757843,0.2222222222222223,-1.4663714736288767,-0.5290104257209204,-0.7079230522553397,-0.1327492926986648,0.23915759414599322,-0.1265504788820851,-1.5212890981072478,-0.47476706065627605,-0.625222544635413,Advertising Agencies,Communication Services,HHS
2016Q1,2016,Q1,2016-05-16,2016-03-31,-5603000.0,110723000.0,-6369000.0,-0.9,80588000.0,0.7278343252982669,394418000.0,129409000.0,125457000.0,86380000.0,265009000.0,1122000.0,962650000.0,155167430.0,222334430.0,21.10009619931193,1.4523848112989117,0.1998970635214417,0.6092543795253808,-0.022612474465850945,21.10009619931193,-0.043296834068727835,1.401401967070979,-6.923408441906122,1.1990466659969554,-0.9432446903444583,26.858288770053477,0.034059982819848206,0.28072501762089963,1.213452188006483,-0.014205741117291807,84.8373045379989,0.7278343252982669,-3.25,-1.735111897462152,-0.4258341474756451,-0.6967427651388913,-0.128297764172679,-3.2015717092337916,-1.937858930938006,-1.8560292004639631,-0.36757799002114083,-0.6059112501331277,Advertising Agencies,Communication Services,HHS
2015Q4,2015,Q4,2016-03-14,2015-12-31,2545000.0,129815000.0,6791000.0,0.4,92449000.0,0.71215961175519,414621000.0,140316000.0,151706000.0,97440000.0,274305000.0,963000.0,973538000.0,198472680.0,258172680.0,22.906116851951612,1.556917077175698,0.1864666767963996,0.5509920465235612,0.01610206897750425,22.906116851951612,0.018137632201602097,1.5288886492315987,19.49633398821218,1.4144693406311468,2.0781925343811394,38.80166147455867,0.02664850396538204,0.3130931621890835,1.36256157635468,0.0061381357914818595,-81.50828747433265,0.71215961175519,1.0144404332129964,-0.8306038878555864,-0.4286827330233334,-0.6671410669711584,0.05805942135140084,1.0148905297401032,1.0330562018711242,-0.7565759782689772,-0.25221540888438804,-0.562565230496046,Advertising Agencies,Communication Services,HHS
2015Q3,2015,Q3,2015-11-05,2015-09-30,-170914000.0,121968000.0,-205438000.0,-27.7,87376000.0,0.7163846254755346,421815000.0,136766000.0,160837000.0,174898000.0,285049000.0,1245000.0,976282000.0,217469179.99999997,268632180.0,22.2001103788592,0.9196045695205205,0.17995092635397034,0.5550063612301303,-0.8008517379703639,22.2001103788592,-1.2496819384934852,1.783001934933753,-0.31809737645833575,1.59008218416858,-0.030974642217723534,27.784738955823293,0.024343679412411456,0.28915045695387787,0.7850575764159682,-0.40518710809241015,4.010200815062051,0.7163846254755346,-38.57142857142858,-13.776475158723217,-0.41885952968757556,-0.671360098627243,0.005026512842337731,-39.96692233940556,-26.498076207024948,-20.70875951091494,-0.36335426473911714,-0.5874779615734577,Advertising Agencies,Communication Services,HHS
2015Q2,2015,Q2,2015-08-05,2015-06-30,-4172000.0,122345000.0,8057000.0,-0.7,86939000.0,0.7106052556295721,633612000.0,313780000.0,161412000.0,115273000.0,319832000.0,1094000.0,1152491000.0,368584280.0,410869280.0,50.738159533011014,1.400258516738525,0.11600159087896063,0.23424055070431513,0.01959245543264525,50.738159533011014,-0.013295939830454458,3.0126632065061916,-22.086785714285714,1.1746582956211358,-1.2787631831255992,32.36380255941499,0.014474301508463681,0.19309135559301277,1.187953813989399,-0.0065844712537010035,-7.3943121953176725,0.7106052556295721,-3.3333333333333335,-1.319887345097846,-0.3938001032154012,-0.2244320349723609,0.020243152533621234,-3.58328173374613,1.6723051409618575,0.9612549584750691,-0.37406027060774977,-0.04819404426779612,Advertising Agencies,Communication Services,HHS
2015Q1,2015,Q1,2015-05-07,2015-03-31,1615000.0,121173000.0,3015000.0,0.3,85214000.0,0.7032424715076792,655061000.0,322415000.0,168086000.0,120697000.0,332646000.0,1231000.0,1161999000.0,482601600.0,527514600.0,52.11000129299198,1.3926278200783782,0.11921637832201887,0.2422157778019013,0.004321931021765205,52.11000129299198,0.005009072158553417,3.9827486321210173,74.70613003095976,1.4968335840454075,3.2959752321981424,29.211210398050365,0.011029801807536484,0.18497971944597527,1.1896650289568091,0.0024654192510315835,27.23639031548056,0.7032424715076792,-0.8125,-0.845848962039249,-0.37779048447915303,-0.1859428303468112,-0.16736855476192802,-0.839924670433145,-0.7942822052401747,-0.7582667213099963,-0.3687318496710753,-0.2714066552409926,Advertising Agencies,Communication Services,HHS
2014Q4,2014,Q4,2015-03-05,2014-12-31,10089000.0,146518000.0,14656000.0,1.6,102343000.0,0.6985012080426978,647199000.0,326676000.0,206494000.0,124269000.0,320523000.0,1235000.0,1165707000.0,479547180.00000006,505485180.00000006,52.72624562196362,1.6616694429020915,0.127761322251734,0.25311623749525525,0.025123880493576015,52.72624562196362,0.030883811482937222,3.272957452326677,11.88292149866191,1.4679596297248652,0.5283972643473089,35.76923076923077,0.01111673725200511,0.22638786524701057,1.4649188454079456,0.0155887138268137,176.9546789667897,0.6985012080426978,0.6000000000000001,-0.2327557891744981,-0.308781240808852,-0.16547594899245668,0.09141418988813173,0.5714953271028037,0.3905123339658444,-0.30546976378467605,-0.33866480447114916,-0.2579662888877936,Advertising Agencies,Communication Services,HHS
2014Q3,2014,Q3,2014-11-03,2014-09-30,6420000.0,134121000.0,10540000.0,1.0,93771000.0,0.6991522580356544,641195000.0,344581000.0,201175000.0,117947000.0,296614000.0,1540000.0,1160949000.0,397475260.0,417522260.0,55.223084073207474,1.7056389734372217,0.1361223964628545,0.2532960319924778,0.014950969812557807,55.223084073207474,0.0186313232592627,2.9635572356305127,15.478008566978195,1.1535031240840325,0.8358255451713396,26.2012987012987,0.013500211308749127,0.2091734963622611,1.4845735796586603,0.010012554683052738,83.96182087029996,0.6991522580356544,0.11111111111111108,-0.5344779619841361,-0.3472126226988084,-0.0937079149056543,-0.04463485206618306,0.13890367216604577,-0.04068444525348139,-0.4672530371677396,-0.365656063514047,-0.22660588010051674,Advertising Agencies,Communication Services,HHS
2014Q2,2014,Q2,2014-08-04,2014-06-30,5637000.0,140310000.0,10987000.0,0.9,98152000.0,0.699536740075547,662511000.0,346397000.0,220103000.0,131514000.0,316114000.0,1468000.0,1159895000.0,451057460.00000006,465910460.00000006,55.21678834443842,1.6736088933497575,0.13867694272246045,0.26523035707584075,0.015222818986001316,55.21678834443842,0.01627323562271036,3.214720689900934,20.00432233457513,1.3021402032927538,0.959907752350541,28.71798365122616,0.011996254313142276,0.21178516281239104,1.4596316741943824,0.008508537971445003,156.671573463008,0.699536740075547,2.0000000000000004,-0.5625854002797321,-0.34077009516730666,-0.06163670567187661,0.061665098268271844,2.0552845528455284,1.3994321904345928,-0.39583681645521296,-0.33472564540736705,-0.20778841997147174,Advertising Agencies,Communication Services,HHS
2014Q1,2014,Q1,2014-05-05,2014-03-31,1845000.0,132727000.0,4579000.0,0.3,92451000.0,0.6965500614042358,668892000.0,346152000.0,224217000.0,131469000.0,322740000.0,1320000.0,1159669000.0,554144240.0,564543240.0,55.21998532367674,1.705474294320334,0.1419332268886457,0.27426679608957916,0.006049631084609829,55.21998532367674,0.005330028426818277,4.175067921372441,75.08729539295393,1.6008696757493819,2.9143631436314363,30.51212121212121,0.00970324982535233,0.19842814684582863,1.4810867961268437,0.002758292818571608,133.7866344760985,0.6965500614042358,-0.7272727272727273,-0.7372593862001889,-0.3821849772933098,-0.025788617155630578,-0.1553129282777524,-0.7190070057873896,-0.6332105094520987,-0.7631689244759093,-0.3266074899947317,-0.20636096157346984,Advertising Agencies,Communication Services,HHS
2013Q4,2013,Q4,2014-03-12,2013-12-31,6566000.0,152179000.0,12484000.0,1.1,109450000.0,0.7192188146853377,685536000.0,349054000.0,239305000.0,140843000.0,336482000.0,1286000.0,1163201000.0,489187920.0,498440920.0,55.79864441460452,1.6990904766300066,0.14295383466367922,0.28075885106602416,0.01694118980406543,55.79864441460452,0.01881084302142362,3.214556016270313,18.62579652756625,1.4014677385161034,0.8181541273225709,33.226283048211506,0.010981464955226204,0.2219854245437147,1.4829916999779897,0.009577906922466508,23.57645766061015,0.7192188146853377,1.8461538461538463,-0.5363606438144197,-0.4290869923258936,-0.009183095978194568,0.14418030901754167,1.8033769729597455,0.4933014354066986,-0.5720398972661485,-0.3441659647547417,-0.1891651752087102,Advertising Agencies,Communication Services,HHS
2013Q3,2013,Q3,2013-11-07,2013-09-30,-8173000.0,134973000.0,8360000.0,-1.3,95658000.0,0.7087195216821142,670009000.0,327810000.0,223105000.0,123456000.0,342199000.0,1245000.0,1162007000.0,552210540.0,576511540.0,52.41773002014775,1.8071620658372214,0.1508367798044504,0.3082944388517739,0.012228798213189066,52.41773002014775,-0.02493212531649431,4.091266697784001,-16.891304906399117,1.684544522741832,-0.6583873730576287,31.57831325301205,0.009744471737174739,0.2014495327674703,1.544874287195438,-0.012198343604339643,124.42779179810725,0.7087195216821142,-2.0,-1.4977491174381925,-0.49399775466576,-0.11334761435705375,-0.1904298445315211,-1.9836322060416416,-0.4157523237123489,-1.6018578631083362,-0.36647881489286377,-0.22403279398062242,Advertising Agencies,Communication Services,HHS
2013Q2,2013,Q2,2013-08-06,2013-06-30,8309000.0,188256000.0,14309000.0,1.3,118159000.0,0.6276506459289478,705435000.0,339202000.0,227994000.0,134055000.0,366233000.0,4353000.0,1175560000.0,574503200.0,614753200.0,54.31925183358422,1.700749692290478,0.14760396067674555,0.3069704777684094,0.019881726993796284,54.31925183358422,0.02449572820914971,3.051712561618222,17.285569864002888,1.6936904853155346,0.6460464556504995,16.103147254766828,0.009343725152444755,0.26686512577345894,1.4574092723136027,0.011778547988120804,48.115845896147405,0.6276506459289478,0.18181818181818177,-0.5382019719149567,-0.30639807633434823,-0.050178641654765016,0.06694658901079055,0.2462876856157192,0.40642815018675055,-0.3690608984313908,-0.07622887340796863,-0.16969255498935717,Advertising Agencies,Communication Services,HHS
2013Q1,2013,Q1,2013-05-07,2013-03-31,6667000.0,178332000.0,10174000.0,1.1,110745000.0,0.6210046430253684,698981000.0,334479000.0,222398000.0,127971000.0,364502000.0,4975000.0,1172619000.0,464784240.00000006,510961240.00000006,53.54148324822718,1.7378781130099787,0.15334894653788872,0.3204625701464068,0.014455701609927407,53.54148324822718,0.019932492024910382,2.6062862526074966,17.428537573121343,1.3895767447283687,0.0,13.58532663316583,0.0,0.2551313984214163,1.465878988208266,0.0095381705654374,45.146599320058286,0.6210046430253684,-0.35294117647058815,-0.48265278763717034,-0.29981355085841266,0.02659235690361937,-0.08262162542764602,-0.37668287210172025,-0.6970310592299217,-0.369739516048809,-0.09306582911602848,-0.16358036402606874,Advertising Agencies,Communication Services,HHS
2012Q4,2012,Q4,2013-03-13,2012-12-31,10696000.0,177601000.0,33581000.0,1.7,120719000.0,0.6797202718453161,706212000.0,328164000.0,225500000.0,140197000.0,378048000.0,5067000.0,1165952000.0,369747100.0,430349100.0,52.364645997223505,1.6084509654272203,0.15611459448437578,0.3359600687461147,0.05058217189139784,52.364645997223505,0.03259345936787704,2.081897624450313,8.642181656694092,1.1267143867090845,1.0043941660433806,11.225971975527926,0.029054994616590637,0.25148397365097164,1.3623330028459952,0.015145593674420713,12.330657640232108,0.6797202718453161,0.21428571428571433,-0.5521839892055647,-0.3242944466651928,-0.07388441253784443,0.009617877543510442,0.20681484824551508,1.0713668887244017,-0.19583621990495842,-0.17166205350619143,-0.17119916292740117,Advertising Agencies,Communication Services,HHS
2012Q3,2012,Q3,2012-11-06,2012-09-30,8863000.0,195799000.0,16212000.0,1.4,119569000.0,0.6106721689079107,688533000.0,338839000.0,205516000.0,125833000.0,349694000.0,6140000.0,1165999000.0,438222479.99999994,515720479.99999994,53.81557422613281,1.633244061573673,0.1645716327322002,0.3344154598496631,0.021724407297474112,53.81557422613281,0.02615696540244777,2.2381241987957035,12.361008687803226,1.293305906344901,0.609838655082929,12.415309446254073,0.012333917694044358,0.2843712647033621,1.397916285870956,0.012872295155061558,38.182667944584814,0.6106721689079107,1.0804597701149425,-0.5352277784358284,-0.21632631571853644,-0.13050097004618638,-0.033231187186183585,1.0807893897269951,1.106193299053483,-0.36310003677808184,-0.05556800454084341,-0.11680722302117134,Advertising Agencies,Communication Services,HHS
2012Q2,2012,Q2,2012-08-08,2012-06-30,-109705000.0,199137000.0,-152665000.0,-17.4,123679000.0,0.6210749383590192,681686000.0,335873000.0,195832000.0,119159000.0,345813000.0,5881000.0,1162541000.0,575883980.0,657851980.0,53.3072515752218,1.643451187069378,0.17071642955847707,0.34648512979608365,-0.24060233476691562,53.3072515752218,-0.326626433205408,2.8918984417762648,-1.3123467025203956,1.714588490292462,-0.049295838840526865,12.830811086549906,0.009390780413790985,0.2921242331513336,1.3762535771532154,-0.1609318659910868,51.85341076895372,0.6210749383590192,-16.818181818181817,-6.581889030012517,-0.20047454773907109,-0.16418248851407757,0.022148943379697354,-17.149712939790962,-12.805211877513146,-9.475900295698523,-0.06843231790297047,-0.09408769145224154,Advertising Agencies,Communication Services,HHS
2012Q1,2012,Q1,2012-05-02,2012-03-31,6793000.0,195172000.0,12932000.0,1.1,120999000.0,0.6199608550406821,850699000.0,449941000.0,195714000.0,121659000.0,400758000.0,6108000.0,1277654000.0,569335500.0,656874500.0,71.52137974884756,1.6087095899193649,0.1385989639108545,0.2620476906972247,0.013706212152416143,71.52137974884756,0.015097535010145775,2.917096202324104,20.953021492713088,1.2653559022182908,0.7956720153098779,12.143582187295351,0.009493523590220529,0.2294254489543305,1.349074051241585,0.00798519805477613,57.52025661749848,0.6199608550406821,-0.5217391304347825,-0.6031042549686962,-0.1810144755911628,0.09959871760296844,-0.12542644847924136,-0.5387696903856599,-0.45723159573575084,-0.03607481512982508,-0.0947520045854323,0.2618066060620013,Advertising Agencies,Communication Services,HHS
2011Q4,2011,Q4,2012-03-07,2011-12-31,14728000.0,224624000.0,23826000.0,2.3,138352000.0,0.6159270603319325,932514000.0,446355000.0,275517000.0,205069000.0,486159000.0,7110000.0,1276266000.0,571006530.0,663666530.0,71.05640192941401,1.3435331522560698,0.1924239207132547,0.4020073708147103,0.02249181555116888,71.05640192941401,0.03299615776679997,2.542054856115108,9.692533439706681,1.2792654501461842,0.34342748506246606,12.133895921237693,0.00885804230645138,0.24088002968320046,1.1858155060004194,0.015793864756990243,25.67821783513963,0.6159270603319325,0.21052631578947364,-0.39110832497094583,-0.10594684894722711,0.12771346252053717,0.05216247252705467,0.21437994722955145,0.1501810282404055,0.03565467644324658,-0.16080449650704234,0.26174900679493557,Advertising Agencies,Communication Services,HHS
2011Q3,2011,Q3,2011-11-01,2011-09-30,12128000.0,212788000.0,20715000.0,1.9,131493000.0,0.6179530800609057,907033000.0,448400000.0,248448000.0,191223000.0,458633000.0,6957000.0,1266596000.0,532527040.0,645701040.0,71.40354788369056,1.2992579344534916,0.2039264282556423,0.4125066904549509,0.01942695834423473,71.40354788369056,0.02704727921498662,2.50261781679418,10.977222955145118,1.1876160570918821,0.4171339050131926,11.685352881989363,0.009499987080468252,0.23459785917381176,1.147487488429739,0.013371068086828152,49.35375718257646,0.6179530800609057,0.2666666666666666,-0.45322872887803517,-0.09944389733014194,0.0874423313041447,0.007423922037326469,0.28679045092838196,0.2519642209597486,-0.26444294776145616,-0.20557875223084382,0.20779984272707222,Advertising Agencies,Communication Services,HHS
2011Q2,2011,Q2,2011-08-01,2011-06-30,9425000.0,213047000.0,16546000.0,1.5,130524000.0,0.6126535459311795,885903000.0,441693000.0,227505000.0,291182000.0,444210000.0,7578000.0,1259527000.0,514572520.0,632212520.0,69.69954711145476,0.7813154659285259,0.18681503505462788,0.3746946408478287,0.016554796082197436,69.69954711145476,0.021338350392693568,2.415300473604416,13.649138461538461,1.1650003962027926,0.5429177718832892,10.889812615465821,0.009944176575927529,0.240485696515307,0.6697735436943217,0.010638862268216724,42.30290365011509,0.6126535459311795,0.25000000000000006,-0.6042559156876987,-0.09489459603208104,0.00656281201354995,0.05229891080887154,0.19047619047619047,0.15552762064389972,-0.4838228940226242,-0.22651668530244767,0.21875976341262066,Advertising Agencies,Communication Services,HHS
2011Q1,2011,Q1,2011-05-02,2011-03-31,7917000.0,200306000.0,14319000.0,1.2,124037000.0,0.6192375665232195,897373000.0,443248000.0,240145000.0,303076000.0,454125000.0,8593000.0,1255219000.0,758089500.0,874227500.0,69.578212071266,0.7923590122609511,0.19974971388709042,0.4044011478901202,0.013890973470856658,69.578212071266,0.017861332707648992,3.784656974828512,23.93866047745358,1.7103055174529833,0.6487305797650625,8.87571278947981,0.006774925651918408,0.22321375838140883,0.6797898876849371,0.00882241832549007,-136.3470323741007,0.6192375665232195,-0.5107254550115355,-0.575059093532102,-0.08152559519928265,-0.0013062315891066816,-0.14630923293988093,-0.492630094847475,-0.429726392926839,-0.39755522650343916,-0.2287710605233185,0.33407698827144267,Advertising Agencies,Communication Services,HHS
2010Q4,2010,Q4,2011-03-02,2010-12-31,15604000.0,235993000.0,25109000.0,2.4526107321366823,145295000.0,0.6156750412088494,926880000.0,437823000.0,268463000.0,280963000.0,489057000.0,7324000.0,1252438000.0,812452940.0,919456940.0,68.81628996259155,0.955510156141556,0.20822544450198516,0.4408174079479607,0.02603624910045508,68.81628996259155,0.0356399732311916,3.4426993173526332,13.016741540630607,1.8556652802616584,0.30665214047680084,12.383670125614419,0.005889571893234825,0.2546100897635077,0.8435345579311155,0.016834973243569827,29.179791689113962,0.6156750412088494,0.11482306006212825,-0.346511455992392,0.03225127421893996,0.026728954503455537,0.07050233558787557,0.12949692363373144,0.0021552584314508084,-0.35648361132283857,-0.11558387935848342,0.21707762158939692,Advertising Agencies,Communication Services,HHS
2010Q3,2010,Q3,2010-11-01,2010-09-30,13815000.0,216745000.0,25055000.0,2.2,135726000.0,0.6262012964543588,917896000.0,429776000.0,258072000.0,284467000.0,488120000.0,5854000.0,1241619000.0,742468740.0,872663740.0,67.55147590456131,0.9072124358888729,0.22497102068208163,0.4804828561855478,0.024119937496242413,67.55147590456131,0.03214465209783701,3.425540335417195,13.435916395222584,1.7275714325602174,0.3464350343829171,13.839938503587291,0.006446062631539208,0.2361324158728222,0.7948795466609484,0.015050724700837568,36.014199650756694,0.6262012964543588,0.04761904761904766,-0.369087048524319,0.012735781051663937,-0.0158400853840272,0.051218699898538486,0.029740608228980323,0.10995437026536127,-0.28305077665275863,-0.14147691578637817,0.09143019684517907,Advertising Agencies,Communication Services,HHS
2010Q2,2010,Q2,2010-07-30,2010-06-30,13416000.0,207609000.0,22573000.0,2.1,129113000.0,0.6219046380455568,896223000.0,416180000.0,249658000.0,171538000.0,480043000.0,6003000.0,1232590000.0,664787200.0,798517200.0,65.42064889336017,1.4554092970653734,0.2427554302891133,0.5227617857657745,0.021772294709012402,65.42064889336017,0.032236051708395407,3.2021116618258363,12.387954680977938,1.5973549906290545,0.35658914728682173,13.076128602365484,0.007196287774493854,0.23164881954602817,1.266786368035071,0.014969488620577691,-1113.5463986599666,0.6219046380455568,0.2352941176470589,-0.3884346609060067,-0.02942720393609152,-0.06981644363645916,0.015238844112443483,0.24579812424551956,0.23241974230181262,-0.32391660511221954,-0.17443940870836358,0.025746448035949974,Advertising Agencies,Communication Services,HHS
2010Q1,2010,Q1,2010-04-29,2010-03-31,10769000.0,200179000.0,18316000.0,1.7,127175000.0,0.6353064007713097,912319000.0,407108000.0,263368000.0,183542000.0,505211000.0,5771000.0,1223958000.0,817870280.0,946031280.0,64.0127048020378,1.4349195279554543,0.2505976527946913,0.5615831671202728,0.017265659787889468,64.0127048020378,0.026452440138734684,4.085694703240599,18.986681214597454,2.0089761930495103,0.44442380908162316,12.650147288164963,0.005851783732745491,0.21941776944248667,1.2521275784289154,0.011803985228850873,27.201592443542754,0.6353064007713097,-0.19901423065520316,-0.4277802749742255,-0.005962149145127653,-0.06274091557669977,-0.0848151639668684,-0.20182330269789506,-0.07620920966359006,-0.3776045168832585,-0.16909101477344873,-0.015842698256218625,Advertising Agencies,Communication Services,HHS
2009Q4,2009,Q4,2010-03-03,2009-12-31,13492000.0,217489000.0,19827000.0,2.1223847726915213,138961000.0,0.6389334633015923,908151000.0,401643000.0,256599000.0,173203000.0,506508000.0,4846000.0,1217975000.0,685284600.0,838374600.0,63.18121755545069,1.481492814789582,0.2639296768929396,0.5967687722679096,0.0221867278877502,63.18121755545069,0.03359202077466805,3.150893148619011,12.697980284613102,1.7062032700681948,0.35428402016009486,16.204704911267026,0.0069752041706467646,0.23948550406265037,1.3086378411459385,0.014856560197588287,38.53593881797222,0.6389334633015923,-0.035279648776581324,-0.34118344757191255,0.05553059441994059,-0.0540259081675126,0.04659009602711354,-0.0397153024911032,-0.17086940158073013,-0.44881476729232167,-0.14459958211122176,0.002728926332341728,Advertising Agencies,Communication Services,HHS
2009Q3,2009,Q3,2009-11-03,2009-09-30,14050000.0,209318000.0,23913000.0,2.2,132775000.0,0.6343219407791016,900447000.0,387351000.0,243852000.0,165957000.0,513096000.0,5082000.0,1209263000.0,879173100.0000001,1045387100.0000001,60.932987258140635,1.469368571376923,0.276806963652497,0.6434732322880282,0.025066161059109877,60.932987258140635,0.03627201168965615,4.20017915325008,15.643649466192171,2.2697065452264225,0.3401423487544484,15.061589925226288,0.005435789607302589,0.2324601003723706,1.278548057629386,0.01560336144159512,44.257392398691174,0.6343219407791016,0.10000000000000009,-0.2624005325709213,0.07361981858569086,-0.06003234281411513,-0.04430288634564169,0.07596875478633788,-0.04087116958126103,-0.37427079651117473,-0.12488763867370349,-0.07201936484653257,Advertising Agencies,Communication Services,HHS
2009Q2,2009,Q2,2009-07-31,2009-06-30,13058000.0,215662000.0,24932000.0,2.0,138930000.0,0.644202502063414,899508000.0,374046000.0,239455000.0,169574000.0,525462000.0,5090000.0,1199992000.0,587985500.0,769422500.0,58.84372148632917,1.4120973734180948,0.2850169203609084,0.6854103505985895,0.024827887908361115,58.84372148632917,0.03491014474155585,2.7264214372490287,11.2571890794915,1.5719604005924404,0.3659825394394241,15.075049115913556,0.008127751449653095,0.23975551079034316,1.2196740066283747,0.014516824753087243,16.177447311946295,0.644202502063414,0.818181818181818,-0.3057501953638732,0.1525031115316861,-0.08086627421240451,0.012262563116133687,0.8352775825720309,0.8121820031981393,-0.45339271711543166,-0.08659572472538205,-0.15021109572048408,Advertising Agencies,Communication Services,HHS
2009Q1,2009,Q1,2009-05-05,2009-03-31,7115000.0,217674000.0,13758000.0,1.1,137247000.0,0.6305162766338653,897130000.0,360014000.0,231861000.0,172629000.0,537116000.0,5799000.0,1191713000.0,339805250.0,553590250.0,56.68172872549791,1.3431173209599778,0.29371440036561036,0.7319159810451816,0.01390930643633716,56.68172872549791,0.019763120323098547,1.5610741292023853,11.939748770203794,0.9438667662924219,0.671539002108222,13.869115364718056,0.014060995231827642,0.24263373201208296,1.1222853634093923,0.007930846142699498,10.95545184898604,0.6305162766338653,-0.5141065196146866,-0.47860165568677054,0.26861392455130023,-0.11699495664571768,-0.7268074891218236,-0.5033505514449254,-0.4608934169278997,-0.6169636263784709,0.0010986494220972104,-0.18641644308234523,Advertising Agencies,Communication Services,HHS
2008Q4,2008,Q4,2009-03-02,2008-12-31,14326000.0,269643000.0,25520000.0,2.2638706720816675,502382000.0,1.8631375559536127,913566000.0,356372000.0,241203000.0,187735000.0,557194000.0,7481000.0,1189376000.0,394873440.0,635337440.0,56.31579779080609,1.2848057101765786,0.2962292817377179,0.7593890653586701,0.026212457777789952,56.31579779080609,0.04019956674486211,1.46443052480502,6.890852994555353,1.1080372195346435,0.3328912466843501,-31.11068039032215,0.01207728734553532,0.2951543730830613,1.0630889285428928,0.015681406707342437,10.505585441775082,1.8631375559536127,-0.12928051073782024,-0.1998053731413794,0.47113016829833415,-0.1051067218826044,7.3010905485789825,-0.13776707794161902,-0.18325545669845741,-0.39680050733883554,0.1857945246616449,-0.15977655553338027,Advertising Agencies,Communication Services,HHS
2008Q3,2008,Q3,2008-11-10,2008-09-30,16615000.0,269913000.0,31246000.0,2.6,60520000.0,0.22422039694271859,933516000.0,374109000.0,248665000.0,152496000.0,559407000.0,7749000.0,1179819000.0,656223970.0,929706970.0,59.1186928145889,1.630632934634351,0.31654519044129936,0.7898767471512314,0.028169408103622492,59.1186928145889,0.04441219003017837,2.431242548524895,9.873968853445682,1.7540983242851682,0.2802287089978935,27.02193831462124,0.007095138569839197,0.28913591197151417,1.3238642325044592,0.01779830233225783,36.878946274024955,0.22422039694271859,-0.10344827586206891,0.01120286435512511,0.5732208196747679,-0.015017568957751977,-0.06840711778831353,-0.08778961238607665,-0.10057570523891768,-0.23712587832026022,0.2679579549858502,-0.13869760958568395,Advertising Agencies,Communication Services,HHS
2008Q2,2008,Q2,2008-08-08,2008-06-30,18214000.0,274756000.0,34740000.0,2.9,64964000.0,0.23644251626898047,945019000.0,361514000.0,254609000.0,165168000.0,583505000.0,6853000.0,1167860000.0,723800300.0,1010193300.0,57.18891384819818,1.541515305628209,0.3273743702507569,0.8557759865454726,0.031117058676998564,57.18891384819818,0.05038255779859148,2.6343384675857853,9.93466975952564,2.0021362934768776,0.26122762710003294,30.613162118780096,0.006573636402195467,0.29074124435593357,1.2495459168846266,0.019273686560799308,65.49043612015925,0.23644251626898047,0.3809523809523809,0.10524393674637705,0.6504509444508051,-0.051605547801854064,0.1548334340669108,0.34064478139261006,0.3459377784665453,-0.16443886259426158,0.29265374657716653,-0.18685937593498472,Advertising Agencies,Communication Services,HHS
2008Q1,2008,Q1,2008-05-12,2008-03-31,13586000.0,268509000.0,25811000.0,2.1,56254000.0,0.20950508176634675,938828000.0,343490000.0,244373000.0,165483000.0,595338000.0,5901000.0,1154404000.0,900306199.9999999,1193930200.0,52.154570300637715,1.4767257059637546,0.34218195452202105,0.9352528457888148,0.024546411139733545,52.154570300637715,0.03955282540976448,3.3529833264434337,16.566800382746944,2.621055052548837,0.36199028411600176,35.96932723267243,0.005462585951313009,0.2860044651416447,1.2032837209864458,0.014471234347505614,29.692496949309056,0.20950508176634675,-0.4490016705403835,0.13147489000839832,0.6930755959751679,-0.10561984201226154,-0.280777344499137,-0.506609529343405,-0.4535388393707789,-0.30289083964710684,0.2875526157319955,-0.2363649534941974,Advertising Agencies,Communication Services,HHS
2007Q4,2007,Q4,2008-02-29,2007-12-31,27536000.0,303017000.0,47233000.0,3.8112638237207435,78215000.0,0.25812083150450305,951926000.0,408512000.0,265680000.0,180108000.0,543414000.0,6007000.0,1145736000.0,1249907700.0,1486185700.0,56.542235878697284,1.4751149310413751,0.27221128533100264,0.6343142918690271,0.044888621751922146,56.542235878697284,0.06740560864797117,4.124876492078002,11.347941785299245,3.059659691759361,0.17892940151074957,37.42333943732312,0.003941891069236553,0.31831991142168614,1.2329768805383436,0.02892661824553589,58.25174535116745,0.25812083150450305,0.27042127457358117,0.45078130138450456,0.6129268121874538,-0.02195956720687721,0.09600078470937727,0.25838588794442924,0.180825,0.1830671445844101,0.2939601291244317,-0.15342735855658504,Advertising Agencies,Communication Services,HHS
2007Q3,2007,Q3,2007-11-09,2007-09-30,21882000.0,286696000.0,40000000.0,3.0,71364000.0,0.24891871529424897,951860000.0,447168000.0,260783000.0,180456000.0,504692000.0,6814000.0,1123127000.0,1383568350.0,1576531350.0,61.89262135116057,1.4451334397304607,0.23112642615510684,0.4919851152139688,0.03608971792648548,61.89262135116057,0.04893462859596393,4.825907407149036,15.80715142582945,3.0940683367325033,0.23018919659994516,31.601408864103316,0.003640586314366038,0.3011955539680205,1.167736179456488,0.0229886748051184,44.72790708951605,0.24891871529424897,-0.03225806451612906,0.25738238681365766,0.6140505806170368,0.014865224167440532,-0.06078991353329034,-0.04424546844289146,-0.037975901296327476,0.010768397683216543,0.29385601171623416,-0.045228784827531426,Advertising Agencies,Communication Services,HHS
2007Q2,2007,Q2,2007-08-09,2007-06-30,22895000.0,290145000.0,41579000.0,3.1,75983000.0,0.26187940512502367,944548000.0,468122000.0,252316000.0,162000000.0,476426000.0,7149000.0,1106282000.0,1884860640.0,2062905640.0,63.77857707294476,1.557506172839506,0.22444597839389846,0.45287339625140455,0.036631173098775324,63.77857707294476,0.04890819059988635,6.496271312619553,20.581575016379123,4.026430374987717,0.2237169687704739,29.95691705133585,0.0027174422826294464,0.3071786717032909,1.263604938271605,0.02423910695909578,71.47475029388343,0.26187940512502367,0.1481481481481481,0.21608472426969208,0.6291863817377584,0.06430028073151142,0.15377490281827016,0.126334432036208,0.1512944759795099,0.05419367758208409,0.3428398673026877,-0.003784266362110875,Advertising Agencies,Communication Services,HHS
2007Q1,2007,Q1,2007-05-10,2007-03-31,20327000.0,283028000.0,36115000.0,2.7,65856000.0,0.23268369207286912,958357000.0,485970000.0,270968000.0,167718000.0,472387000.0,7378000.0,1088509000.0,2061386849.9999998,2222164850.0,65.0431640232885,1.6156166899199846,0.21599466587086022,0.42595221927279464,0.03193076768191657,65.0431640232885,0.041827684836512544,7.283331861158612,25.352817065971365,4.241798567812827,0.25645692920745805,29.435077256709135,0.002528880011046932,0.2953262719425016,1.3160424045123362,0.02121025880752162,56.88624472224521,0.23268369207286912,-0.29880757369764893,0.25880329958797055,0.6530055886207901,0.05884758792114783,-0.2057312395976554,-0.3259608051198727,-0.2824074074074074,0.26629978205861826,0.40223505535585785,0.013262000995525209,Advertising Agencies,Communication Services,HHS
