Quarters,Year,Quarter,FillingDate,Date,NetIncome,Revenue,OperatingIncome,EPSDiluted,GrossProfit,GrossProfitRatio,TotalAssets,CommonStockEquity,CurrentAssets,CurrentLiability,TotalLiability,Inventory,RetainedEarnings,MarketCap,EnterpriseValue,bookValuePerShare,currentRatio,debtToAssets,debtToEquity,roic,shareholdersEquityPerShare,roe,priceToSalesRatio,peRatio,pbRatio,payoutRatio,inventoryTurnover,dividendYield,assetTurnover,quickRatio,returnOnAssets,priceToFreeCashFlowsRatio,grossProfitMargin,epsdilutedGrowth,fiveYNetIncomeGrowthPerShare,fiveYRevenueGrowthPerShare,fiveYShareholdersEquityGrowthPerShare,grossProfitGrowth,netIncomeGrowth,operatingIncomeGrowth,threeYNetIncomeGrowthPerShare,threeYRevenueGrowthPerShare,threeYShareholdersEquityGrowthPerShare,Industry,Sector,Symbol
2023Q1,2023,Q1,2023-05-02,2023-03-31,5800000.0,21438000.0,13630000.0,1.06,21438000.0,1.0,2148270000.0,158251000.0,12272000.0,4856000.0,1990019000.0,0.0,123533000.0,183794891.35,299964891.35,28.90012217415204,2.5271828665568368,0.05812025490278224,0.7889871154052739,0.03616948855613881,28.90012217415204,0.036650637278753374,8.573322667692882,7.9221935926724125,1.1614137752684026,0.0,0.0,0.0,0.009979192559594464,76.14518121911038,0.0026998468535146887,-3467.828138679245,1.0,-0.03636363636363639,0.5329103030073927,0.23410553291024688,0.15803341405703059,-0.09448785638859557,-0.04021181532351481,0.20662181303116148,24.6639946195963,0.3573209312497517,-0.0354392982751522,Banks—Regional,Financial Services,EVBN
2022Q4,2022,Q4,2023-03-03,2022-12-31,6043000.0,23675000.0,11296000.0,1.1,23675000.0,1.0,2178510000.0,153993000.0,387380000.0,4723000.0,2024517000.0,0.0,123356000.0,203291224.72,428256224.72,28.322906106401856,82.01990260427694,0.10830613584514186,1.5321865279590632,0.02202782789406649,28.322906106401856,0.03924204346950835,8.586746556282998,8.410194635115008,1.3201328938328365,0.5846433890451762,0.0,0.017379008881795673,0.010867519543174005,78.46368833368622,0.00277391428086169,22.759877375727722,1.0,0.03773584905660381,4.35837603357053,0.60648521250491,0.14460157905390653,-0.05129232618713685,0.03052523874488404,0.19978757302177377,0.46175166607296403,0.2875822270146513,-0.05955676489607581,Banks—Regional,Financial Services,EVBN
2022Q3,2022,Q3,2022-10-28,2022-09-30,5864000.0,24955000.0,9415000.0,1.06,24955000.0,1.0,2129705000.0,149850000.0,390348000.0,4471000.0,1979855000.0,0.0,117319000.0,201945824.7,278588824.7,27.19542485297048,87.30664280921494,0.04128599970418438,0.5867667667667668,0.029084369834572642,27.19542485297048,0.03913246579913247,8.092399306752153,8.609559374999998,1.3476531511511511,0.0,0.0,0.0,0.011717585299372448,84.08722880787296,0.0027534329871977572,24.5288260293939,1.0,0.029126213592233035,0.36532825732726143,0.6037850845077329,0.1055658210834276,0.1010854218143311,0.02267178235088943,0.05183778348787845,0.013979634011045971,0.1862272022962733,-0.07635987975421979,Banks—Regional,Financial Services,EVBN
2022Q2,2022,Q2,2022-07-29,2022-06-30,5734000.0,22664000.0,8951000.0,1.03,22664000.0,1.0,2208354000.0,162675000.0,98760000.0,4721000.0,2045679000.0,0.0,114982000.0,187378066.59,158216066.59,29.508913986708244,20.919296759161195,0.028867201544679883,0.3918795143691409,0.029166808652908122,29.508913986708244,0.03524819425234363,8.267652073332156,8.16960527511336,1.1518553348086678,0.5945238925706313,0.0,0.018193164557830543,0.010262847351466296,102.48040669349714,0.00259650400252858,26.15916049001815,1.0,0.1976744186046512,0.8963231497041808,0.5623244251839037,0.21878277652127734,0.08274412382954328,0.2076663858466723,0.2317324893353516,0.1665556486971967,0.1310400851693813,0.026452264783783333,Banks—Regional,Financial Services,EVBN
2022Q1,2022,Q1,2022-04-29,2022-03-31,4748000.0,20932000.0,7267000.0,0.86,20932000.0,1.0,2240734000.0,169203000.0,544611000.0,0.0,2071531000.0,0.0,109366000.0,208801716.0,112937716.0,30.793396353121924,0.0,0.02803143969788471,0.371216822396766,0.023291985391849117,30.793396353121924,0.028060968186143273,9.97523963309765,10.994193133951137,1.2340308150564707,0.0,0.0,0.0,0.009341581820956882,0.0,0.0021189485231178713,194.95958543417368,1.0,-0.1886792452830189,0.308415149167273,0.3783212351370378,0.30244416555338854,-0.14072249589490968,-0.1951178165790812,-0.1704337899543379,0.12896846185994257,0.10848618392342724,0.11329368832089962,Banks—Regional,Financial Services,EVBN
2021Q4,2021,Q4,2022-03-09,2021-12-31,5899000.0,24360000.0,8760000.0,1.06,24360000.0,1.0,2210640000.0,183892000.0,550744000.0,0.0,2026748000.0,0.0,108024000.0,220955066.79999998,45233066.79999998,33.54006634619523,0.0,0.03124117902507871,0.37556283035694865,0.025985150758393655,33.54006634619523,0.03207861135884106,9.070405041050902,9.364089964400744,1.2015480107889414,0.5567045261908798,0.0,0.014862750366220616,0.011019433286288134,0.0,0.002668458003112221,28.954929471890967,1.0,-0.16535433070866137,0.978252574411176,0.6707009827165513,0.49092022254416606,0.044596912521440824,-0.15474996417824904,0.0,0.17306036583704376,0.587848471435487,0.23638784839135082,Banks—Regional,Financial Services,EVBN
2021Q3,2021,Q3,2021-11-01,2021-09-30,6979000.0,23320000.0,0.0,1.27,23320000.0,1.0,2152058000.0,178834000.0,0.0,0.0,1973224000.0,0.0,102134000.0,209238300.29999998,90512300.29999998,32.73464843759295,0.0,0.03391962484282487,0.4081830077054699,0.0,32.73464843759295,0.039025017614100224,8.972482860205831,7.495282286144146,1.170014092957715,0.0,0.0,0.0,0.01083613917468767,0.0,0.0032429423370559716,44.38657197708952,1.0,0.10434782608695663,1.4715820722530524,0.4754292284148441,0.4742592461116413,0.024244553759662685,0.10549659432916204,0.0,0.28618233907435164,0.2339854245876256,0.2576245026007952,Banks—Regional,Financial Services,EVBN
2021Q2,2021,Q2,2021-08-02,2021-06-30,6313000.0,22768000.0,0.0,1.15,22768000.0,1.0,2160203000.0,175689000.0,1886975000.0,0.0,1984514000.0,0.0,98430000.0,201953516.1,137770516.1,32.2750602508574,0.0,0.03587579500630265,0.4411146969929819,0.0,32.2750602508574,0.035932813095868266,8.870059561665496,7.997525586092192,1.1494943684579,0.0,0.0,0.0,0.010539750199402556,0.0,0.002922410532713824,97.04637967323401,1.0,0.29213483146067404,1.4821306345220802,0.9305118449859667,0.45967585391501514,0.07583990927562255,0.3011129431162407,0.0,0.4749454136461744,0.27350530347339497,0.25923821377575645,Banks—Regional,Financial Services,EVBN
2021Q1,2021,Q1,2021-05-03,2021-03-31,4852000.0,21163000.0,0.0,0.89,21163000.0,1.0,2144265000.0,166974000.0,1910313000.0,0.0,1977291000.0,0.0,92117000.0,183988572.77,145827572.77,30.755979976397096,0.0,0.036403616157517846,0.4674919448536898,0.0,30.755979976397096,0.02905841628037898,8.693879543070453,9.480037756079968,1.101899533879526,0.0,0.0,0.0,0.00986958235106202,0.0,0.0022627800201933997,36.41175000395805,1.0,-0.19819819819819826,1.2312811304551408,0.4822267241573454,0.4280739699956403,-0.0033436940755392297,-0.1952230884060375,0.0,0.2934124721854887,0.22877613325116875,0.2323979905729178,Banks—Regional,Financial Services,EVBN
2020Q4,2020,Q4,2021-03-19,2020-12-31,6029000.0,21234000.0,0.0,1.11,21234000.0,1.0,2044115000.0,168905000.0,1836248000.0,0.0,1875210000.0,0.0,90522000.0,149029515.35999998,132689515.35999998,31.212902281560503,0.0,0.039755101841139076,0.48112252449601844,0.0,31.212902281560503,0.03569462123678991,7.018438135066402,6.179694616022558,0.8823274347118202,0.5181622159562116,0.0,0.020962290539921404,0.010387869567025339,0.0,0.0029494426683430238,-42.098733152542366,1.0,0.3214285714285716,1.7041405008868074,0.4710247748230424,0.4561115118141434,-0.012326154704869995,0.32680457746478875,0.0,4.371315853085023,0.44768265653256456,0.26139376743738074,Banks—Regional,Financial Services,EVBN
2020Q3,2020,Q3,2020-11-06,2020-09-30,4544000.0,21499000.0,0.0,0.84,21499000.0,1.0,2056993000.0,162888000.0,1856901000.0,0.0,1894105000.0,0.0,84499000.0,119632509.5,100432509.5,30.294925811950804,0.0,0.04104778188355527,0.5183623102991012,0.0,30.294925811950804,0.02789646873925642,5.564561584259733,6.581894228653169,0.7344464263788616,0.0,0.0,0.0,0.010451664152478885,0.0,0.002209049812031446,18.323251569918824,1.0,8.630266552020636,0.4285738988007182,0.3680492794778696,0.4328226598520183,0.12137492176090131,8.688699360341152,0.0,0.0842342984375665,0.41595208549019186,0.23156871830566628,Banks—Regional,Financial Services,EVBN
2020Q2,2020,Q2,2020-08-07,2020-06-30,469000.0,19172000.0,0.0,0.087225,19172000.0,1.0,2065940000.0,161998000.0,1858191000.0,0.0,1903942000.0,0.0,83073000.0,125066042.72000001,73953042.72000001,30.12866960567408,0.0,0.03389546647046865,0.4322645958592081,0.0,30.12866960567408,0.00289509747033914,6.523369639056959,66.66633407249468,0.7720221405202534,0.0,0.0,0.0,0.009280037174361308,0.0,0.00022701530538156965,-17.12060817522245,1.0,1.1806249999999998,-0.7792061778669829,0.3590496603014729,0.44842020514219727,0.3447429332959248,1.2990196078431373,0.0,-0.8409750045278099,0.35500211252747105,0.2443800409407025,Banks—Regional,Financial Services,EVBN
2020Q1,2020,Q1,2020-05-05,2020-03-31,204000.0,14257000.0,0.0,0.04,14257000.0,1.0,1365620000.0,148096000.0,11262000.0,1365385000.0,1376715000.0,0.0,82604000.0,120159516.61999999,248712516.62,29.961952754733044,0.00824822302866957,0.015619279155255489,0.14402819792566984,0.0,29.961952754733044,0.001377484874675886,8.428106657782141,147.2543095833333,0.811362336727528,0.0,0.0,0.0,0.010439946690880332,0.15465161840799482,0.0001493826979686882,19.130634711033274,1.0,-0.9569892473118279,-0.908713638013737,0.1414886765979744,0.4560957496412092,-0.144751049790042,-0.9455709711846318,0.0,-0.9375054314437794,0.04362656152671513,0.26727724692934,Banks—Regional,Financial Services,EVBN
2019Q4,2019,Q4,2020-03-12,2019-12-31,3748000.0,16670000.0,0.0,0.93,16670000.0,1.0,82096000.0,148453000.0,1000.0,1300447000.0,1311777000.0,0.0,85267000.0,197664248.3,308059248.3,30.116550419198898,7.689663631043787e-07,0.2598177743129994,0.14368183869642243,0.0,30.116550419198898,0.025247047887210092,11.857483401319737,13.184648365795091,1.33149379466902,0.6840981856990395,0.0,0.01297149090971956,0.2030549600467745,0.13492668290210982,0.04565386864159034,31.275988655063294,1.0,-0.10576923076923075,0.38607454672683017,0.6237746557453376,0.4757362467055964,-0.1125898323130157,-0.27420604182804026,0.0,0.39803515354585506,0.27166351193840965,0.33873837904164456,Banks—Regional,Financial Services,EVBN
2019Q3,2019,Q3,2019-10-31,2019-09-30,5164000.0,18785000.0,0.0,1.04,18785000.0,1.0,102108000.0,144869000.0,19587000.0,1299533000.0,1310863000.0,0.0,81525000.0,184015330.4,305458330.4,29.443745736958448,0.015072337524326046,0.20889646256904454,0.14723646880975225,0.0,29.443745736958448,0.03564599741835727,9.795865339366516,8.908565569326104,1.270218821141859,0.0,0.0,0.0,0.1839718729188702,0.12989358484932664,0.05057390214282916,286.18247340590983,1.0,0.18181818181818185,0.92044813132928,0.4299161537445408,0.46920518456039495,0.051556202418271385,0.17845732542218165,0.0,1.0306172798909923,0.31965692733514983,0.32604797866169094,Banks—Regional,Financial Services,EVBN
2019Q2,2019,Q2,2019-08-09,2019-06-30,4382000.0,17864000.0,0.0,0.88,17864000.0,1.0,92415000.0,141287000.0,13961000.0,1318503000.0,1329833000.0,0.0,78919000.0,173681787.3,270948787.3,28.748452313975008,0.01058852349975692,0.23080668722609965,0.15096930361604394,0.0,28.748452313975008,0.031014884596601244,9.722446669278998,9.90881944888179,1.2292835667825066,0.0,0.0,0.0,0.1933019531461343,0.14805806281821127,0.04741654493318184,29.909038625796455,1.0,0.17333333333333334,1.3527380823254291,0.41051950459493286,0.44402392217892833,0.0695084715320601,0.17795698924731182,0.0,0.9083190834364191,0.6777068306149046,0.30018104858601424,Banks—Regional,Financial Services,EVBN
2019Q1,2019,Q1,2019-05-02,2019-03-31,3720000.0,16703000.0,0.0,0.75,16703000.0,1.0,1261268000.0,134435000.0,12434000.0,1310416000.0,1321746000.0,0.0,74538000.0,177304327.67999998,268949327.67999995,27.659724182542863,0.009488589882907413,0.01691155250113378,0.1586640383828616,0.0,27.659724182542863,0.02767136534384647,10.615118702029575,11.915613419354838,1.3188851688920296,0.0,0.0,0.0,0.01324302210156763,0.15822990561775802,0.0029494128131372557,48.40412986076986,1.0,-0.16666666666666669,0.5770244810083669,0.33301238503299757,0.4248332347368982,0.23006112379409382,-0.16423275668389126,0.0,0.910870323164365,0.30673241273816754,0.2843073819355386,Banks—Regional,Financial Services,EVBN
2018Q4,2018,Q4,2019-02-28,2018-12-31,4451000.0,13579000.0,0.0,0.9,13579000.0,1.0,1227183000.0,131646000.0,13997000.0,1245231000.0,1256561000.0,0.0,73345000.0,157766738.67999998,271285738.67999995,27.12746359472378,0.011240484697216821,0.01738127076401808,0.16202543183993437,0.0,27.12746359472378,0.033810370235328076,11.618435722807273,8.861308620534711,1.1984165009191317,0.5001123343068973,0.0,0.014109437886746332,0.011065179357927873,0.14573119365001352,0.0036270059151732054,17.665069833165376,1.0,-0.0721649484536082,1.3102191130018002,0.13452958376405683,0.4120861173463163,-0.1868862275449102,-0.07174139728884255,0.0,1.2261346931030241,0.04897668902625237,0.2655219200789273,Banks—Regional,Financial Services,EVBN
2018Q3,2018,Q3,2018-11-01,2018-09-30,4795000.0,16700000.0,0.0,0.97,16700000.0,1.0,1228883000.0,125660000.0,12621000.0,1244000000.0,1255263000.0,0.0,68902000.0,226419176.9,356166176.9,26.028952497265262,0.010145498392282959,0.01735722603372331,0.16974375298424318,0.0,26.028952497265262,0.03815852299856756,13.55803454491018,11.804962299270073,1.8018397015756804,0.0,0.0,0.0,0.013589576875910888,0.13236414790996784,0.0039019174323348927,35.996689491255964,1.0,0.25974025974025966,0.7027577160581047,0.4838001005378474,0.3903095120707195,0.05462582886011999,0.26483777367449224,0.0,0.6789270751212299,0.18352867916459426,0.23106005216164907,Banks—Regional,Financial Services,EVBN
2018Q2,2018,Q2,2018-08-01,2018-06-30,3791000.0,15835000.0,0.0,0.77,15835000.0,1.0,1340592000.0,123575000.0,13324000.0,1211200000.0,1222516000.0,0.0,66325000.0,222265664.1,368763664.1,25.630623259186528,0.011000660501981506,0.015910881162948906,0.17260772810034392,0.0,25.630623259186528,0.030677726077281003,14.036353905904642,14.657456086784489,1.7986296912805988,0.0,0.0,0.0,0.01181194576724313,0.13102542932628797,0.0028278551565278625,42.9747997099768,1.0,0.1396399329832517,0.7167503151097251,0.34980122841901856,0.39241291704117914,0.03917836986481166,0.1422115094908105,0.0,0.9903346561753517,0.2518267266949779,0.23217895396223673,Banks—Regional,Financial Services,EVBN
2018Q1,2018,Q1,2018-05-02,2018-03-31,3319000.0,15238000.0,0.0,0.675652,15238000.0,1.0,1342867000.0,119873000.0,11568000.0,1222500000.0,1233825000.0,0.0,62534000.0,217350863.5,427728863.5,24.95620750087335,0.009462576687116564,0.054383643354107294,0.6092280997388904,0.0,24.95620750087335,0.02768763608151961,14.263739565559785,16.371713128954504,1.813176140582116,0.0,0.0,0.0,0.01134736351403378,0.14578650306748467,0.0024715776022495154,59.97540383554084,1.0,2.37826,0.5943706171927656,0.3114726596279922,0.3670556660433631,0.1754994985728612,2.345766129032258,0.0,0.5283168873362826,0.2554570352482898,0.21282574492563378,Banks—Regional,Financial Services,EVBN
2017Q4,2017,Q4,2018-03-01,2017-12-31,992000.0,12963000.0,0.0,0.2,12963000.0,1.0,1141548000.0,118342000.0,13751000.0,1166000000.0,1177291000.0,0.0,59921000.0,200386959.5,422454959.5,24.744772875302797,0.011793310463121784,0.08723242474254259,0.8414594987409373,0.0,24.744772875302797,0.008382484663095097,15.458378423204506,50.500745841733874,1.6932869099727907,1.9324596774193548,0.0,0.009566490777559805,0.011355632877461132,0.1517041166380789,0.0008689954342699563,82.36208775174681,1.0,-0.736842105263158,-0.5906008793513273,0.09398086060635366,0.3856705745729898,-0.038923487544483985,-0.7335482138060704,0.0,-0.6218823081311089,0.3014395471182343,0.21251463863878822,Banks—Regional,Financial Services,EVBN
2017Q3,2017,Q3,2017-11-02,2017-09-30,3723000.0,13488000.0,0.0,0.76,13488000.0,1.0,1070589000.0,117492000.0,16790000.0,1091400000.0,1102662000.0,0.0,58304000.0,206338752.0,381513752.0,24.598648343089717,0.015383910573575224,0.04196755244075925,0.3824090150818779,0.0,24.598648343089717,0.031687263813706464,15.297950177935943,13.855677679290896,1.756194055765499,0.0,0.0,0.0,0.012598672319629661,0.15242349276159062,0.003477524988581052,33.898267126663384,1.0,0.40740740740740733,0.5155923018007885,0.15425485178414722,0.3809523774529135,0.07388535031847134,0.42207792207792205,0.0,0.42624697239801207,0.05762639580556336,0.2274410328669924,Banks—Regional,Financial Services,EVBN
2017Q2,2017,Q2,2017-08-03,2017-06-30,2618000.0,12560000.0,0.0,0.54,12560000.0,1.0,1039845000.0,115563000.0,13869000.0,1056000000.0,1067283000.0,0.0,56492000.0,190681549.75,342191549.75,24.211791104346215,0.013133522727272728,0.024936408791694915,0.22437977553369157,0.0,24.211791104346215,0.02265430977042825,15.181652050159236,18.20870413961039,1.650022496387252,0.0,0.0,0.0,0.012078723271256774,0.14855113636363637,0.0025176829238973118,77.13654925161812,1.0,-0.1818181818181818,0.5188554538671727,0.09827157763809995,0.38670043127139897,-0.04602764696946681,-0.16783216783216784,0.0,0.4473271078665504,0.021141367883520553,0.21614913984358086,Banks—Regional,Financial Services,EVBN
2017Q1,2017,Q1,2017-05-02,2017-03-31,3146000.0,13166000.0,0.0,0.66,13166000.0,1.0,1005324000.0,112627000.0,10795000.0,1015700000.0,1027033000.0,0.0,53874000.0,182925926.4,288916926.4,23.64277653317928,0.010628138229792262,0.021217040476503097,0.1893862040185746,0.0,23.64277653317928,0.02793291129125343,13.893811818319916,14.5363895740623,1.624174721869534,0.0,0.0,0.0,0.013096275429612742,0.14288766368022054,0.003129339397050105,91.23487600997507,1.0,0.24528301886792453,0.14556175172098088,0.12467566088319694,0.38479321037972425,0.15117600769432543,0.3450192389910218,0.0,0.3607385268908068,0.0720474836629668,0.21790852083740794,Banks—Regional,Financial Services,EVBN
2016Q4,2016,Q4,2017-03-07,2016-12-31,2339000.0,11437000.0,0.0,0.53,11437000.0,1.0,1001663000.0,96748000.0,12503000.0,992700000.0,1003961000.0,0.0,52630000.0,135685002.70000002,257353002.70000002,22.49621799948566,0.012594943084516974,0.03946437075144035,0.4085872576177285,0.0,22.49621799948566,0.024176210360937693,11.863688266153714,14.50245860410432,1.4024579598544673,0.6977340743907653,0.0,0.012027858403838172,0.011418011846299604,0.11450186360431147,0.0023351167009263594,28.60139180016864,1.0,0.03921568627450984,0.6761598291576274,0.1252257969177496,0.345656534250674,-0.07795872299258304,0.05550541516245487,0.0,0.3699092385451629,0.07826659828075898,0.17101243243576,Banks—Regional,Financial Services,EVBN
2016Q3,2016,Q3,2016-11-02,2016-09-30,2216000.0,12404000.0,0.0,0.51,12404000.0,1.0,976881000.0,95198000.0,14830000.0,978200000.0,989465000.0,0.0,50294000.0,117260390.0,263948390.0,22.20413304100387,0.015160498875485586,0.06400984357357754,0.6568415302842496,0.0,22.20413304100387,0.023277799953780542,9.453433569816188,13.228834611913356,1.2317526628710689,0.0,0.0,0.0,0.012697554768697519,0.1253445103250869,0.0022684441605477024,98.45540722082283,1.0,0.10869565217391301,0.10226990135697209,0.22533278380222627,0.3372859852854422,0.3354866494401378,0.10634048926610085,0.0,-0.1139048439042548,0.2409864612974451,0.18601074620405342,Banks—Regional,Financial Services,EVBN
2016Q2,2016,Q2,2016-08-04,2016-06-30,2003000.0,9288000.0,0.0,0.46,9288000.0,1.0,911768000.0,94789000.0,10807000.0,915500000.0,926809000.0,0.0,49707000.0,105630176.96000001,230537176.96,22.11111471378529,0.011804478427089022,0.029974730413877215,0.2883245946259587,0.0,22.11111471378529,0.021131143909103377,11.37275807062877,13.183996125811284,1.1143716777263184,0.0,0.0,0.0,0.010186801905747953,0.13177170944838887,0.002196830772740434,74.96818804826118,1.0,0.15,0.9739018982624644,-0.03421788681545419,0.36921026402607676,-0.17469344233161543,0.16861143523920655,0.0,0.020136880964066368,-0.10957343903838149,0.20121159077233713,Banks—Regional,Financial Services,EVBN
2016Q1,2016,Q1,2016-05-02,2016-03-31,1714000.0,11254000.0,0.0,0.4,11254000.0,1.0,853123000.0,92160000.0,11287000.0,886500000.0,897755000.0,0.0,47704000.0,104412724.0,207037724.0,21.53668550970857,0.01273209249858996,0.025002256415546174,0.2314453125,0.0,21.53668550970857,0.018598090277777778,9.277832237426693,15.22939381563594,1.132950564236111,0.0,0.0,0.0,0.01319153275670683,0.16703778905809363,0.0020090889590363877,38.05128425655977,1.0,-0.02439024390243891,-0.12724545873342666,0.1011048328655734,0.3677012183495865,-0.008982035928143712,-0.02280501710376283,0.0,-0.07578708329660307,0.08721984113358987,0.1797404694928413,Banks—Regional,Financial Services,EVBN
2015Q4,2015,Q4,2016-03-03,2015-12-31,1754000.0,11356000.0,0.0,0.41,11356000.0,1.0,828476000.0,91256000.0,11813000.0,836600000.0,847851000.0,0.0,47616000.0,109494643.88,205344643.88,21.43579116593406,0.014120248625388477,0.025746068685152015,0.23373805557990707,0.0,21.43579116593406,0.019220653984395545,9.642008090877068,15.606420165336374,1.1998624077320943,0.8734321550741163,0.0,0.013991551967409348,0.013707095920702591,0.14635907243605067,0.0021171403878929504,-344.32277949685533,1.0,-0.29310344827586204,2.4850315863260373,0.22257923293863024,0.3886863778153002,-0.08389803162310423,-0.30091669988043046,0.0,-0.18679817625669598,0.07662164878827665,0.20037250739821139,Banks—Regional,Financial Services,EVBN
2015Q3,2015,Q3,2015-11-05,2015-09-30,2509000.0,12396000.0,0.0,0.58,12396000.0,1.0,786973000.0,89673000.0,11623000.0,819900000.0,831218000.0,0.0,45868000.0,105180668.8,86091668.8,21.143527849482545,0.014176119038907184,0.02710385235579874,0.23786424007226256,0.0,21.143527849482545,0.027979436396685736,8.485049112616974,10.48033766440813,1.172935764388389,0.0,0.0,0.0,0.01575149338033198,0.17751067203317478,0.0031881652864837805,30.25911070195627,1.0,0.487179487179487,0.8826276430899149,0.2705330835952104,0.34511189098954914,0.11434735706580366,0.49791044776119403,0.0,0.15027802022692838,0.1946715583189444,0.18698412385277274,Banks—Regional,Financial Services,EVBN
2015Q2,2015,Q2,2015-08-03,2015-06-30,1675000.0,11124000.0,0.0,0.39,11124000.0,1.0,769120000.0,88195000.0,14407000.0,809100000.0,820352000.0,0.0,44885000.0,102818278.25,75583278.25,20.801055866737393,0.017806204424669386,0.027732993551071353,0.2418504450365667,0.0,20.801055866737393,0.018992006349566302,9.242923251528227,15.346011679104476,1.1658062050002833,0.0,0.0,0.0,0.014463282712710631,0.19012977382276602,0.002177813605159143,32.47576697725837,1.0,-0.1136363636363636,-0.1627664613558922,-0.0010205169391984301,0.14321370055239124,0.044801352493660185,-0.12073490813648294,0.0,0.09394356844198781,0.09500068415335963,0.19135478317121785,Banks—Regional,Financial Services,EVBN
2015Q1,2015,Q1,2015-05-01,2015-03-31,1905000.0,10647000.0,0.0,0.44,10647000.0,1.0,759926000.0,86701000.0,14661000.0,806400000.0,817651000.0,0.0,43210000.0,104495023.2,153524023.2,20.576911073406986,0.01818080357142857,0.014909346436363541,0.13067900024221174,0.0,20.576911073406986,0.021972064912746104,9.814503916596225,13.713257637795275,1.2052343479313965,0.0,0.0,0.0,0.014010574713853717,0.19728050595238095,0.0025068230327689803,-916.6230105263159,1.0,-0.18518518518518523,-0.11946592704829483,-0.2718713556771161,0.23551209568102013,0.21610508280982296,-0.17389418907198612,0.0,-0.21574936419216612,0.028254959390807462,0.2052208295016873,Banks—Regional,Financial Services,EVBN
2014Q4,2014,Q4,2015-03-09,2014-12-31,2306000.0,8755000.0,0.0,0.54,8755000.0,1.0,746745000.0,85788000.0,8784000.0,749700000.0,761021000.0,0.0,42822000.0,102191558.03999999,116323558.03999999,20.40781371768192,0.011716686674669867,0.033518804946802455,0.29176574812328065,0.0,20.40781371768192,0.026880216347274676,11.672365281553397,11.078876630529054,1.191210402853546,0.6205550737207285,0.0,0.014003113637232887,0.011724216432651039,0.1451887421635321,0.003088068885630302,19.358128062132977,1.0,0.0,0.1276009405305828,-0.350088997333011,0.2513809918632727,-0.21746514122273866,0.0069868995633187774,0.0,0.6906236173642146,-0.11877637480718528,0.22073443098733694,Banks—Regional,Financial Services,EVBN
2014Q3,2014,Q3,2014-10-31,2014-09-30,2290000.0,11188000.0,0.0,0.54,11188000.0,1.0,741171000.0,83974000.0,11645000.0,746100000.0,757378000.0,0.0,40521000.0,96583994.75,107845994.75,20.040594769455836,0.01560782736898539,0.03167959890497604,0.2796103555862529,0.0,20.040594769455836,0.02727034558315669,8.632820410260994,10.544104230349344,1.1501654649058042,0.0004366812227074236,0.0,1.0353682332030484e-05,0.01509503205063339,0.1498807130411473,0.0030897053446505597,33.88912096491228,1.0,0.4594594594594596,-0.37290037512724866,-0.23820574656380564,0.24568992902651623,0.0420042842507218,0.4502849905003167,0.0,0.16550313038130687,0.13084875095715373,0.20698279336045505,Banks—Regional,Financial Services,EVBN
2014Q2,2014,Q2,2014-08-04,2014-06-30,1579000.0,10737000.0,0.0,0.37,10737000.0,1.0,726882000.0,82949000.0,19270000.0,736300000.0,747607000.0,0.0,39657000.0,96454405.55,93355405.55,19.908570676997968,0.02617139752818145,0.02384155887750694,0.20892355543767857,0.0,19.908570676997968,0.019035793077674234,8.983366447797335,15.27143849746675,1.1628157729448214,0.0,0.0,0.0,0.01477131088677392,0.16697541762868395,0.0021722920639113364,67.30942466852757,1.0,-0.21276595744680848,1.5697522369435764,-0.05040048116473582,0.3155282601032512,0.0041148414850837,-0.215598609041232,0.0,0.6010429250851935,0.14872516324453106,0.23281976806168972,Banks—Regional,Financial Services,EVBN
2014Q1,2014,Q1,2014-05-02,2014-03-31,2013000.0,10693000.0,0.0,0.47,10693000.0,1.0,722176000.0,80517000.0,16743000.0,755100000.0,766359000.0,0.0,38078000.0,94359401.5,67844401.5,19.412604582914824,0.022173222089789432,0.02815103243530663,0.25249326229243513,0.0,19.412604582914824,0.025000931480308505,8.824408631815206,11.7187532911078,1.1719189922625037,0.0,0.0,0.0,0.014806639932647997,0.18731691166732883,0.002787409163417228,107.34857963594995,1.0,0.205128205128205,2.078340696890198,-0.2157487503497215,0.2292734367298046,0.031943640223895,0.2068345323741007,0.0,0.05751101038511783,0.07939685413535749,0.23281007782848248,Banks—Regional,Financial Services,EVBN
2013Q4,2013,Q4,2014-03-03,2013-12-31,1668000.0,10362000.0,0.0,0.39,10362000.0,1.0,704119000.0,80712000.0,14698000.0,741500000.0,752786000.0,0.0,37370000.0,88649158.3362,67025158.3362,19.210913032488037,0.01982198246797033,0.028872960394478776,0.2518832391713748,0.0,19.210913032488037,0.020666071959559915,8.55521697898089,13.286744354946043,1.0983392597903658,0.658273381294964,0.0,0.012385904396698937,0.014716262449955192,0.19430478759271747,0.002368917753959203,20.95724783361702,1.0,-0.32758620689655166,1.1781963011796728,-0.07230712415329736,0.15914571850493564,0.05821078431372549,-0.31918367346938775,0.0,2.358187834745965,0.13038666791339196,0.244550902138259,Banks—Regional,Financial Services,EVBN
2013Q3,2013,Q3,2013-11-01,2013-09-30,2450000.0,9792000.0,0.0,0.58,9792000.0,1.0,691723000.0,78635000.0,20773000.0,737000000.0,748325000.0,0.0,35708000.0,82156048.92,39044048.92,18.721696335442516,0.028185888738127544,0.02939037736203654,0.25853627519552363,0.0,18.721696335442516,0.0311566096521905,8.390119375,8.383270297959182,1.044777121129268,0.0,0.0,0.0,0.014155955490853998,0.21168249660786975,0.0035418802034918604,21.044069907786884,1.0,0.2663478963341412,0.12783435539866606,-0.201961989878787,0.1325313006112376,-0.04150352388410337,0.27405096203848156,0.0,0.8562796647737916,0.013419760328425082,0.19103947740279795,Banks—Regional,Financial Services,EVBN
2013Q2,2013,Q2,2013-08-02,2013-06-30,1923000.0,10216000.0,0.0,0.45801,10216000.0,1.0,663654000.0,77285000.0,12757000.0,721700000.0,738989000.0,0.0,34350000.0,74021247.47999999,21774247.47999999,18.407343788256835,0.01767631980047111,0.030633432481383373,0.26305233874619915,0.0,18.407343788256835,0.0248819305169179,7.245619369616287,9.623147098283932,0.9577699098143236,0.0,0.0,0.0,0.015393563513517587,0.22914923098240267,0.002897594228317768,21.399608985255853,1.0,0.06513953488372089,-0.09099979022384082,-0.12479795550872698,0.11699352713564683,0.007892659826361484,0.05892070484581498,0.0,-0.02934345629102861,-0.07353083551407424,0.011656703598566258,Banks—Regional,Financial Services,EVBN
2013Q1,2013,Q1,2013-05-03,2013-03-31,1816000.0,10136000.0,0.0,0.43,10136000.0,1.0,644085000.0,76495000.0,12509000.0,726900000.0,747219000.0,0.0,32427000.0,75843651.7,-1424348.299999997,18.255443520528694,0.017208694455908655,0.03622192723010162,0.3049872540688934,0.0,18.255443520528694,0.023740113732923722,7.482601785714286,10.441031346365639,0.9914850866069679,0.0,0.0,0.0,0.015737053339233177,0.2643252166735452,0.002819503636942329,44.018370110272784,1.0,-0.15129038624587857,-0.2522481097000512,-0.15724352678603612,0.14063425737857022,-0.02369485648237334,-0.14460668864813941,0.0,-0.15594587666414286,-0.30297118863288813,0.09612279516453347,Banks—Regional,Financial Services,EVBN
2012Q4,2012,Q4,2013-03-04,2012-12-31,2123000.0,10382000.0,0.0,0.5066515013279616,10382000.0,1.0,637150000.0,74828000.0,12409000.0,714500000.0,734848000.0,0.0,30611000.0,64949402.525699995,4802402.525699995,17.857615893249505,0.017367389783065082,0.047602605351957934,0.40532955578125834,0.0,17.857615893249505,0.028371732506548352,6.2559624856193405,7.648304583808289,0.8679826071216658,0.9024964672633067,0.0,0.029499886457644516,0.016294436161029584,0.25883135059482154,0.0033320254257239268,13.233374597738385,1.0,-0.006565683670663643,0.7298624238166738,-0.013206117794741892,0.1334532283406384,0.021749827772857003,-0.006086142322097378,0.0,0.04144304049080294,-0.22684215836346844,0.09500612843433098,Banks—Regional,Financial Services,EVBN
2012Q3,2012,Q3,2012-11-02,2012-09-30,2136000.0,10161000.0,0.0,0.51,10161000.0,1.0,547888000.0,73981000.0,12232000.0,695000000.0,725327000.0,0.0,29491000.0,65496689.42,30846689.42,17.812814362549197,0.0176,0.055358029378267094,0.40997012746516,0.0,17.812814362549197,0.028872278017328775,6.445890111209526,7.665811027621723,0.8853177088711965,0.0,0.0,0.0,0.018545761177466927,0.09349640287769784,0.0038986070145723213,44.58590157930565,1.0,0.41666666666666674,-0.0017010074706622956,-0.056084141210365465,0.16920980718628548,0.024397620727895957,0.4287625418060201,0.0,-0.4098683793101955,-0.3019793597906558,0.10721481644174399,Banks—Regional,Financial Services,EVBN
2012Q2,2012,Q2,2012-08-03,2012-06-30,1495000.0,9919000.0,0.0,0.36,9919000.0,1.0,653583000.0,72281000.0,12540000.0,675500000.0,705841000.0,0.0,28269000.0,68265384.44999999,54610384.44999999,17.460001135319175,0.018564026646928203,0.04640573576730117,0.4196123462597363,0.0,17.460001135319175,0.020683167084019315,6.882284953120273,11.41561612876254,0.9444443830328855,0.0,0.0,0.0,0.0151763433259433,0.06511472982975573,0.0022873911959154385,37.020273562906716,1.0,-0.3793103448275862,8.128562584174128,0.4664752097096385,0.166729569545562,-0.021891332215757814,-0.37158469945355194,0.0,1.5429205624514672,-0.11708964217182,0.1537304856086615,Banks—Regional,Financial Services,EVBN
2012Q1,2012,Q1,2012-05-04,2012-03-31,2379000.0,10141000.0,0.0,0.58,10141000.0,1.0,635256000.0,70455000.0,11988000.0,672000000.0,705338000.0,0.0,26775000.0,58804848.0,48266848.0,17.073145907970037,0.017839285714285714,0.052467036911103555,0.47306791569086654,0.0,17.073145907970037,0.033766233766233764,5.798722808401538,6.179576292559899,0.834644070683415,0.0,0.0,0.0,0.01596364300376541,0.06527976190476191,0.0037449469190373643,14.982126878980893,1.0,0.7874984914115009,0.2230934757593146,-0.043473818531058805,0.1613613967904705,0.039782630985337845,0.7766990291262136,0.0,2.2808909944561124,-0.2524470760869122,0.08113080119867264,Banks—Regional,Financial Services,EVBN
2011Q4,2011,Q4,2012-03-06,2011-12-31,1339000.0,9753000.0,0.0,0.3244757983219343,9753000.0,1.0,637729000.0,68988000.0,11486000.0,641600000.0,671914000.0,0.0,25304000.0,49189739.52,67841739.52000001,16.71765225887498,0.01790211970074813,0.0522635790437631,0.48312750043485825,0.0,16.71765225887498,0.019409172609729228,5.043549627806829,9.184043973114264,0.7130187789180727,0.6183719193427931,0.0,0.016832778707098955,0.015293329925407186,0.02287718204488778,0.002099637933981362,9.961470133657352,1.0,-0.30962596101716106,-0.23753800099634828,0.018352822687623425,0.15437707749047563,0.005671272427304599,-0.3047767393561786,0.0,0.7802187980191265,-0.1110226549830538,0.00870765520401706,Banks—Regional,Financial Services,EVBN
2011Q3,2011,Q3,2011-11-04,2011-09-30,1926000.0,9698000.0,0.0,0.47,9698000.0,1.0,623734000.0,68199000.0,12870000.0,634500000.0,664816000.0,0.0,23971000.0,45181554.0,48142554.0,16.603877768347676,0.02028368794326241,0.05343624044865279,0.48871684335547444,0.0,16.603877768347676,0.028240883297409054,4.658852753144978,5.86468769470405,0.662495843047552,0.0,0.0,0.0,0.015548294625593602,0.0478628841607565,0.0030878547585990184,15.83650683491062,1.0,0.9583333333333333,-0.0033177530522643314,0.009389041899895884,0.1682952639264936,0.05275727312201477,0.9814814814814815,0.0,-0.09335403428250023,-0.19176702096544404,0.004418133231746785,Banks—Regional,Financial Services,EVBN
2011Q2,2011,Q2,2011-08-05,2011-06-30,972000.0,9212000.0,0.0,0.24,9212000.0,1.0,596719000.0,66313000.0,13509000.0,606200000.0,636519000.0,0.0,22867000.0,56257282.699999996,61982282.699999996,16.148808765696035,0.022284724513361928,0.055872194449983995,0.5027671798893129,0.0,16.148808765696035,0.014657759413689624,6.106956437255753,14.469465715020576,0.8483597891816085,0.0,0.0,0.0,0.015437752107776022,0.04555427251732102,0.0016289074086797974,32.276123178427994,1.0,-0.4782608695652174,-0.3978025730212472,-0.0010688006057872972,0.1818963907700891,-0.05595408895265423,-0.4816,0.0,-0.530217464397295,-0.1930859600896035,-0.02005878361757566,Banks—Regional,Financial Services,EVBN
2011Q1,2011,Q1,2011-05-06,2011-03-31,1875000.0,9758000.0,0.0,0.46,9758000.0,1.0,22692000.0,64333000.0,13553000.0,602100000.0,635378000.0,0.0,21895000.0,57809952.35,60058952.35,15.746630346426846,0.02250954990865305,1.4705182443151772,0.518691806693299,0.0,15.746630346426846,0.029145228731755086,5.924364864726378,7.707993646666667,0.89860495158006,0.0,0.0,0.0,0.430019390093425,0.05168576648397276,0.08262823902696986,104.1620763063063,1.0,2.8909609523809525,-0.11118894738322904,-0.04217860292454878,0.17594446552034942,0.09468252187570114,2.8819875776397517,0.0,-0.2081600005178194,-0.16787073167460106,-0.016121082393112253,Banks—Regional,Financial Services,EVBN
2010Q4,2010,Q4,2011-03-04,2010-12-31,483000.0,8914000.0,0.0,0.11822272328857922,8914000.0,1.0,22736000.0,63064000.0,13467000.0,575200000.0,608459000.0,0.0,20836000.0,58214417.741000004,91491417.741,15.436020334308406,0.023412726008344924,2.0671622097114706,0.7452587847266269,0.0,15.436020334308406,0.007658886210833439,6.530672845075163,30.131686201345758,0.9231006238265889,1.6956521739130435,0.0,0.014068679749470106,0.39206544686840256,0.02385605006954103,0.021243842364532018,75.60313992337663,1.0,-0.6186363764884542,-0.7141078469106245,-0.00948817760814381,0.13980669186747685,-0.04724241128687473,-0.6220657276995305,0.0,-0.5963516418639636,-0.13101447509427894,-0.020249557094158172,Banks—Regional,Financial Services,EVBN
2010Q3,2010,Q3,2010-11-03,2010-09-30,1278000.0,9356000.0,0.0,0.31,9356000.0,1.0,23536000.0,63929000.0,14046000.0,556700000.0,594951000.0,0.0,20359000.0,54091685.2,74515685.2,15.718787404316256,0.025230824501526854,1.6326903467029232,0.6010887077851992,0.0,15.718787404316256,0.01999092743512334,5.781496921761437,10.581315571205009,0.8461212470084,0.000782472613458529,0.0,1.8487129700296338e-05,0.3975186947654657,0.032338782108855754,0.05429979605710401,23.8920871024735,1.0,-0.3404255319148936,-0.31908681143130685,-0.00032614689591394414,0.18766149748158192,0.03062348534919586,-0.2164316370324954,0.0,-0.3900432765151215,-0.11244386745819611,0.03176061997497071,Banks—Regional,Financial Services,EVBN
2010Q2,2010,Q2,2010-08-04,2010-06-30,1631000.0,9078000.0,0.0,0.47,9078000.0,1.0,21537000.0,62893000.0,11826000.0,556800000.0,595120000.0,0.0,19894000.0,43725509.300000004,61179509.300000004,18.19524718491958,0.021239224137931036,1.7855318753772578,0.6114352948658833,0.0,18.19524718491958,0.025932933712813827,4.816645659836969,6.702254644389945,0.6952365016774522,0.3464132434089516,0.0,0.012921519018190143,0.42150717370107255,0.03771731321839081,0.07573013883084924,33.454865570007655,1.0,-0.07843137254901968,0.09375891629718854,0.17225876073653718,0.3471788516822038,-0.07177914110429448,0.1271596406357982,0.0,10.314301005932792,0.6074317692751466,0.21586091268305344,Banks—Regional,Financial Services,EVBN
2010Q1,2010,Q1,2010-05-03,2010-03-31,1447000.0,9780000.0,0.0,0.51,9780000.0,1.0,20061000.0,46935000.0,10123000.0,549700000.0,588013000.0,0.0,18263000.0,43004923.22,92593923.22,16.65456060311971,0.018415499363289067,3.009221873286476,1.2862043251304995,0.0,16.65456060311971,0.030829871098327473,4.397231413087934,7.430014378023497,0.9162655421327368,0.0,0.0,0.0,0.48751308509047403,0.01960887756958341,0.07213000348935746,17.160783407821228,1.0,0.048326017505470456,0.10689655114821356,0.4775284590783223,0.3172679153889996,0.08293655187686856,0.055433989788475566,0.0,0.08935232091724635,0.35079535402323797,0.13288809626710246,Banks—Regional,Financial Services,EVBN
2009Q4,2009,Q4,2010-03-05,2009-12-31,1371000.0,9031000.0,0.0,0.4864898814717614,9031000.0,1.0,22548000.0,45959000.0,12379000.0,535000000.0,573485000.0,0.0,17381000.0,31957786.98,76574786.98,16.308233743662058,0.023138317757009346,2.5545502927088877,1.253290976740138,0.0,16.308233743662058,0.02983093626928349,3.538676445576348,5.827459332603938,0.6953542718509976,0.4113785557986871,0.0,0.017648280851016548,0.40052332801135354,0.02426728971962617,0.06080361894624801,18.116659285714285,1.0,-0.4408162281933777,0.11408639876636752,0.5964728007008078,0.25071473637966174,-0.0781872001633153,-0.437192118226601,0.0,0.14316706959446054,0.380799159348814,0.12610616111158754,Banks—Regional,Financial Services,EVBN
2009Q3,2009,Q3,2009-11-09,2009-09-30,2436000.0,9797000.0,0.0,0.87,9797000.0,1.0,23016000.0,44969000.0,12653000.0,530300000.0,568588000.0,0.0,16015000.0,34939975.0,69039975.0,16.087947973631923,0.023860079200452574,2.0816823079596802,1.0654450843914698,0.0,16.087947973631923,0.05417065089283729,3.56639532509952,3.58579382183908,0.7769791411861504,0.00041050903119868636,0.0,2.862051275079619e-05,0.42566041014946127,0.026045634546483124,0.10583941605839416,13.75589566929134,1.0,2.298507462686567,1.2116861702736395,0.8103248526324301,0.2610550881346777,0.2958994708994709,2.314624932541824,0.0,0.85239511034435,0.4983918979613847,0.1319930010398062,Banks—Regional,Financial Services,EVBN
2009Q2,2009,Q2,2009-08-14,2009-06-30,-1853000.0,7560000.0,0.0,-0.67,7560000.0,1.0,22295000.0,42159000.0,11710000.0,472400000.0,510664000.0,0.0,14139000.0,35546846.28,67645846.28,15.133518055655767,0.024788314987298898,1.9961426328773269,1.0556227614506986,0.0,15.133518055655767,-0.04395265542351574,4.701963793650794,-4.795850820291419,0.8431615142674161,0.0,0.0,0.0,0.3390894819466248,0.02625952582557155,-0.08311280556178516,12.228017296181632,1.0,-0.48888888888888893,-2.6832589840860193,0.45131189448860476,0.25191095378187955,-0.16996047430830039,-0.4859663191659984,0.0,-2.6922161379145595,0.208401418001602,0.10758945933078586,Banks—Regional,Financial Services,EVBN
2009Q1,2009,Q1,2009-05-13,2009-03-31,-1247000.0,9108000.0,0.0,-0.45,9108000.0,1.0,20534000.0,43754000.0,9733000.0,483200000.0,512705000.0,0.0,15992000.0,33358686.2,57049686.2,15.791933676332853,0.020142798013245033,1.6562773935911173,0.7773003611098414,0.0,15.791933676332853,-0.028500251405585774,3.66256985068072,-6.6877879310344825,0.7624145495269004,-0.9101844426623897,0.0,0.03402412172935036,0.44355702736924124,0.021355546357615895,-0.06072854777442291,10.139418297872341,1.0,-3.468900495049505,-2.05170906498718,0.6842723989708175,0.25802633961322735,0.23649199022535977,-3.4693069306930693,0.0,-1.8716424011491517,0.3182884991102137,0.17932767823955192,Banks—Regional,Financial Services,EVBN
2008Q4,2008,Q4,2009-03-16,2008-12-31,505000.0,7366000.0,0.0,0.18226736999012869,7366000.0,1.0,21982000.0,45919000.0,9036000.0,453600000.0,483055000.0,0.0,18374000.0,41809183.95,92863183.95,16.57333735163707,0.019920634920634922,2.7388317714493677,1.3111130468869097,0.0,16.57333735163707,0.010997626254927154,5.675968497149063,20.697615816831682,0.9104985724863346,2.2475247524752477,0.0,0.027147145501748068,0.33509234828496043,0.02017416225749559,0.02297334182512965,20.862866242514972,1.0,-0.6494858269420601,-0.4893526825327601,0.565579957120183,0.35741956768648475,-0.08485526152317058,-0.6456140350877193,0.0,-0.5592318515855942,0.20693107341202777,0.22378698724482476,Banks—Regional,Financial Services,EVBN
2008Q3,2008,Q3,2008-11-04,2008-09-30,1425000.0,8049000.0,0.0,0.52,8049000.0,1.0,26335000.0,45547000.0,13847000.0,427600000.0,457215000.0,0.0,17868000.0,46674341.56,65101341.56,16.5308423046129,0.03238306828811974,1.3996202771976458,0.8092519814696907,0.0,16.5308423046129,0.03128636353656662,5.798775196918872,8.188480975438596,1.0247511704393264,0.0,0.0,0.0,0.30563888361496105,0.043105706267539755,0.0541104993354851,14.68670281938326,1.0,0.040000000000000036,0.3855922088830376,0.7343179327925068,0.3918271697665937,0.053258309343103896,0.02888086642599278,0.0,0.12070119106237168,0.2694749169472006,0.24901777860659668,Banks—Regional,Financial Services,EVBN
2008Q2,2008,Q2,2008-08-13,2008-06-30,1385000.0,7642000.0,0.0,0.5,7642000.0,1.0,28257000.0,45298000.0,16031000.0,409700000.0,439441000.0,0.0,17573000.0,41918757.75,77996757.75,16.479364777931664,0.03912863070539419,1.8672187422585553,1.1647754867764581,0.0,16.479364777931664,0.03057530133780741,5.485312450929076,7.5665627707581224,0.9253997472294583,0.0,0.0,0.0,0.2704462611034434,0.04072247986331462,0.04901440351063453,39.69579332386363,1.0,-0.13793103448275856,0.35009501475339455,0.6755455712087552,0.36480238818215255,-0.031309418177208774,-0.13057124921531701,0.0,0.16794719949001266,0.240926711102668,0.2201346589227036,Banks—Regional,Financial Services,EVBN
2008Q1,2008,Q1,2008-05-14,2008-03-31,1593000.0,7889000.0,0.0,0.58,7889000.0,1.0,25950000.0,43989000.0,13558000.0,386700000.0,416444000.0,0.0,16188000.0,42189705.25,85348705.25,16.004642506953754,0.03506077062322214,2.2008477842003855,1.2983245811452864,0.0,16.004642506953754,0.03621359885425902,5.347915483584738,6.621108796296296,0.9590967116779195,0.6384180790960452,0.0,0.024105406614567428,0.3040077071290944,0.036082234290147404,0.06138728323699422,17.809077775432673,1.0,0.9802965217391305,0.45842673611183526,0.6077444232348863,0.3945885093478763,0.14316765686132443,0.9788819875776398,0.0,0.24945267303586124,0.2220373717983553,0.2658636018131885,Banks—Regional,Financial Services,EVBN
2007Q4,2007,Q4,2008-03-21,2007-12-31,805000.0,6901000.0,0.0,0.29288543085993707,6901000.0,1.0,24888000.0,43303000.0,12335000.0,374000000.0,399426000.0,0.0,15612000.0,43289111.25,90096111.25,15.755053183264417,0.032981283422459894,2.3871343619414978,1.3719834653488212,0.0,15.755053183264417,0.01858993603214558,6.272875126793219,13.44382336956522,0.9996792658707249,1.2720496894409938,0.0,0.023654909293153944,0.27728222436515587,0.03370053475935829,0.032344905175184825,12.543932555780932,1.0,-0.4367587868078133,-0.08496808658713177,0.7076595924937298,0.379414028456802,-0.03062227840988903,-0.43109540636042404,0.0,-0.32927757113726636,0.2508442614812636,0.2082900882146222,Banks—Regional,Financial Services,EVBN
2007Q3,2007,Q3,2007-11-05,2007-09-30,1415000.0,7119000.0,0.0,0.52,7119000.0,1.0,26897000.0,41845000.0,14213000.0,376700000.0,410315000.0,0.0,14814000.0,49714383.1,82498383.1,15.234916995278978,0.03773028935492434,1.76815258207235,1.1365276616083164,0.0,15.234916995278978,0.033815270641653725,6.9833379828627615,8.78345991166078,1.1880602963317004,0.0,0.0,0.0,0.2646763579581366,0.03921953809397399,0.0526080975573484,21.281842080479453,1.0,11.4,0.48400671464254036,0.7443724629182507,0.3563443477253972,0.5879991077403525,11.179856115107913,0.0,0.30740985805658155,0.33872537563011446,0.19419018669718033,Banks—Regional,Financial Services,EVBN
2007Q2,2007,Q2,2007-08-14,2007-06-30,-139000.0,4483000.0,0.0,-0.05,4483000.0,1.0,23913000.0,41061000.0,13907000.0,395000000.0,428431000.0,0.0,14416000.0,53916043.349999994,78666043.35,14.964908399570088,0.03520759493670886,1.6403211642202986,0.9552860378461314,0.0,14.964908399570088,-0.003385207374394194,12.026777459290653,-96.97130098920863,1.313071852853072,0.0,0.0,0.0,0.18747124994772718,0.036645569620253164,-0.0058127378413415295,144.54703310991957,1.0,-1.1063829787234043,-1.1470493751445672,0.12031911318763971,0.38410397143444047,-0.3609408410548824,-1.108003108003108,0.0,-1.1281991851232855,-0.12621891212403089,0.23796282390284137,Banks—Regional,Financial Services,EVBN
2007Q1,2007,Q1,2007-05-15,2007-03-31,1287000.0,7015000.0,0.0,0.47,7015000.0,1.0,26497000.0,40141000.0,14340000.0,423700000.0,457251000.0,0.0,14555000.0,54609980.0,100234980.0,14.700975902206887,0.0338447014396979,2.263086387138167,1.4938591465085573,0.0,14.700975902206887,0.032061981515159065,7.784744119743407,10.607999222999222,1.3604539000024911,0.0,0.0,0.0,0.264746952485187,0.0338447014396979,0.04857153640034721,24.046666666666667,1.0,0.1044187005163511,0.4375694224313595,0.7350976642281943,0.4561359775147527,0.10699068960075746,0.10757314974182444,0.0,0.1014077802137095,0.3163076776248474,0.17111781761802927,Banks—Regional,Financial Services,EVBN
