Quarters,Year,Quarter,FillingDate,Date,NetIncome,Revenue,OperatingIncome,EPSDiluted,GrossProfit,GrossProfitRatio,TotalAssets,CommonStockEquity,CurrentAssets,CurrentLiability,TotalLiability,Inventory,RetainedEarnings,MarketCap,EnterpriseValue,bookValuePerShare,currentRatio,debtToAssets,debtToEquity,roic,shareholdersEquityPerShare,roe,priceToSalesRatio,peRatio,pbRatio,payoutRatio,inventoryTurnover,dividendYield,assetTurnover,quickRatio,returnOnAssets,priceToFreeCashFlowsRatio,grossProfitMargin,epsdilutedGrowth,fiveYNetIncomeGrowthPerShare,fiveYRevenueGrowthPerShare,fiveYShareholdersEquityGrowthPerShare,grossProfitGrowth,netIncomeGrowth,operatingIncomeGrowth,threeYNetIncomeGrowthPerShare,threeYRevenueGrowthPerShare,threeYShareholdersEquityGrowthPerShare,Industry,Sector,Symbol
2023Q1,2023,Q1,2023-05-15,2023-03-31,-4323391.0,9937013.0,-4687309.0,-0.1,4037782.0,0.4063375986,39978176.0,22890248.0,11423969.0,9386241.0,17087928.0,329036.0,-30448280.0,46940989.52,54950891.52,0.531526296636109,1.217097344932865,0.2571625328779382,0.44913838417128554,-0.11003717008527629,0.531526296636109,-0.18887479943423943,4.723853085429194,-2.714361800725403,2.050698162815886,-0.007012782327575739,17.928831495641813,0.0006458960560914907,0.2485609398487815,1.140111893568469,-0.1081437782454107,-19.17217859402359,0.40633759863250657,0.5238095238095237,-0.43635646821605706,-0.5387396886219433,0.0,-0.022336625397424186,0.2379220332368498,-0.015120332665510338,-0.43635646821605706,-0.5387396886219433,0.0,Information Technology Services,Technology,CTM
2022Q4,2022,Q4,2023-03-17,2022-12-31,-5673161.0,10024539.0,-4617491.0,-0.21,4130033.0,0.4119923121,33043008.0,17531916.0,10666003.0,7758540.0,15511092.0,351116.0,-26094570.0,34609964.76,40077047.76,0.6382616773285613,1.3747435728887136,0.30590371796659677,0.5765473094897329,-0.16443727803824543,0.6382616773285613,-0.3235904735112808,3.4525243265550665,-1.5251622843067558,1.9741119430414795,-0.005299867216883145,16.787916244204194,0.0008687382436964955,0.3033785241343645,1.3007462744279208,-0.17169021052804878,23.535740060712886,0.41199231206542264,-0.75,0.0,0.0,0.0,-0.11114246120318497,-0.7984206175004533,-10.509630220471852,0.0,0.0,0.0,Information Technology Services,Technology,CTM
2022Q3,2022,Q3,2022-11-14,2022-09-30,-3154524.0,11120712.0,-401185.0,-0.12,4646451.0,0.4178195605,33552205.0,17158897.0,10629936.0,8767720.0,16393308.0,0.0,-20391341.0,111236050.69999999,119316294.69999999,0.6633034581476741,1.2123945563955054,0.29606495310814895,0.5789201951617287,-0.015557124472593045,0.6633034581476741,-0.1838418868065937,10.002601515082846,-8.815597115444358,6.482704028120222,-0.00948193768695372,0.0,0.0002688966374819346,0.33144504213657494,1.176972690733737,-0.09401838120624263,549.4006494853508,0.41781956047418545,0.4000000000000001,0.5369888202503423,0.08836775767217307,0.0,-0.00851027871898988,0.3323121423865008,0.8539262431024721,0.5369888202503423,0.08836775767217307,0.0,Information Technology Services,Technology,CTM
2022Q2,2022,Q2,2022-06-30,2022-06-30,-4724549.0,11055251.0,-2746455.0,-0.2,4686333.0,0.4239010946,33448260.0,19133377.0,9994139.0,6248751.0,14314883.0,0.0,-17246906.0,110427465.132,117933714.132,0.8008376212230303,1.5993818604709966,0.2859341861131192,0.49985953864809124,-0.11764147687421983,0.8008376212230303,-0.24692708453923215,9.988689097334833,-5.843280762460077,5.771457131273794,-0.006270651442074154,0.0,0.0002682847058436633,0.3305179701425425,1.5586308367864234,-0.14124947007706828,-127.40978842082309,0.4239010946020131,-1.8612303290414876,0.0,0.0,0.0,0.13347031079937113,-2.3848250791838104,-2.2092065365357763,0.0,0.0,0.0,Information Technology Services,Technology,CTM
2022Q1,2022,Q1,2022-03-31,2022-03-31,-1395803.0,9990141.0,-855805.0,-0.0699,4134500.0,0.4138580226,,,,,,,,75887664.39999999,,,0.0,0.0,0.0,0.0,,0.0,7.5962555883845875,-13.592115864488038,0.0,-0.007817722128409239,0.0,0.00014379148556323208,0.0,0.0,0.0,4422.358065268065,0.4138580226245055,0.0,0.0,0.0,0.0,0.0,0.0,0.0,0.0,0.0,0.0,Information Technology Services,Technology,CTM
2021Q3,2021,Q3,2021-09-30,2021-09-30,-4919598.0,7378094.0,-4600158.0,-0.26,3068655.0,0.4159143269250839,,,,,,,,93397310.0,,,0.0,0.0,0.0,0.0,,0.0,12.658731374254652,-4.746186070487874,0.0,-0.0006748518883046949,0.0,3.554706232973948e-05,0.0,0.0,0.0,106.04341092664627,0.4159143269250839,0.0,0.0,0.0,0.0,0.0,0.0,0.0,0.0,0.0,0.0,Information Technology Services,Technology,CTM
2011Q3,2011,Q3,2011-09-30,2011-09-30,-1010547.0,-791397.0,562657.0,0.0,434007.0,0.5484061728816257,966826.0,-1120784.0,138629.0,2087610.0,2087610.0,103645.0,-3082699.0,0.0,911563.0,0.0,0.06640560257902578,0.9611595054332424,-0.8291285385944125,,0.0,0.9016429570729061,0.0,0.0,0.0,0.0,-11.823088426841624,,-0.818551631834477,0.008483864323317094,-1.045221166993854,0.0,-0.5484061728816257,0.0,0.0,0.0,0.0,0.0,0.0,0.0,0.0,0.0,0.0,Information Technology Services,Technology,CTM
2010Q3,2010,Q3,2010-09-30,2010-09-30,-252160.0,-498642.0,488337.0,0.0,350468.0,0.7028449268212466,707922.0,-678029.0,244152.0,910093.0,1385951.0,181470.0,-905819.0,0.0,870544.0,0.0,0.2682714843428089,1.2609425897203363,-1.316535133452994,,0.0,0.3719014968386308,0.0,0.0,0.0,0.0,-4.679065410260649,,-0.70437421071813,0.024288726536738553,-0.3561974341806018,0.0,-0.7028449268212466,0.0,0.0,0.0,0.0,0.0,0.0,0.0,0.0,0.0,0.0,Information Technology Services,Technology,CTM
