Quarters,Year,Quarter,FillingDate,Date,NetIncome,Revenue,OperatingIncome,EPSDiluted,GrossProfit,GrossProfitRatio,TotalAssets,CommonStockEquity,CurrentAssets,CurrentLiability,TotalLiability,Inventory,RetainedEarnings,MarketCap,EnterpriseValue,bookValuePerShare,currentRatio,debtToAssets,debtToEquity,roic,shareholdersEquityPerShare,roe,priceToSalesRatio,peRatio,pbRatio,payoutRatio,inventoryTurnover,dividendYield,assetTurnover,quickRatio,returnOnAssets,priceToFreeCashFlowsRatio,grossProfitMargin,epsdilutedGrowth,fiveYNetIncomeGrowthPerShare,fiveYRevenueGrowthPerShare,fiveYShareholdersEquityGrowthPerShare,grossProfitGrowth,netIncomeGrowth,operatingIncomeGrowth,threeYNetIncomeGrowthPerShare,threeYRevenueGrowthPerShare,threeYShareholdersEquityGrowthPerShare,Industry,Sector,Symbol
2023Q1,2023,Q1,2023-05-11,2023-03-31,1588779.0,5149934.0,5073719.0,0.28,4844753.0,0.940740794,647361629.0,43507818.0,276382169.0,13275236.0,603853811.0,0.0,14647449.0,87838192.82000001,79128445.82000001,7.835927159504145,20.819378954920275,0.04101335453108853,0.610246002224244,0.052158634221915315,7.835927159504145,0.036517092169503884,17.056178354907075,13.821650591429016,2.0189059543275647,0.5941046552100702,0.0,0.010745906418341998,0.007955266066595986,21.940694839624697,0.0024542372127526885,53.94223862439549,0.9407407939596896,-0.12499999999999993,0.07164842212368532,0.2022823018100984,0.11020148414656908,-0.12171255386016588,-0.12114604336245738,1.009823487003161,0.04031580459800163,0.06090099066628129,-0.1734159471477749,Banks—Regional,Financial Services,BKSC
2022Q4,2022,Q4,2023-03-02,2022-12-31,1807785.0,5516136.0,2524460.0,0.32,5516136.0,1.0,653345609.0,38811387.0,301089447.0,2430272.0,614534222.0,0.0,14002571.0,91021834.20779999,76683827.20779999,6.992944423483778,123.89125455916046,20.581948522745794,346.4737215395059,0.00014479406465507883,6.992944423483778,0.04657872701122483,16.50101342820409,12.58748056430936,2.3452352838562556,0.5221312268881532,0.0,0.010370050309523577,0.00844290666993677,123.89125455916046,0.002766965867830605,63.78316837155784,1.0,-0.030303030303030328,1.3173239514811415,0.26186580719628383,-0.012656989489728234,0.06819179108263874,-0.017650699599568977,0.04171936555830152,0.015673551581480195,0.08473082476028983,-0.24420050285229444,Banks—Regional,Financial Services,BKSC
2022Q3,2022,Q3,2022-11-04,2022-09-30,1840267.0,5453573.0,2423359.0,0.33,5163994.0,0.94690105,630129805.0,36013245.0,280195532.0,2418321.0,594116560.0,0.0,13138685.0,90836462.36,95368482.36,6.4861254268687265,115.86366408760458,0.043120417070257454,0.7544851901015862,0.02434799911722147,6.4861254268687265,0.051099727336428584,16.656320977091532,12.340119988023478,2.522307066747248,0.5129141586519782,0.0,0.010391190668117077,0.008654681871459801,115.86366408760458,0.0029204570001255536,15.337600308249819,0.9469010500088657,0.2222222222222222,0.2599026894672857,0.19843882514749298,-0.1873523429880368,0.0772576542958515,0.1926691302944558,0.18877536504174078,-0.09091788185016068,0.04185158406827599,-0.28768897791356923,Banks—Regional,Financial Services,BKSC
2022Q2,2022,Q2,2022-08-05,2022-06-30,1542982.0,5139125.0,2038534.0,0.27,4793648.0,0.932775132,655465190.0,41617228.0,279373734.0,13737768.0,613847962.0,0.0,12242318.0,96586547.39999999,67677259.39999999,7.49731496458895,20.336180811904818,0.04191761274157061,0.6601962052830621,0.018980350386369395,7.49731496458895,0.03707555918909352,18.79435651010629,15.649331521689817,2.320830868408631,0.6115307890824391,0.0,0.009769279733049035,0.007840423989563809,22.930365252929004,0.002354025848420722,-851.5454917346264,0.9327751319533968,0.03846153846153849,0.09565973513746479,0.11850531078124772,-0.048368438623595106,-0.01217235622847984,0.053873148528863345,0.04650114581878814,-0.16689961864540326,-0.010259278284432235,-0.16257154700023718,Banks—Regional,Financial Services,BKSC
2022Q1,2022,Q1,2022-05-06,2022-03-31,1464106.0,4852717.0,1947952.0,0.26,4852717.0,1.0,664993337.0,44958313.0,328745741.0,2373739.0,620035024.0,0.0,11643236.0,103239446.52000001,47762922.52000001,8.108565245919143,138.49279175174692,0.020887134091690907,0.30894853639192377,0.02051606019958326,8.108565245919143,0.03256585717529036,21.274565675270164,17.62841053175112,2.2963371984175653,0.643406283424834,0.0,0.009124564609298913,0.007297391913567398,138.49279175174692,0.0022016852177873776,61.726624754039854,1.0,-0.03703703703703707,0.1755908932225115,0.12501377894026103,0.06279872617830606,2.3331824510382373,-0.04876852379433318,-0.04597411234960131,-0.13799796338943304,-0.006487243959057518,-0.05529654186588307,Banks—Regional,Financial Services,BKSC
2021Q4,2021,Q4,2022-03-04,2021-12-31,1539169.0,1455881.0,2041823.0,0.27,1455881.0,1.0,679220646.0,53917633.0,224892275.0,14041843.0,625303013.0,0.0,11122710.0,113486073.0,102345514.0,9.73962220456778,16.01586593725624,0.02067346315618327,0.26043136945570294,0.02307599014037339,9.73962220456778,0.02854667229178996,77.95010237787292,18.433010442647948,2.1048044338296528,0.6115195927152899,0.0,0.008293810642297932,0.002143458106837347,16.01586593725624,0.002266080998957149,22.743912400941614,1.0,-0.09999999999999991,0.15596289422883822,-0.6752166229851588,0.3090271181095508,-0.7253148524550388,-0.10872892294275935,0.0,-0.15114698672166396,-0.7105860740418484,0.18137425869953142,Banks—Regional,Financial Services,BKSC
2021Q3,2021,Q3,2021-11-05,2021-09-30,1726937.0,5300181.0,0.0,0.3,5300181.0,1.0,691778578.0,54422878.0,0.0,0.0,637355700.0,0.0,10525556.0,111548505.89999999,-40375396.10000001,9.830889108304946,0.0,0.017860002308426496,0.227021566187661,0.0,9.830889108304946,0.03173182057736822,21.046169159128716,16.148317208444777,2.049662017139189,0.5447679909574002,0.0,0.008433819820441002,0.007661672634216783,0.0,0.0024963724736789985,15.109280080229928,1.0,0.03448275862068969,0.18634027832534086,0.12403369747625703,0.26786416133390306,0.006004884841049064,0.03490954548614357,0.0,-0.0339356511706876,0.06965623699207962,0.2502503070208174,Banks—Regional,Financial Services,BKSC
2021Q2,2021,Q2,2021-08-03,2021-06-30,1668684.0,5268544.0,0.0,0.29,5268544.0,1.0,581915387.0,54463161.0,0.0,0.0,527452226.0,0.0,9739851.0,113341117.5,47175605.5,9.850748123248387,0.0,0.021446695307955486,0.22914869006593283,0.0,9.850748123248387,0.030638765164585288,21.512796989073262,16.980614289464032,2.0810602142611594,0.8939056166416169,0.0,0.013160678427226553,0.009053797369341601,0.0,0.002867571535790993,37.720422175688775,1.0,-0.09375000000000008,0.24734136598610532,0.17247636849992704,0.28664422244335946,-0.04667705900926535,-0.07811333784511691,0.0,-0.03969046993391733,0.08163034756333634,0.25180955337281136,Banks—Regional,Financial Services,BKSC
2021Q1,2021,Q1,2021-05-04,2021-03-31,1810075.0,5526505.0,0.0,0.32,5526505.0,1.0,554099360.0,53009050.0,0.0,0.0,501090310.0,0.0,9011948.0,124790578.2,77960628.2,9.600120035344142,0.0,0.022748909148712967,0.23779252787967337,0.0,9.600120035344142,0.034146527809873976,22.5803791365429,17.235553526787566,2.3541372312840925,0.5184757537671091,0.0,0.007520439551902004,0.009973851982070509,0.0,0.003266697510713602,63.357081272253446,1.0,0.03225806451612906,0.4828945480810391,0.25014683582003194,0.28755357864849296,0.009364719041077902,0.04314703844961348,0.0,0.22769069216878732,0.29735524865699947,0.36015397977470726,Banks—Regional,Financial Services,BKSC
2020Q4,2020,Q4,2021-03-05,2020-12-31,1735206.0,5475231.0,0.0,0.31,5475231.0,1.0,532494599.0,54980356.0,0.0,0.0,477514243.0,0.0,8693519.0,88512963.21000001,52917133.21000001,9.957130285978593,0.0,0.023906629332779393,0.23153998857337338,0.0,9.957130285978593,0.031560472253035245,16.16606919598461,12.752515149498102,1.609901602128586,0.5407277291572298,0.0,0.010600413385482453,0.010282228233454815,0.0,0.0032586358683423943,43.20964161753206,1.0,0.03333333333333337,0.3853687652772801,0.24280652020663285,0.3756431607534141,0.05329384273283882,0.018749218415624994,0.0,1.2357165488594115,0.25894391466079264,0.40586030679526003,Banks—Regional,Financial Services,BKSC
2020Q3,2020,Q3,2020-11-02,2020-09-30,1703271.0,5198199.0,0.0,0.3,5198199.0,1.0,529100090.0,54530017.0,0.0,0.0,474570073.0,0.0,7896793.0,88608966.88000001,56962044.88000001,9.864872634095653,0.0,0.024288338336891986,0.23566766905647582,0.0,9.864872634095653,0.03123547531628314,17.04608978609707,13.005705915265395,1.6249576243484392,0.5195350593064756,0.0,0.009986675515564931,0.009824604263439079,0.0,0.0032191848616015166,68.61603755379929,1.0,0.15384615384615377,0.38969617745507373,0.23105747998271145,0.3678118687512117,0.076047211782328,0.13474010724685764,0.0,0.1713122330748922,0.14741468254631362,0.23597141671209254,Banks—Regional,Financial Services,BKSC
2020Q2,2020,Q2,2020-08-04,2020-06-30,1501023.0,4830828.0,0.0,0.26,4830828.0,1.0,542621550.0,53960855.0,0.0,0.0,488660695.0,0.0,7131796.0,92842521.28,9582865.280000001,9.758489353360224,0.0,0.023905747937950493,0.2403922991954075,0.0,9.758489353360224,0.027816886889579492,19.21875945076082,15.46320763905683,1.7205531913829015,0.5895032920881292,0.0,0.009530740740348839,0.008902757363764856,0.0,0.002766242881433662,-20.527837034095537,1.0,-0.03703703703703707,0.16985919953592232,0.09252041223056762,0.39015449571172195,-0.0008597751595920153,-0.013219111305995342,0.0,0.06997431640960704,0.055459584636505375,0.2386416342216932,Banks—Regional,Financial Services,BKSC
2020Q1,2020,Q1,2020-05-04,2020-03-31,1521131.0,4834985.0,0.0,0.27,4834985.0,1.0,499720200.0,52426227.0,0.0,0.0,447293973.0,0.0,6515681.0,82953840.0,-11110984.0,9.479891527625485,0.0,0.02619725998668855,0.24970898630565194,0.0,9.479891527625485,0.02901469525930218,17.157000487074935,13.633579224931974,1.5822965860198177,0.5816724529314043,0.0,0.010666172898084043,0.009675384345079507,0.0,0.003043965403039541,64.26629417957938,1.0,-0.15624999999999997,0.23226489897983985,0.1478216223251884,0.3461446428060742,-0.045807499996052964,-0.14231496376437738,0.0,0.22453461212308048,0.12379931510330432,0.2425399974353674,Banks—Regional,Financial Services,BKSC
2019Q4,2019,Q4,2020-03-06,2019-12-31,1773531.0,5067096.0,0.0,0.32,5067096.0,1.0,445012520.0,51168032.0,0.0,0.0,393844488.0,0.0,5879409.0,103858207.68,67973005.68,9.25238035996887,0.0,0.029682798587329633,0.2581537042503413,0.0,9.25238035996887,0.03466091875489759,20.496593646538372,14.64003274822938,2.0297479426216745,0.8106985443163948,0.0,0.013843864939688123,0.011386412229480645,0.0,0.003985350794175409,95.04871278429995,1.0,-0.11111111111111106,0.4531078222494384,0.20148081099474807,0.3587310950596327,-0.02740601603338888,-0.11974443006743628,0.0,0.33333672547432464,0.1315415839842617,0.24354071891856716,Banks—Regional,Financial Services,BKSC
2019Q3,2019,Q3,2019-11-04,2019-09-30,2014791.0,5209878.0,0.0,0.36,5209878.0,1.0,453060365.0,50320491.0,0.0,0.0,402739874.0,0.0,4990680.0,103340557.1,58250890.099999994,9.105749069936067,0.0,0.02941283994242136,0.2648184017123362,0.0,9.105749069936067,0.04003917608832553,19.835504228697868,12.822739070702617,2.053647630346055,0.43877702451519784,0.0,0.00855466648147187,0.011499302085275104,0.0,0.004447069652627857,-104.14455304954247,1.0,0.09090909090909081,0.7238488784949179,0.2939874759211822,0.36797205310450215,0.009498420611456468,0.09449128580484961,0.0,0.38650774125399995,0.10681668911426205,0.174344739390722,Banks—Regional,Financial Services,BKSC
2019Q2,2019,Q2,2019-08-05,2019-06-30,1840847.0,5160858.0,0.0,0.33,5160858.0,1.0,442374445.0,49394615.0,0.0,0.0,392979830.0,0.0,4413687.0,104165415.67999999,66287568.67999999,8.95278269771313,0.0,0.016317949830940166,0.14614232745816522,0.0,8.95278269771313,0.03726817184423849,20.18373992851576,14.146397783194365,2.108841534244168,0.4794944935673633,0.0,0.00847379136576014,0.011666266119870464,0.0,0.004161286938715459,62.252716201299606,1.0,0.10000000000000009,0.6227702719835246,0.2961056543749534,0.34698617558840855,0.06237316940923345,0.08973316189772587,0.0,0.37892607957765995,0.15092616779951376,0.16935749332761824,Banks—Regional,Financial Services,BKSC
2019Q1,2019,Q1,2019-05-06,2019-03-31,1689264.0,4857858.0,0.0,0.3,4857858.0,1.0,431823822.0,47331231.0,0.0,0.0,384492591.0,0.0,3456884.0,103295432.8747,83250208.8747,8.583185735272277,0.0,0.016851117583781657,0.1537402228139809,0.0,8.583185735272277,0.03569026125688554,21.26357601945137,15.287047032716615,2.1823948097758112,0.48934802375472397,0.0,0.008002657784519215,0.011249629484313165,0.0,0.003911928693919994,213.33568682402847,1.0,-0.06250000000000006,0.730142904366508,0.304769971145339,0.31337254995262254,-0.030544720874331334,-0.06473833929245695,0.0,0.3857512969900897,0.10034618744667453,0.15116388846885417,Banks—Regional,Financial Services,BKSC
2018Q4,2018,Q4,2019-03-04,2018-12-31,1806194.0,5010915.0,0.0,0.32,5010915.0,1.0,429135198.0,45462561.0,0.0,0.0,383672637.0,0.0,2650296.0,100417460.73,68585219.73,8.244315578104143,0.0,0.0,0.0,0.0,8.244315578104143,0.03972926206246938,20.039745381831462,13.89904140003787,2.2087946327968635,0.7627801886176125,0.0,0.0137200143280301,0.011676774646669743,0.0,0.004208915997610618,26.412566389488155,1.0,0.0,0.8230657473028857,0.35158926483870895,0.2811068782322334,0.016650959809042482,0.015769734100496414,0.0,0.4439521934305681,0.1389172757997197,0.13900652239955794,Banks—Regional,Financial Services,BKSC
2018Q3,2018,Q3,2018-11-09,2018-09-30,1778153.0,4928845.0,0.0,0.32,4928845.0,1.0,428377382.0,43299534.0,0.0,0.0,385077848.0,0.0,1295509.0,113712301.85,83951280.85,7.863136727981028,0.0,0.0,0.0,0.0,7.863136727981028,0.04106633110647334,23.070780649421923,15.987418103222836,2.6261784214583,0.46401631355681994,0.0,0.0072559607586555955,0.011505847897450384,0.0,0.004150903093198324,37.03368556037922,1.0,0.03225806451612906,0.6355681098620012,0.29155785461058137,0.23090653621300236,0.01851086507747249,0.03000306425611852,0.0,0.45633736847227413,0.17172945268902412,0.09026159192089699,Banks—Regional,Financial Services,BKSC
2018Q2,2018,Q2,2018-08-10,2018-06-30,1726357.0,4839266.0,0.0,0.31,4839266.0,1.0,426770905.0,43224734.0,0.0,0.0,383546171.0,0.0,894779.0,113702947.2,91438608.2,7.8692066989799185,0.0,0.0,0.0,0.0,7.8692066989799185,0.039939100608461814,23.495907685173744,16.4657349551686,2.6305065798669807,0.43364669069028017,0.0,0.0065840773562639895,0.011339259408979625,0.0,0.004045160951166528,85.63116682808389,1.0,0.17586369084647022,0.6213371459876134,0.2569247486449242,0.23115620478721943,0.03888732889034298,0.07078828703100674,0.0,0.35447723809010206,0.10174815792302365,0.12101501309778766,Banks—Regional,Financial Services,BKSC
2018Q1,2018,Q1,2018-05-11,2018-03-31,1612230.0,4658124.0,0.0,0.263636,4658124.0,1.0,434649189.0,42616849.0,0.0,0.0,392032340.0,0.0,0.0,110330471.2365,75910099.2365,7.05811266819532,0.0,0.0,0.0,0.0,7.05811266819532,0.03783081194013194,23.68560202272417,17.108364072821498,2.5888932153688793,0.46419865651923115,0.0,0.006783212213385461,0.010716973867400913,0.0,0.003709267245406042,132.95823424855962,1.0,0.8831142857142854,0.4384565868465475,0.12432183943407428,0.10807968042758258,-0.02051996010691146,0.8996487565084912,0.0,0.19623621273071817,0.012844566038793222,0.0022520330454328407,Banks—Regional,Financial Services,BKSC
2017Q4,2017,Q4,2018-03-05,2017-12-31,848699.0,4755711.0,0.0,0.14,4755711.0,1.0,446566498.0,42764635.0,0.0,0.0,403801863.0,0.0,8471780.0,105990964.22999999,73470745.22999999,7.082588673889263,0.0,0.0,0.0,0.0,7.082588673889263,0.01984581418735364,22.28709108480309,31.221600423118208,2.478472322516023,0.8809625084983015,0.0,0.007054110748323363,0.010649502417442877,0.0,0.0019004985904697222,48.03979313480027,1.0,-0.44999901785538904,-0.23771608652994122,0.1422674030715427,0.12317058587014645,0.05958217039945512,-0.4108928381782428,0.0,-0.36310882140082684,0.032822399665251134,0.04009272104361352,Banks—Regional,Financial Services,BKSC
2017Q3,2017,Q3,2017-11-09,2017-09-30,1440653.0,4488289.0,0.0,0.254545,4488289.0,1.0,431474309.0,43709468.0,0.0,0.0,387764841.0,0.0,8558442.0,95338603.3306,65169406.33059999,7.981473115566052,0.0,0.0,0.0,0.0,7.981473115566052,0.032959746844779717,21.241636474522917,16.54433845808116,2.181188829170833,0.4829643224287875,0.0,0.007298030133578434,0.010402216091155499,0.0,0.003338907948746492,88.58875994417357,1.0,0.03703326475321348,0.601099048262668,0.251555090166979,0.289320752103435,-0.00772742205701132,0.03914352795219221,0.0,0.24384224506655944,0.12491590998570712,0.1990701787234666,Banks—Regional,Financial Services,BKSC
2017Q2,2017,Q2,2017-08-10,2017-06-30,1386385.0,4523242.0,0.0,0.245455,4523242.0,1.0,430303999.0,43052959.0,0.0,0.0,387251040.0,0.0,7865149.0,100623651.73979999,67995711.73979999,7.878379899196607,0.0,0.0,0.0,0.0,7.878379899196607,0.03220185167760478,22.245913824597487,18.144969063391482,2.3372064098962397,0.5014256501621123,0.0,0.00690860436865896,0.01051173591347451,0.0,0.003221873380730538,53.717659795056036,1.0,0.12500114583237856,0.5328703058667448,5.92713463221864,0.28019669087361065,0.06516617281049181,0.13073857667638863,0.0,0.2338963357732223,0.14689535527076325,0.18533747199763273,Banks—Regional,Financial Services,BKSC
2017Q1,2017,Q1,2017-05-11,2017-03-31,1226088.0,4246513.0,0.0,0.218182,4246513.0,1.0,428796627.0,41645139.0,0.0,0.0,387151488.0,0.0,7174548.0,103214849.62249999,64938889.62249999,7.6294457701097835,0.0,0.0,0.0,0.0,7.6294457701097835,0.029441323271846925,24.305789155125627,21.0455631289312,2.478436910067703,0.5659169651770509,0.0,0.006722521057171055,0.009903326501679782,0.0,0.0028593695071206797,35.77570805347144,1.0,-0.09090833333333335,0.35630621232985155,0.17909964354521166,0.2722499574456678,-0.03923371515748125,-0.0661080982267991,0.0,0.268627305459202,0.15225754057266652,0.16743420856387548,Banks—Regional,Financial Services,BKSC
2016Q4,2016,Q4,2017-03-03,2016-12-31,1312880.0,4419923.0,0.0,0.24,4419923.0,1.0,413949636.0,40612974.0,0.0,0.0,373336662.0,0.0,6643476.0,103711025.0,77468695.0,7.44035174659589,0.0,0.0,0.0,0.0,7.44035174659589,0.03232661562780406,23.464441575113412,19.748763215221498,2.553642710331925,0.5277321613551886,0.0,0.006680572292097201,0.010677441446041035,0.0,0.0031715935607200293,144.63549315181208,1.0,-0.057141173466381305,0.5493498099930562,0.27328213832984655,0.2507723422637052,-0.04336096091520351,-0.07954496059138857,0.0,0.3387236395982663,0.20439894127336453,0.15617672670690655,Banks—Regional,Financial Services,BKSC
2016Q3,2016,Q3,2016-11-02,2016-09-30,1426338.0,4620262.0,0.0,0.254545,4620262.0,1.0,409566425.0,42059491.0,0.0,0.0,367506934.0,0.0,6024488.0,91399505.55000001,69636357.55000001,7.753897781890134,0.0,0.0,0.0,0.0,7.753897781890134,0.033912393281221594,19.782320905178107,16.019959075268275,2.173100610038291,0.45040656562469766,0.0,0.007028834523055032,0.011280861218055167,0.0,0.0034825559736738673,25.103836938985264,1.0,0.07691949704692776,0.5091955040578484,0.32870541879587806,0.3280991820642696,0.048331466335152534,0.08705672542698402,0.0,0.3318809703150854,0.22907606571065442,0.21380611720670248,Banks—Regional,Financial Services,BKSC
2016Q2,2016,Q2,2016-08-05,2016-06-30,1312110.0,4407253.0,0.0,0.236364,4407253.0,1.0,424944857.0,41516988.0,0.0,0.0,383427869.0,0.0,5290971.0,78086793.60000001,36374505.60000001,7.6561554091010855,0.0,0.0,0.0,0.0,7.6561554091010855,0.03160417128525798,17.717792375432044,14.878095891350572,1.8808395637949458,0.48721220019662986,0.0,0.00818673645731562,0.01037135272353702,0.0,0.003087718273055838,-35.09143453419365,1.0,0.08333409722158568,0.700282887548194,0.3423032369344345,0.3671121560835904,0.01772264435672052,0.0973241585099052,0.0,0.2482433078864095,0.15953548341205065,0.19782382104055185,Banks—Regional,Financial Services,BKSC
2016Q1,2016,Q1,2016-05-06,2016-03-31,1195736.0,4330505.0,0.0,0.218182,4330505.0,1.0,403693992.0,40330510.0,0.0,0.0,363363482.0,0.0,4621294.0,77546548.1388,39420529.138799995,7.456093629455875,0.0,0.0,0.0,0.0,7.456093629455875,0.029648422497012807,17.907045053359827,16.21314155858818,1.9227762837315965,0.5345310336060802,0.0,0.008242249530642882,0.010727197049789139,0.0,0.002961986117445117,20.881946219068503,1.0,-0.008263636363636428,0.8250730916901511,0.3660146274497788,0.3624365895698439,0.0034381707393086633,-0.025457793657882984,0.0,0.19090043526404532,0.16677881171669928,0.17056020986954393,Banks—Regional,Financial Services,BKSC
2015Q4,2015,Q4,2016-03-04,2015-12-31,1226972.0,4315667.0,0.0,0.22,4315667.0,1.0,399172512.0,39151712.0,0.0,0.0,360020800.0,0.0,4064834.0,78972378.2,49777592.2,7.2381636241518175,0.0,0.0,0.0,0.0,7.2381636241518175,0.03133891054368197,18.29899716544395,16.090908798244783,2.017086205578954,0.5209002324421421,0.0,0.008093082854632836,0.010811533535655882,0.0,0.0030737888083836795,31.911938390841385,1.0,0.00833249305625585,0.4595523205253746,0.2359063289833995,0.35119823355631985,0.0448342565512967,0.023398578219212474,0.0,0.23017842107420552,0.15709933334853343,0.14784196184279047,Banks—Regional,Financial Services,BKSC
2015Q3,2015,Q3,2015-11-06,2015-09-30,1198919.0,4130480.0,0.0,0.218182,4130480.0,1.0,384559093.0,38997361.0,0.0,1809228.0,345561732.0,0.0,3477121.0,79092312.3683,60588506.368300006,7.212156042411087,0.0,0.0012511497160203674,0.012337783574637268,0.0,7.212156042411087,0.030743593136981755,19.148455474496913,16.49242200021436,2.0281452472719885,0.4845798590230032,0.0,0.0073454926604580115,0.010740820007082761,75.2281580873168,0.003117645693011867,95.24420575747578,1.0,-0.02221923456126207,0.44494427271163306,0.21502264035077126,0.32524831868031484,-0.04377651880647545,-0.043495569784863714,0.0,0.3494941786693214,0.16651960596781767,0.16504589043263598,Banks—Regional,Financial Services,BKSC
2015Q2,2015,Q2,2015-08-07,2015-06-30,1253438.0,4319576.0,0.0,0.22314,4319576.0,1.0,369641158.0,37919697.0,0.0,1775312.0,331721461.0,0.0,9937736.0,73885362.4645,56362357.464499995,7.019715710349257,0.0,0.001301559606086939,0.012687601380359131,0.0,7.019715710349257,0.03305506370475481,17.10477196477154,14.736541110230421,1.9484692207456193,0.46271056087337387,0.0,0.007849714485445813,0.011685863185181344,68.95109817316619,0.003390958968914387,-58.759774000050896,1.0,0.038459390532213894,0.6980667248269862,0.35159783013563173,0.3296363691150201,0.05053445106254236,0.04023204089762316,0.0,0.4019908193353423,5.6921501509663734,0.14066812444256735,Banks—Regional,Financial Services,BKSC
2015Q1,2015,Q1,2015-05-08,2015-03-31,1204960.0,4111789.0,0.0,0.214876,4111789.0,1.0,376587308.0,38016048.0,0.0,5617214.0,338571260.0,0.0,9265270.0,66920845.2793,45074752.2793,7.042253281091993,0.0,0.010571298913770084,0.10471938061526016,0.0,7.042253281091993,0.03169608792581491,16.27535977145228,13.884453691263609,1.7603314600007869,0.4813280108883282,0.0,0.008666671760934858,0.010918554376771509,23.98629267106434,0.0031996829802878007,13.562430935591223,1.0,-0.023290909090909043,0.6361240012732906,0.2812268583047745,0.34398212126109456,-0.0012002244499882187,0.011396848366015266,0.0,0.34779778520870697,0.15442273092086276,0.17433254094182782,Banks—Regional,Financial Services,BKSC
2014Q4,2014,Q4,2015-03-09,2014-12-31,1191382.0,4116730.0,0.0,0.22,4116730.0,1.0,367225802.0,36759982.0,0.0,8046793.0,330465820.0,0.0,8640291.0,65969668.519499995,62571301.519499995,6.809574310627517,0.0,0.01900923345250125,0.1898989232366871,0.0,6.809574310627517,0.03240975471641961,16.024774158008903,13.843097453104882,1.7946055718824887,0.8612846257539564,0.0,0.015554405881192038,0.011210350627813457,15.616599060023043,0.0032442763921038424,184.18792601035835,1.0,0.0647977852206068,3.3393867691914307,0.2493291730359011,0.31607675278288044,0.04671577425561219,0.04350392786978864,0.0,0.4216460545044093,0.19916329456128137,0.14473448304633413,Banks—Regional,Financial Services,BKSC
2014Q3,2014,Q3,2014-11-07,2014-09-30,1141713.0,3932997.0,0.0,0.206612,3932997.0,1.0,376605878.0,35933025.0,0.0,11397418.0,340672853.0,0.0,8028890.0,66474947.4339,44124747.4339,6.656385303538405,0.0,0.0257039110791574,0.2693968570695064,0.0,6.656385303538405,0.03177336169164717,16.901855616442116,14.555967093722327,1.8499680289622151,0.5079910625524978,0.0,0.008724790652549348,0.010443270351717665,12.27174926812371,0.003031585715186315,-159.40011182331332,1.0,0.04166939757092366,7.253356219289878,0.2354839911725836,0.28707042432405316,0.009504700630164476,0.028637919430737336,0.0,0.21386002888425948,0.13651280233056148,0.14011560711843807,Banks—Regional,Financial Services,BKSC
2014Q2,2014,Q2,2014-08-08,2014-06-30,1109927.0,3895967.0,0.0,0.198347,3895967.0,1.0,359078204.0,35879818.0,0.0,0.0,323198386.0,0.0,7913296.0,73686508.35000001,44943788.35000001,6.646529014154326,0.0,0.0,0.0,0.0,6.646529014154326,0.030934577204377124,18.91353503507602,16.597151963597607,2.0537035151627583,0.5225397706335642,0.0,0.007870925261449167,0.010849912238059428,0.0,0.00309104531446303,26.999692707758907,1.0,0.14285467347338568,0.5859669850528382,0.21009274569594782,0.3062388535836818,0.06894125904018908,0.16125687645297437,0.0,0.4447913280011194,0.1919490631763775,0.18682943664012158,Banks—Regional,Financial Services,BKSC
2014Q1,2014,Q1,2014-05-09,2014-03-31,955798.0,3644697.0,0.0,0.173554,3644697.0,1.0,336618121.0,35278526.0,0.0,0.0,301339595.0,0.0,7383350.0,66830931.8222,55581573.8222,6.535225466362838,0.0,0.0,0.0,0.0,6.535225466362838,0.027092911988443054,18.33648498687271,17.480401670175077,1.8943799358907456,0.6064618256158728,0.0,0.008673453806422152,0.010827393929871055,0.0,0.0028394133897503395,-112.29616978816429,1.0,-0.035811111111111,0.2093776486801979,0.17427155661161656,0.28773847429546295,0.004242415892871903,-0.01450712880515699,0.0,0.4617852649792354,0.15199538658245512,0.19416825203027316,Banks—Regional,Financial Services,BKSC
2013Q4,2013,Q4,2014-03-11,2013-12-31,969868.0,3629300.0,0.0,0.18,3629300.0,1.0,340893703.0,34739143.0,0.0,0.0,306154560.0,0.0,7007532.0,70944368.6042,48820272.604200006,6.43530662287932,0.0,0.0,0.0,0.0,6.43530662287932,0.027918593155853037,19.547672720414408,18.287119640043798,2.0422026128911703,0.5972812795143256,0.0,0.008165327444547947,0.010646427223679165,0.0,0.0028450745539292054,33.81341643858077,1.0,-0.09249950843723374,0.21315312519863888,0.2378364678787846,0.270563137070943,-0.0284208257874187,-0.0886215357031772,0.0,0.15603278585385236,0.04143700010622677,0.2013233456361337,Banks—Regional,Financial Services,BKSC
2013Q3,2013,Q3,2013-11-08,2013-09-30,1064177.0,3735465.0,0.0,0.198347,3735465.0,1.0,334189870.0,34432735.0,0.0,0.0,299757135.0,0.0,6617319.0,63701858.9118,31827316.911799997,6.388085932318383,0.0,0.0,0.0,0.0,6.388085932318383,0.03090596782393266,17.053260815400492,14.965052550421593,1.8500377304271647,0.5021937140156196,0.0,0.008389441205160884,0.01117767274034967,0.0,0.003184348466337415,10.918990297431815,1.0,0.043475744806216195,0.46700595007546825,0.23296205763075326,0.28659543441146035,-0.010534967738449268,0.019254382352208752,0.0,0.2866026960427183,0.10229503719152903,0.1738237624930972,Banks—Regional,Financial Services,BKSC
2013Q2,2013,Q2,2013-08-13,2013-06-30,1044074.0,3775237.0,0.0,0.190083,3775237.0,1.0,340502378.0,34426524.0,0.0,0.0,306075854.0,0.0,6132426.0,57866771.4944,14718901.494400002,6.3917207811497425,0.0,0.0,0.0,0.0,6.3917207811497425,0.030327604378530926,15.327983778078039,13.85600338060329,1.6808775551780946,0.5113325300697077,0.0,0.009225830061241011,0.011087255901631324,0.0,0.00306627520821602,51.56468980099215,1.0,0.04545754545754543,0.5193225315552784,0.27316787828793093,0.29257339079115063,0.02252363032416975,0.04532316117760724,0.0,0.4185777049691632,0.1847331522512317,0.2106849853356986,Banks—Regional,Financial Services,BKSC
2013Q1,2013,Q1,2013-05-13,2013-03-31,998805.0,3692078.0,0.0,0.181818,3692078.0,1.0,328647570.0,34273686.0,0.0,0.0,294373884.0,0.0,5622776.0,53363099.637,10269299.637000002,6.369679719667593,0.0,0.0,0.0,0.0,6.369679719667593,0.029142036254869115,14.453405273940584,13.356736209019779,1.55696996339991,0.0,0.0,0.0,0.011234155785785972,0.0,0.0030391370305887246,5.591526818018215,1.0,0.010100000000000078,0.2669908714458888,0.20728045493720226,0.2739339589913316,-0.004886250281992352,0.006684318158224422,0.0,0.360618594080504,0.1541923458056573,0.2156245053522375,Banks—Regional,Financial Services,BKSC
2012Q4,2012,Q4,2013-03-05,2012-12-31,992173.0,3710207.0,0.0,0.18,3710207.0,1.0,325410646.0,33930442.0,0.0,0.0,291480204.0,0.0,5157839.0,47714921.1135,16673073.113499999,6.30588867175703,0.0,0.0,0.0,0.0,6.30588867175703,0.02924138152989578,12.860447170063557,12.022832992204988,1.4062569863811383,1.0307012990678037,0.0,0.021432163695030523,0.011401615299334736,0.0,0.0030489875245200185,-15.952656193863458,1.0,0.08900168795261634,0.08558851269604936,0.13792734515248048,0.29167024626445126,0.04168208513465025,0.1102329516081024,0.0,2.625574546427238,0.12962617246806493,0.21873014493494367,Banks—Regional,Financial Services,BKSC
2012Q3,2012,Q3,2012-11-09,2012-09-30,893662.0,3561746.0,0.0,0.165289,3561746.0,1.0,307466670.0,33670274.0,0.0,0.0,273796396.0,0.0,4699214.0,51918633.1395,31536151.1395,6.190448034397063,0.0,0.0,0.0,0.0,6.190448034397063,0.026541571951567724,14.57673656108549,14.524124652133581,1.5419723979525681,0.5472829772330031,0.0,0.009420240295731137,0.011584169432088363,0.0,0.0029065329259916205,-8.369734221620018,1.0,0.0,-0.08171810301720753,0.06979180018433602,0.2960571719774892,4.541469076335213,0.003813462702762205,0.0,5.411766430237367,0.11047097257001677,0.19697737060864512,Banks—Regional,Financial Services,BKSC
2012Q2,2012,Q2,2012-08-13,2012-06-30,890267.0,642744.0,0.0,0.165289,642744.0,1.0,311302661.0,33103060.0,0.0,0.0,278199601.0,0.0,4294638.0,50145388.1617,12957489.161700003,6.154038637469351,0.0,0.0,0.0,0.0,6.154038637469351,0.026893797733502582,78.01766825003423,14.081558723871602,1.5148263683689667,0.5492138875191375,0.0,0.00975058759986721,0.0020646916346147132,0.0,0.0028598117251557964,18.332354723912744,1.0,0.0,-0.09626741228882571,-0.8086835426123168,0.3250051061704518,-0.8188760658302529,-0.0005153099830924436,0.0,0.2766369366177287,-0.799650241669834,0.20944997871801946,Banks—Regional,Financial Services,BKSC
2012Q1,2012,Q1,2012-05-10,2012-03-31,890726.0,3548642.0,0.0,0.165289,3548642.0,1.0,343711052.0,32253148.0,0.0,0.0,311457904.0,0.0,3893458.0,55720027.16,-7197636.840000004,5.996813539241642,0.0,0.0,0.0,0.0,5.996813539241642,0.027616715118784683,15.70178878568196,15.638935868044717,1.7275841465149384,0.548926381401239,0.0,0.00877499572274078,0.010324491980548824,0.0,0.002591496534129487,119.04716837944663,1.0,0.033056249999999926,-0.16420859871995713,0.03915493357041844,0.29781719633615833,0.03750904878684859,0.06681310415945557,0.0,0.13119699208058913,0.14753936462695222,0.18164668646929608,Banks—Regional,Financial Services,BKSC
2011Q4,2011,Q4,2012-03-05,2011-12-31,834941.0,3420348.0,0.0,0.16,3420348.0,1.0,334028769.0,31993869.0,0.0,0.0,302034900.0,0.0,3491678.0,45738289.8621,-6325186.137900002,5.9486059094735015,0.0,0.0,0.0,0.0,5.9486059094735015,0.026096906254132628,13.372408264334506,13.69506643646078,1.4295954597457405,0.5856006592082554,0.0,0.010689993033717485,0.010239680882097913,0.0,0.002499608050227554,-28.317801420091158,1.0,-0.0780967307005313,-0.20565416596228236,-0.0010334806124158702,0.3161948938631623,-0.007838726960341663,-0.10889534703774816,0.0,0.04823117199285795,0.17087084354949272,0.17447074839733503,Banks—Regional,Financial Services,BKSC
2011Q3,2011,Q3,2011-11-07,2011-09-30,936973.0,3447371.0,0.0,0.173554,3447371.0,1.0,373418654.0,31396673.0,0.0,1658610.0,342021981.0,0.0,3145680.0,42999303.5571,-57761086.4429,5.838342411926059,0.0,0.0013858948781921322,0.01648324330415519,0.0,5.838342411926059,0.02984306649306441,12.473071090143764,11.472930265093018,1.369549683085848,0.474324233462437,0.0,0.010335725540527188,0.00923191962445454,61.634005582988166,0.002509175666408995,-78.41065154307367,1.0,0.23529495501651293,-0.11714004943647079,0.0027436829234930345,0.30096419006109165,0.05498038229206928,0.2199772142833892,0.0,0.2946482433793582,0.14051175943621466,0.1758740836143911,Banks—Regional,Financial Services,BKSC
2011Q2,2011,Q2,2011-08-09,2011-06-30,768025.0,3267711.0,0.0,0.140496,3267711.0,1.0,299120313.0,30223725.0,0.0,1534742.0,268896588.0,0.0,2697641.0,46653721.889800005,19548056.889800005,5.600239435390522,0.0,0.0013515832340012294,0.013376445160217677,0.0,5.600239435390522,0.025411328352147197,14.277187269559642,15.186264083135315,1.5436125722358844,0.0,0.0,0.0,0.0109244035191953,18.579468731552275,0.002567612317255097,-71.75453430915817,1.0,0.21429188778067804,-0.27040679780020555,-0.037276953047376916,0.29213179554840063,0.03997908400547024,0.18272689753729782,0.0,0.11539332450122022,0.0998135820538148,0.13251512763092652,Banks—Regional,Financial Services,BKSC
2011Q1,2011,Q1,2011-05-11,2011-03-31,649368.0,3142093.0,0.0,0.115702,3142093.0,1.0,299122555.0,29339537.0,0.0,1609164.0,269783018.0,0.0,2374126.0,55595156.61,49790553.61,5.472616991158432,0.0,0.0013854923110027595,0.0141253762797961,0.0,5.472616991158432,0.02213286460519128,17.69366998685271,21.403563391636172,1.8948886824628484,0.0,0.0,0.0,0.010504366680071986,4.445065885142844,0.0021709095123234688,11.908115447242238,1.0,-0.2768625,-0.27994996451222726,-0.00021218490239354753,0.2890956427321291,-0.09213593980652261,-0.22063650754978079,0.0,-0.1732605191810886,0.031196318336798257,0.09452169283536874,Banks—Regional,Financial Services,BKSC
2010Q4,2010,Q4,2011-03-03,2010-12-31,833203.0,3460973.0,0.0,0.16,3460973.0,1.0,280521267.0,28718882.0,0.0,1365410.0,251802385.0,0.0,2167927.0,51662214.7692,47017030.7692,5.35684805115616,0.0,0.0027359672519944806,0.026724473466620324,0.0,5.35684805115616,0.02901237589959108,14.9270782433726,15.501088801048484,1.7988936605958408,1.0629030380351487,0.0,0.017142393216327722,0.012337649252097524,4.736651994638973,0.0029701954825407232,24.933152368620323,1.0,0.018946027702595163,-0.1607050125063673,0.04465471264537152,0.281500551245402,0.0281579638451566,0.014121209686940498,0.0,-0.08501562862507622,0.06536793412010056,0.09727297794335799,Banks—Regional,Financial Services,BKSC
2010Q3,2010,Q3,2010-11-03,2010-09-30,821601.0,3366188.0,0.0,0.157025,3366188.0,1.0,261257073.0,29138029.0,0.0,1741792.0,232119044.0,0.0,1777711.0,51721301.52,46543345.52,5.442116726918747,0.0,0.002913054147245996,0.026118993841347332,0.0,5.442116726918747,0.028196862594927062,15.364947388559404,15.737962076482379,1.7750446167789866,0.4895064635997278,0.0,0.007775887075163457,0.012884581310455086,3.9556950542889164,0.0031447990692294097,-19.277571981581662,1.0,0.1611097554663295,-0.11566350460038691,0.06811834945930018,0.3259590303160899,0.06674213091864628,0.1272690102930402,0.0,-0.14237794650021787,0.02708630092552153,0.13938351076856711,Banks—Regional,Financial Services,BKSC
2010Q2,2010,Q2,2010-08-13,2010-06-30,728842.0,3155578.0,0.0,0.135237,3155578.0,1.0,262627028.0,28159002.0,0.0,1191072.0,234468026.0,0.0,5621825.0,39511701.4275,33300871.427500002,5.279425167214283,0.0,0.001086320026436883,0.010131644580301531,0.0,5.279425167214283,0.025883090601009226,12.52122477324281,13.552903587986147,1.4031641258983538,0.5492150562124576,0.0,0.01013094818846244,0.012015435060248254,6.367886240294458,0.0027751979891422296,-41.092488362309695,1.0,0.0,-0.07018944945414181,0.08997012368965641,0.31817821356144116,-0.0037333424259559014,0.002717140824937712,0.0,-0.25384275389158584,-0.05273711555096463,0.1366950577158373,Banks—Regional,Financial Services,BKSC
2010Q1,2010,Q1,2010-05-12,2010-03-31,726867.0,3167403.0,0.0,0.135237,3167403.0,1.0,270871222.0,27917210.0,0.0,9032638.0,242954012.0,0.0,5294912.0,48856595.41,50810079.41,5.239841490215701,0.0,0.028767422919515607,0.27912054965377986,0.0,5.239841490215701,0.026036520125041148,15.424811875849077,16.80382910835132,1.7500529390293658,0.0,0.0,0.0,0.011693390595771742,0.7544016487763597,0.002683441211041607,24.35886276668357,1.0,1.6517058823529414,0.1935560350065436,0.20288397064570748,0.3323763246700464,-0.026066547443926773,1.6824630032844965,0.0,-0.3114960732407459,-0.06369112660539691,0.13399497042517572,Banks—Regional,Financial Services,BKSC
2009Q4,2009,Q4,2010-03-08,2009-12-31,270970.0,3252176.0,0.0,0.051,3252176.0,1.0,265914758.0,27567197.0,0.0,8509881.0,238347561.0,0.0,4968336.0,39888719.5764,42092663.5764,5.174146793664188,0.0,0.03011022426968871,0.29044494440258106,0.0,5.174146793664188,0.009829436050389889,12.26524012734858,36.80178578477322,1.4469631996463044,0.0,0.0,0.0,0.012230144819566578,0.8172909820948142,0.0010190107613357812,149.84548993948135,1.0,1.2627445760681484,-0.5025209052643137,0.32111016470319403,0.32898001688602013,0.03517659277904728,0.9848228477670102,0.0,-0.7397607816640515,-0.04114623399512368,0.14483724313853774,Banks—Regional,Financial Services,BKSC
2009Q3,2009,Q3,2009-10-28,2009-09-30,136521.0,3141663.0,0.0,0.022539,3141663.0,1.0,271471361.0,27552726.0,0.0,8765471.0,243918635.0,0.0,4697366.0,51514851.089499995,52730388.089499995,5.171733556875275,0.0,0.02841513731535018,0.2799685228967907,0.0,5.171733556875275,0.004954899925328622,16.39731921899325,94.33503103826517,1.8696825529894936,4.690948645263366,0.0,0.01243161896920502,0.011572723503603756,0.8596860339849394,0.000502892826326531,19.481094260746776,1.0,-0.8235335567317027,-0.6898976704363381,0.4218688398368791,0.3397626295680997,-0.0066205000251375375,-0.8014127346860404,0.0,-0.8701536227665685,-0.0775833266629085,0.15242301381435697,Banks—Regional,Financial Services,BKSC
2009Q2,2009,Q2,2009-08-07,2009-06-30,687461.0,3162601.0,0.0,0.127724,3162601.0,1.0,257805465.0,26982080.0,0.0,9189765.0,230823385.0,0.0,4560894.0,40836662.574,42088608.574,5.088295296009221,0.0,0.030891579431801416,0.2951595281016141,0.0,5.088295296009221,0.025478428645975403,12.912366300396414,14.850537911968825,1.5134734821778009,0.9255375941326126,0.0,0.015580876592131277,0.01226739316794545,0.8423574487486895,0.002666588157857709,-185.3389728095854,1.0,-0.10526094570928185,0.39894674382163653,0.411692587530329,0.3232983087492386,0.039223392212563275,-0.11284136574689445,0.0,-0.3353519074221387,-0.05171166590745277,0.1740119709103827,Banks—Regional,Financial Services,BKSC
2009Q1,2009,Q1,2009-05-07,2009-03-31,774902.0,3043235.0,0.0,0.14275,3043235.0,1.0,246964048.0,26861197.0,0.0,3874357.0,220102851.0,0.0,4513796.0,48112324.65,39859496.65,5.074963276171691,0.0,0.009730076176917865,0.08945911829618017,0.0,5.074963276171691,0.028848379318315562,15.809598880796257,15.52206751627948,1.7911459660565385,0.821079310674124,0.0,0.013224386986672032,0.012322583083024296,3.0089625194580676,0.0031377117692855437,-470.95071113938917,1.0,-0.04833333333333338,0.7874393563762049,0.390022161930878,0.32228150569263503,0.058603419271981975,-0.01143058344453488,0.0,-0.12966926991542627,-0.019178362901682542,0.19542680529405676,Banks—Regional,Financial Services,BKSC
2008Q4,2008,Q4,2009-03-09,2008-12-31,783862.0,2874764.0,0.0,0.15,2874764.0,1.0,243665930.0,26808064.0,0.0,2071351.0,216857866.0,0.0,4375166.0,49707600.189,43847365.189,5.064924705524492,0.0,0.004103979575642766,0.03730220876822735,0.0,5.064924705524492,0.029239783969480227,17.291019432899535,15.8534283422975,1.8542032796176555,0.811590560583368,0.0,0.012798344671259784,0.0117979727407931,3.8027808903464453,0.00321695363812249,5049.532729479886,1.0,0.10916391224295126,0.788426697312734,0.26875006490628334,0.32362894956061317,-0.03335875388201368,0.10081845656057252,0.0,-0.20022254207475126,-0.12109386149482466,0.21166472152317514,Banks—Regional,Financial Services,BKSC
2008Q3,2008,Q3,2008-10-31,2008-09-30,712072.0,2973972.0,0.0,0.135237,2973972.0,1.0,235269398.0,26270687.0,0.0,2156355.0,208998711.0,0.0,4227559.0,51678312.125999995,42534599.125999995,4.965108503778071,0.0,0.003924318282992334,0.03514457006777173,0.0,4.965108503778071,0.027105191424952078,17.37686572906537,18.143640013228996,1.9671473428159683,0.8928422968463863,0.0,0.012302414181985973,0.01264070901392794,5.1461354925325375,0.003026623972574623,59.03056956536638,1.0,0.05882214775609902,0.23149316569767972,0.06883677205137106,0.28015400297654397,0.02513641612519605,0.05912188040569786,0.0,-0.22441369843688838,-0.04507884208161462,0.20973709081231867,Banks—Regional,Financial Services,BKSC
2008Q2,2008,Q2,2008-08-11,2008-06-30,672323.0,2901050.0,0.0,0.127724,2901050.0,1.0,234804515.0,26057613.0,0.0,2561762.0,208746902.0,0.0,4151662.0,51072304.144,40299747.144,4.944957730591635,0.0,0.005553010767275919,0.05003804454383447,0.0,4.944957730591635,0.025801403988922545,17.604765220868305,18.990985041416106,1.9599763088046478,0.9409733119348884,0.0,0.012387105117017178,0.01235517127939384,5.133884802725624,0.002863330800943074,116.53532214961119,1.0,-0.10526094570928185,0.2972215021189602,0.09067413871481537,0.2727662241079988,-0.030109223666130634,-0.12803097115584147,0.0,-0.1318442993804391,0.014260383504958821,0.23466766570110395,Banks—Regional,Financial Services,BKSC
2008Q1,2008,Q1,2008-05-13,2008-03-31,771040.0,2991110.0,0.0,0.14275,2991110.0,1.0,226695113.0,26313801.0,0.0,2071449.0,200381312.0,0.0,4115108.0,59309636.2144,50698344.2144,5.000007790600812,0.0,0.0019015363599831992,0.01638185984609369,0.0,5.000007790600812,0.029301734097631885,19.82863760089064,19.23040186449471,2.2539364880961132,0.8204995849761362,0.0,0.010666698371122357,0.01319441764940032,4.860165516988349,0.0034012202106888825,79.14747625214184,1.0,-0.16029411764705895,0.7349561331229383,0.19163721715881463,0.3271325440133677,-0.062051288322858236,-0.1374484565491226,0.0,0.2817570914726686,0.1499891894496124,0.2713918953086628,Banks—Regional,Financial Services,BKSC
2007Q4,2007,Q4,2008-03-03,2007-12-31,893906.0,3188991.0,0.0,0.17,3188991.0,1.0,225157090.0,25692570.0,0.0,2118062.0,199464520.0,0.0,3976706.0,56067254.707200006,47270485.707200006,4.881964797125154,0.0,0.004121002807417701,0.03611444865188652,0.0,4.881964797125154,0.034792393287242186,17.581502960403466,15.680411225341368,2.1822361370310563,0.7077019283906809,0.0,0.01128321697403816,0.014163404758873016,5.2445301412328815,0.003970143689456992,-372.95622161083475,1.0,-0.05721067459349138,0.624547992689096,0.226313682189503,0.2972237154064983,-0.008940075667592156,-0.04960337500704367,0.0,0.6614467840803018,0.3114726745250594,0.25393304775678716,Banks—Regional,Financial Services,BKSC
2007Q3,2007,Q3,2007-11-01,2007-09-30,940561.0,3217758.0,0.0,0.180316,3217758.0,1.0,224287017.0,25108004.0,0.0,4017692.0,199179013.0,0.0,3715438.0,67391060.66,61920535.66,4.776369567826891,0.0,0.01211431243922603,0.10821581038460883,0.0,4.776369567826891,0.03746060419617585,20.943483214088815,17.912464119817855,2.684046914282792,0.6717405888613285,0.0,0.009375323578710388,0.014346608390622984,2.3579965811216987,0.004193559719063007,20.988751358688035,1.0,0.0,1.1188353620564746,0.35648634711239285,0.2905413285719497,-0.017491973392732008,-0.02056625405727936,0.0,1.1652432800512356,0.4759358532834075,0.23734167307860224,Banks—Regional,Financial Services,BKSC
2007Q2,2007,Q2,2007-08-01,2007-06-30,960311.0,3275045.0,0.0,0.180316,3275045.0,1.0,236451603.0,24354665.0,0.0,2236448.0,212096938.0,0.0,3407495.0,62759462.82,52338210.82,4.644539563515977,0.0,0.0036857479033457854,0.03578373999396009,0.0,4.644539563515977,0.039430269313907626,19.16293144674348,16.338317175373394,2.576896985444062,0.5729258542284739,0.0,0.00876659829893681,0.01385080480930383,5.699126471976992,0.004061342734902077,-229.1745949242286,1.0,-0.07692150177637162,1.0482045039261485,0.33810945745033827,0.20555656057570068,-0.013887287209586268,-0.07347563740634039,0.0,0.9761897599011612,0.47834782543070725,0.2078920329447171,Banks—Regional,Financial Services,BKSC
2007Q1,2007,Q1,2007-05-02,2007-03-31,1036466.0,3321167.0,0.0,0.195342,3321167.0,1.0,249282653.0,24169486.0,0.0,2462749.0,225113167.0,0.0,3078998.0,69516096.03,61044106.03,4.620692002056319,0.0,0.0026160344177659244,0.026981624681633693,0.0,4.620692002056319,0.042883245427726514,20.931225689644634,16.767577525456694,2.8761925690103625,0.9099941532090777,0.0,0.013567764213815562,0.013322896559513108,4.25699858166626,0.004157794325143033,24.13154235320051,1.0,0.028115789473684136,1.3464926783155269,0.3980750080333084,0.22823078826988033,-0.0026157122320133747,0.013911537840732896,0.0,1.4191993604654802,0.535002237865476,0.20392114096831995,Banks—Regional,Financial Services,BKSC
