Quarters,Year,Quarter,FillingDate,Date,NetIncome,Revenue,OperatingIncome,EPSDiluted,GrossProfit,GrossProfitRatio,TotalAssets,CommonStockEquity,CurrentAssets,CurrentLiability,TotalLiability,Inventory,RetainedEarnings,MarketCap,EnterpriseValue,bookValuePerShare,currentRatio,debtToAssets,debtToEquity,roic,shareholdersEquityPerShare,roe,priceToSalesRatio,peRatio,pbRatio,payoutRatio,inventoryTurnover,dividendYield,assetTurnover,quickRatio,returnOnAssets,priceToFreeCashFlowsRatio,grossProfitMargin,epsdilutedGrowth,fiveYNetIncomeGrowthPerShare,fiveYRevenueGrowthPerShare,fiveYShareholdersEquityGrowthPerShare,grossProfitGrowth,netIncomeGrowth,operatingIncomeGrowth,threeYNetIncomeGrowthPerShare,threeYRevenueGrowthPerShare,threeYShareholdersEquityGrowthPerShare,Industry,Sector,Symbol
2023Q1,2023,Q1,2023-05-04,2023-03-31,-22071000.0,691831000.0,-86646000.0,-0.45,61468000.0,0.0888482881,7233761000.0,2232058000.0,1251968000.0,1152102000.0,5001703000.0,122426000.0,2214798000.0,1094998470.0,4319326470.0,45.19159361017189,1.0866815611812148,0.4560355256415024,1.4779418814385648,-0.013014940466546854,45.19159361017189,-0.009888183909199492,1.5827542709129832,-12.403136128856872,0.4905779643718936,0.0,5.148930782676882,0.0,0.09563918409800932,0.964688022414682,-0.003051109927463736,23.332093285887794,0.08884828809347947,0.5161290322580645,-1.426797447768312,-0.07165013156131397,0.3129338891387368,-0.028527175888609677,0.5314410665760869,-1.4710814510609171,-1.7491970265055263,-0.035201162785200246,0.05022549846060399,Airlines,Industrials,SKYW
2022Q4,2022,Q4,2023-02-16,2022-12-31,-47104000.0,681245000.0,-35064000.0,-0.93,63273000.0,0.0928784798,7414553000.0,2347631000.0,1371281000.0,1172543000.0,5066922000.0,123209000.0,2236869000.0,835372980.0000001,4112662980.0,46.39770346654018,1.1694931443878818,0.45589720648028276,1.439865975530226,-0.004547811979439847,46.39770346654018,-0.02006448202464527,1.2262445669326014,-4.4336626401154895,0.3558365773837541,0.0,5.015640091227102,0.0,0.09187944303587822,0.9788451255092564,-0.006352911632029604,32.89128986534373,0.09287847984205388,-1.9687500000000002,-1.166362238207149,-0.12492043378485244,0.3702794665431506,-0.5458832141934372,-1.9737864880509386,-1.4639568116862496,-1.6468627957160864,-0.08752010989136577,0.07503320263515188,Airlines,Industrials,SKYW
2022Q3,2022,Q3,2022-11-04,2022-09-30,48372000.0,789443000.0,75576000.0,0.96,139332000.0,0.1764940597,7454204000.0,2395948000.0,1262189000.0,1159895000.0,5058256000.0,118728000.0,2283973000.0,822642180.0000001,4195251180.0,47.35730239361177,1.088192465697326,0.45765570676627576,1.4238451752709158,0.010737011135757844,47.35730239361177,0.02018908590670582,1.0420539291627136,4.251644443066237,0.34334725962333074,0.0,5.475633380499966,0.0,0.10590574124346476,0.9285607748977278,0.006489224067385331,-8.635484710748141,0.1764940597357884,-0.10280373831775709,-0.07741520587060194,-0.0278197954034897,0.663377450908935,-0.19487798817730576,-0.10340864858853405,-0.1470169973589761,-0.46881087597971105,0.0414778227378995,0.1355852623336559,Airlines,Industrials,SKYW
2022Q2,2022,Q2,2022-08-04,2022-06-30,53951000.0,799085000.0,88602000.0,1.07,173057000.0,0.2165689507,7336647000.0,2345031000.0,1216884000.0,1198413000.0,4991616000.0,115142000.0,2235601000.0,1073592500.0,4267002500.0,46.416036578124384,1.0154128835384797,0.44836299197712526,1.4027452089119503,0.011242538255896379,46.416036578124384,0.023006518890368612,1.343527284331454,4.974849863765268,0.45781590946985345,0.0,5.437008215942054,0.0,0.10891692076775672,0.8766944283815346,0.007353631706691081,-99.32394301045426,0.2165689507374059,2.0571428571428574,0.0948236618275444,0.010823677937138055,0.688580238020751,0.3996279671640584,2.0422352543137476,0.7023132493083307,-0.3797269352641114,0.08672380508217921,0.15675671802741462,Airlines,Industrials,SKYW
2022Q1,2022,Q1,2022-05-05,2022-03-31,17734000.0,735152000.0,52048000.0,0.35,123645000.0,0.1681897077,7148958000.0,2289715000.0,1071969000.0,1142288000.0,4859243000.0,110041000.0,2181650000.0,1456348000.0,4411745000.0,45.35885499207607,0.9384402182286778,0.44781323376078025,1.398164400372972,0.0065192195724201665,45.35885499207607,0.0077450687094245355,1.9810161708054932,20.530449983083344,0.6360389830175371,0.0,5.557083268963386,0.0,0.10283344789548352,0.809331797235023,0.0024806412347086106,-11.982359862104145,0.16818970770670555,3.107981220657277,-0.47666440576718894,-0.014042405530128303,0.7109260458572528,0.1527274083327895,3.0937211449676822,0.5795095897062393,-0.7950663391143821,0.03515118771885337,0.1662991046000424,Airlines,Industrials,SKYW
2021Q4,2021,Q4,2022-02-17,2021-12-31,4332000.0,777163000.0,32952000.0,0.0852,107263000.0,0.1380186653,7125947000.0,2267514000.0,1068593000.0,1194621000.0,4858433000.0,104093000.0,2163916000.0,1979933999.9999998,5067891000.0,45.0082175466455,0.8945037798598886,0.46960467149138213,1.4757915496883371,0.004841633493461612,45.0082175466455,0.0019104622948303738,2.547643158513722,114.26211911357339,0.8731738811755957,0.0,6.435591250132093,0.0,0.10906101322392658,0.7749386625549024,0.0006079192000726359,-9.784506360141137,0.13801866532503476,-0.5515789473684211,1.0164680323930255,0.05328203179371899,0.7243438957541,0.2598870056497175,-0.5526641883519207,-0.29963868225292245,-0.9338180958740337,-0.008382133130103908,0.18347346244465024,Airlines,Industrials,SKYW
2021Q3,2021,Q3,2021-11-04,2021-09-30,9684000.0,744783000.0,47050000.0,0.19,85137000.0,0.1143111483,6940502000.0,2261807000.0,1096667000.0,1137755000.0,4678695000.0,98763000.0,2159584000.0,2485749200.0,5428500200.0,44.89493846764589,0.9638867770302042,0.46316275105172505,1.4212450487596864,0.005599734934459869,44.89493846764589,0.004281532420759154,3.337548252309733,64.17155101197852,1.0990103045927437,0.0,6.679080222350476,0.0,0.10730967298907197,0.8515225158316158,0.0013952881218102092,-160.40196167000065,0.11431114834790805,-0.8442622950819673,-0.759844701107938,-0.045710569379235594,0.42711102069753387,0.43897574579565624,-0.8437913346452882,-0.5909513749424028,-0.8795499898337839,-0.07231195189329473,0.21121903978013307,Airlines,Industrials,SKYW
2021Q2,2021,Q2,2021-08-09,2021-06-30,61994000.0,656990000.0,115023000.0,1.22,59165000.0,0.0900546431,6991763000.0,2248905000.0,1130833000.0,1109358000.0,4742858000.0,97987000.0,2149900000.0,2168402220.0,5101927220.0,44.66899058515076,1.0193580431204354,0.469034634040084,1.4582114406789082,0.015123178438471378,44.66899058515076,0.027566304490407555,3.3005102360766525,8.744403571313354,0.9642035657353245,0.0,6.101064426913775,0.0,0.09396628575653952,0.9118634381326858,0.008866719309564697,10.962378010555904,0.09005464314525335,0.7183098591549296,0.5732535742829582,-0.16267659677210763,0.456105938315113,2.0228549694863682,0.7268523676880223,0.42281239949531185,-0.15517855109118225,-0.1568448188901818,0.24947721766066766,Airlines,Industrials,SKYW
2021Q1,2021,Q1,2021-05-06,2021-03-31,35900000.0,534555000.0,80842000.0,0.71,-57843000.0,-0.1082077616,6894685000.0,2181521000.0,998781000.0,950438000.0,4713164000.0,95380000.0,2087906000.0,2739581280.0,5898025280.0,43.382273396173886,1.050863917478047,0.4916031696879553,1.5537090864584846,0.00991734195300346,43.382273396173886,0.01645640816659569,5.124975502988467,19.077864066852367,1.255812472123807,0.0,6.210924722163976,0.0,0.07753146082815966,0.9260035899238036,0.0052069093801964846,16.071224474232245,-0.10820776159609395,1.7634408602150538,0.3496740765954719,-0.2855526888119061,0.4466774087686864,-3.3508636456004877,1.7728740581270184,3.9217535870468754,-0.3181403680684903,-0.2954614094233169,0.2603684088028753,Airlines,Industrials,SKYW
2020Q4,2020,Q4,2021-02-22,2020-12-31,-46450000.0,589637000.0,-27669000.0,-0.93,24605000.0,0.0417290638,6887622000.0,2139545000.0,982802000.0,941722000.0,4748077000.0,91196000.0,2052006000.0,2022796110.0,5299255110.0,42.6365556684801,1.0436222154733563,0.5070228883060075,1.632207782495811,-0.003656269728630941,42.6365556684801,-0.02171022343535658,3.4305786611084446,-10.88695430570506,0.9454328420294971,0.0,6.195798061318479,0.0,0.08560821136816162,0.9177719114558224,-0.006743982175560738,-10.542754370237562,0.04172906381383801,-2.409090909090909,-2.1642119136773528,-0.2057719586231931,0.44005413603127086,1.4388499473843794,-2.379894242766324,-1.3711319464005474,-1.1654156987214976,-0.23629966337320826,0.2592001843103046,Airlines,Industrials,SKYW
2020Q3,2020,Q3,2020-11-05,2020-09-30,33662000.0,457493000.0,74553000.0,0.66,-56067000.0,-0.1225526948,6758594000.0,2185100000.0,977278000.0,859904000.0,4573494000.0,92350000.0,2098456000.0,1498404660.0,4453363660.0,43.54436938283414,1.136496632182197,0.49909596581774257,1.5437220264518787,0.009262087749147658,43.54436938283414,0.015405244611230608,3.2752515557615087,11.128309815221911,0.6857373392522081,0.0,5.561017866811045,0.0,0.06769055812495912,0.9983300461446859,0.00498062170918981,32.22930095500301,-0.12255269479533021,2.2941176470588234,-0.06380823114381298,-0.4188205188068106,0.5078588473045024,0.5255555367508927,2.3090414155162358,17.932318873495344,-0.35270346144039516,-0.4319826913041058,0.52945202713291,Airlines,Industrials,SKYW
2020Q2,2020,Q2,2020-08-07,2020-06-30,-25715000.0,350039000.0,-4403000.0,-0.51,-118174000.0,-0.3376023814,6773383000.0,2142962000.0,945849000.0,986187000.0,4630421000.0,97782000.0,2064794000.0,1635566799.9999998,4482587800.0,42.739569206222576,0.9590970069570984,0.4870930818469884,1.5395830630687806,-0.0005904817491447151,42.739569206222576,-0.011999746145755268,4.6725273469527675,-15.90090219716119,0.7632271594176657,-0.27299241687730896,4.788335276431245,0.004292090057098249,0.05167860727792892,0.8350170910790753,-0.003796478067163779,11.804288487770375,-0.33760238144892424,-1.864406779661017,-1.8368278146052055,-0.5452467919743403,0.5422681325451445,-1.8705715948520365,-1.8575096705348806,-1.066389228147947,-1.525808266599742,-0.5538354428463055,0.5548331409485446,Airlines,Industrials,SKYW
2020Q1,2020,Q1,2020-05-08,2020-03-31,29988000.0,729936000.0,66321000.0,0.59,135743000.0,0.1859656189,6661411000.0,2163438000.0,768968000.0,1019843000.0,4497973000.0,104800000.0,2090509000.0,1316754630.0,4277090630.0,43.030371740557314,0.7540062539037872,0.487866609641711,1.5021830993076761,0.00883398787128986,43.030371740557314,0.01386127081062642,1.803931618662458,10.97734618847539,0.6086398732018204,0.20138055222088835,5.669780534351145,0.004586275880419726,0.10957678485834307,0.6217005950915975,0.004501748953787719,6.841740994185774,0.1859656189035751,-0.5874125874125874,2.190417635157775,-0.017530844842784353,0.5697476584759305,-0.26386659436008675,-0.5865263970659202,-0.47072343481904155,-0.11147211389624764,-0.017085215949081533,0.6230961691317098,Airlines,Industrials,SKYW
2019Q4,2019,Q4,2020-02-18,2019-12-31,72527000.0,743591000.0,125305000.0,1.43,184400000.0,0.2479857879,6657129000.0,2175014000.0,760346000.0,924676000.0,4482115000.0,110503000.0,2079179000.0,3257028850.0,6516980850.0,43.15932136124616,0.8222836972085358,0.502793020835258,1.538913312741895,0.01581557089413292,43.15932136124616,0.03334553248852651,4.380134845634227,11.226952893405215,1.497474889816801,0.08356887779723414,5.060414649376035,0.0018608984688606614,0.11169845138948035,0.6643299923432641,0.01089463641158223,-51.031412164702935,0.24798578788608253,-0.20111731843575423,3.6428432863423414,-0.07221145968943878,0.5772067127270052,-0.10493257870671495,-0.20595802450212944,-0.14433116408656047,1.2756282273221993,0.007482236870222988,0.653509434294428,Airlines,Industrials,SKYW
2019Q3,2019,Q3,2019-11-05,2019-09-30,91339000.0,760295000.0,146441000.0,1.79,206018000.0,0.2709711362,6597659000.0,2116260000.0,810389000.0,961539000.0,4481399000.0,111941000.0,2012691000.0,2912820400.0,5931459400.0,41.70299136877784,0.8428040880297107,0.5042012629024931,1.5718994830502868,0.019474240565291893,41.70299136877784,0.043160575732660446,3.8311713216580405,7.972553892641697,1.3764000642643153,0.06686081520489605,4.951510170536265,0.002096593391065237,0.11523708636654305,0.7004562477445012,0.013844152903325255,29.61628029933301,0.2709711362037104,0.0467836257309942,1.2346450449353226,-0.07872700795469693,0.49767395790858115,-0.00011162826816022053,0.037330213964475535,0.01629503168092829,1.2487956543317795,-0.032861123704595104,0.32564606634503085,Airlines,Industrials,SKYW
2019Q2,2019,Q2,2019-08-05,2019-06-30,88052000.0,744383000.0,144093000.0,1.71,206041000.0,0.2767943384,6580019000.0,2052245000.0,779931000.0,927328000.0,4527774000.0,109844000.0,1927412000.0,3118822100.0,6276767100.0,40.12601427314498,0.841051925532282,0.5184796578854863,1.6623775426423257,0.018930318938681932,40.12601427314498,0.04290520868609742,4.189808337912069,8.85505752282742,1.5197123637772292,0.06993594694044428,4.900968646444048,0.0019744633719249328,0.11312778884073131,0.7040346026432934,0.013381724277695855,47.06093221873491,0.27679433839837825,0.011834319526627229,6.979332385873173,-0.08772987399605951,0.4793510788029164,0.1358567120735183,-0.0014629001712387023,0.49444611539219446,1.1996322656645377,-0.06611649309520351,0.3080154017061318,Airlines,Industrials,SKYW
2019Q1,2019,Q1,2019-05-06,2019-03-31,88181000.0,723694000.0,96419000.0,1.69,181397000.0,0.2506542821,6544532000.0,2000567000.0,781394000.0,945327000.0,4543965000.0,112566000.0,1845467000.0,2838459200.0,5993300200.0,38.89127138413686,0.8265859326984207,0.526504569005087,1.7223747067706305,0.012820303104854882,38.89127138413686,0.044078003885898345,3.9221814744906,8.047252809562151,1.4188273624427474,0.058300540932854014,4.8175914574560705,0.0018111939040730267,0.11057994674027112,0.6811473701692642,0.01347399630714618,-30.0359696091088,0.25065428205843904,0.32031249999999994,4.854908233473252,-0.0625492241731575,0.4203682766738088,-0.03418220927818036,0.31405537507823444,-0.206441046237922,2.24082520988905,-0.05446216148112839,0.2969150601195791,Airlines,Industrials,SKYW
2018Q4,2018,Q4,2019-02-21,2018-12-31,67106000.0,803489000.0,121502000.0,1.28,187817000.0,0.2337518,6313212000.0,1964281000.0,1020794000.0,924826000.0,4348931000.0,127690000.0,1776585000.0,2296875500.0,5128465500.0,38.03060987415295,1.103768708924706,0.5005334843816428,1.6087178972865899,0.017512417126031413,38.03060987415295,0.03416313653698223,2.858627187179912,8.556893198819779,1.169321242734619,0.0773999344320925,4.821614848461117,0.0022613328410704017,0.1272710309744073,0.842816919074507,0.010629454547067325,-92.93823338998139,0.2337517999624139,-0.18471337579617836,6.732076980102707,-0.009254232490793867,0.3577107337894554,-0.09172373104302074,-0.19194181537942828,-0.11907195939822367,0.6340925844999047,0.051500321472435884,0.284487834122881,Airlines,Industrials,SKYW
2018Q3,2018,Q3,2018-11-06,2018-09-30,83046000.0,829275000.0,137925000.0,1.57,206784000.0,0.2493551596,6184860000.0,1928873000.0,1052072000.0,913445000.0,4255987000.0,124037000.0,1714621000.0,2930836480.0,5715324480.0,37.06591210438325,1.1517628319165358,0.5026870454626298,1.6118474363008866,0.020683012677457372,37.06591210438325,0.04305415649449186,3.5342154050224592,8.822930905763071,1.5194553918272484,0.06267610721768659,5.018591226811354,0.0017759435012901163,0.13408145050979328,0.8595525729518472,0.013427304740931888,-32.80505568551953,0.24935515962738536,0.09790209790209799,2.1368438671783054,-0.02819055389242763,0.34716725037865187,0.055338086464803184,0.0947415599994727,0.08878416141713637,1.2271731948593088,0.015862108993890126,0.28352217042413047,Airlines,Industrials,SKYW
2018Q2,2018,Q2,2018-08-07,2018-06-30,75859000.0,805515000.0,126678000.0,1.43,195941000.0,0.2432493498,5913093000.0,1860652000.0,975225000.0,878595000.0,4052441000.0,118901000.0,1636768000.0,2701187400.0,5494839400.0,35.75014410329324,1.109982415105936,0.5021703531468218,1.5958814437089794,0.02023417559601305,35.75014410329324,0.04077011714173311,3.3533669764063982,8.902000421835247,1.4517423999759225,0.06861413939018442,5.126735687672938,0.0019269303566276077,0.13622566058068086,0.832516688576648,0.012828988145459576,-15.011767386544253,0.24324934979485174,0.3883495145631067,2.6495418099477486,-0.04310262058751737,0.3142878384372679,0.2515073707876651,0.39544166881277365,0.43666572157641054,1.3782289632770324,0.00816111203902052,0.2900529651660228,Airlines,Industrials,SKYW
2018Q1,2018,Q1,2018-05-07,2018-03-31,54362000.0,783400000.0,88175000.0,1.03,156564000.0,0.1998519275,5600187000.0,1787137000.0,952623000.0,837818000.0,3813050000.0,117217000.0,1566114000.0,2824502400.0,5349255400.0,34.42031162727991,1.1370285670634912,0.49573344604385533,1.5534343477864316,0.015630152992631596,34.42031162727991,0.030418484984643036,3.6054408986469237,12.989323424450902,1.5804621581893272,0.07615613847908466,5.347654350478173,0.0014657449043059762,0.1398881858766502,0.8539444127483534,0.009707175849663591,-66.95196150472894,0.1998519274955323,-0.8113553113553114,15.763554540761096,-0.027966790431316113,0.27980969900915753,-0.03967319299278669,-0.8124989221499057,-0.05126963632451044,4.600435096482939,0.021042960978986273,0.2556527260955215,Airlines,Industrials,SKYW
2017Q4,2017,Q4,2018-02-26,2017-12-31,289929000.0,797158000.0,92940000.0,5.46,163032000.0,0.204516545,5458279000.0,1754322000.0,995133000.0,820825000.0,3703957000.0,119755000.0,1516957000.0,2751164100.0,5256396100.0,33.86002972341781,1.2123570797673073,0.4922841064005706,1.5316595243062563,0.08890927399706836,33.86002972341781,0.16526555558215653,3.4512155683064085,2.3722739877694194,1.5682207143272442,0.014303501891842485,5.2951943551417475,0.0015073619199959755,0.14604566750801856,0.8934206438644047,0.05311729209884654,78.62490640450402,0.2045165450262056,4.405940594059406,19.58275586107138,-0.026508038981055748,0.2521016343954007,-0.14784363125075137,4.397442102911609,-0.17290355881070402,11.276112026782238,-0.03255838898369572,0.2373750209349568,Airlines,Industrials,SKYW
2017Q3,2017,Q3,2017-11-03,2017-09-30,53716000.0,831936000.0,112369000.0,1.01,191317000.0,0.229966007,5389446000.0,1475715000.0,994132000.0,799134000.0,3913731000.0,121235000.0,1231169000.0,2275468700.0,4861598700.0,28.470568942565546,1.2440116426031178,0.49805026342225156,1.818925063443822,0.016740379438165642,28.470568942565546,0.036399982381421885,2.735148737402877,10.590274313053838,1.541943193638338,0.07709062476729465,5.28410937435559,0.0018198448521836404,0.15436391792403154,0.885335876085863,0.009966887134596024,23.02243795339802,0.2299660070005385,0.06315789473684216,1.5367837243072717,-0.04949360450244202,0.06299323756929502,0.052522418440886835,0.06416783881767935,0.05415775451236444,0.2866233558895906,-0.013058088031330227,0.022459739040319143,Airlines,Industrials,SKYW
2017Q2,2017,Q2,2017-08-04,2017-06-30,50477000.0,809759000.0,106596000.0,0.95,181770000.0,0.2244741954,5360613000.0,1422542000.0,947009000.0,779090000.0,3938071000.0,118476000.0,1181601000.0,1816460100.0,4432524100.0,27.48820312650963,1.2155322234915094,0.5147754557174711,1.939845712815509,0.0159109077570045,27.48820312650963,0.03548366234529455,2.2432107577686695,8.996474136735543,1.2769114022643973,0.08199774154565445,5.300558762956211,0.0022786077161838017,0.15105716454442802,0.85262806607709,0.009416273847785692,-16.878775855340184,0.22447419540875743,0.4615384615384614,1.929827041898379,-0.14946671959561972,0.03681912890792199,0.20072927607459226,0.4510722704536308,0.39715577691853987,4.387594690700351,-0.01922987734419256,0.013424923610498409,Airlines,Industrials,SKYW
2017Q1,2017,Q1,2017-05-08,2017-03-31,34786000.0,765415000.0,76295000.0,0.65,151383000.0,0.1977789826,5128356000.0,1373815000.0,916586000.0,750508000.0,3754541000.0,119608000.0,1135265000.0,1774835000.0,4294309000.0,26.511289077576226,1.221287447968576,0.5098934239354678,1.9033967455588998,0.012696526336555505,26.511289077576226,0.025320730957224955,2.318787847115617,12.755382912666015,1.2919024759520021,0.07439774621974357,5.133703431208615,0.0014581637166271794,0.14925153401986913,0.8217940381714786,0.006783070442067595,-22.912331207559834,0.1977789826434026,1.124521072796935,51.08161756633327,-0.18414308587638298,0.010875908684717056,0.7656053184044787,1.1287202353420045,1.1886323628308082,2.5095484911969215,-0.01577584120452801,-0.03176747276826425,Airlines,Industrials,SKYW
2016Q4,2016,Q4,2017-02-27,2016-12-31,-270245000.0,758016000.0,-404464000.0,-5.22,85740000.0,0.1131110689,5137251000.0,1350943000.0,1047077000.0,747265000.0,3786308000.0,118509000.0,1103751000.0,1886542650.0000002,4285287650.0,26.101648086249202,1.4012124212963273,0.4955006091779436,1.8842475219161727,-0.06581609693466979,26.101648086249202,-0.20004174861559665,2.4887900123480247,-1.7452151288645488,1.396463544353833,-0.009572795056337768,5.672784345492747,0.0013712915528307826,0.14755284489700815,0.8170715877232307,-0.052604982703784574,-4.539814585313617,0.11311106889564336,-7.6075949367088604,-13.732214571948843,-0.1749694787027495,-0.00835095746629906,-0.4741458089286043,-7.539978703838149,-5.7121653424051075,-32.07375338953487,-0.06725722557444698,-0.06815883590704962,Airlines,Industrials,SKYW
2016Q3,2016,Q3,2016-11-04,2016-09-30,41322000.0,799776000.0,85834000.0,0.79,163049000.0,0.2038683331,5299764000.0,1624114000.0,1124837000.0,759619000.0,3675650000.0,142872000.0,1376585000.0,1363469070.0,3538835070.0,31.458616615336936,1.4807910281338408,0.41985511052945,1.3700596140418715,0.013843681275269802,31.458616615336936,0.02544279527176048,1.704813685331893,8.249050566284303,0.8395156189774856,0.06229127341367795,4.4566255109468615,0.001887831602956714,0.15090785174585133,0.8028932925585063,0.007796950958570985,-9.89333006813383,0.20386833313327732,0.025974025974025997,354.8308403181174,-0.16383495454640445,0.19388198275684054,-0.0016470934006049547,0.026786601729450354,0.02016948548201148,0.5732856090811362,-0.05528031720445247,0.14336908605003565,Airlines,Industrials,SKYW
2016Q2,2016,Q2,2016-08-05,2016-06-30,40244000.0,801338000.0,84137000.0,0.77,163318000.0,0.2038066334,4996885000.0,1577351000.0,1028018000.0,740790000.0,3419534000.0,140881000.0,1337849000.0,1360520280.0,3172355280.0,30.67701972072037,1.3877320158209479,0.4082177196393353,1.2931915597733161,0.014111615978740628,30.67701972072037,0.025513661829231413,1.6978107615013889,8.451696401948118,0.8625348955305446,0.051063512573302855,4.528786706511169,0.0015104515751871042,0.16036750895808088,0.7675805558930331,0.008053817528320144,-45.24660879976055,0.20380663340562907,0.4807692307692307,25.121491055773525,-0.12039289729739851,0.17806687584123598,0.19718805436232756,0.485456961464639,0.3612418903395946,0.959767484487427,-0.036438035612323845,0.12778381597429572,Airlines,Industrials,SKYW
2016Q1,2016,Q1,2016-05-06,2016-03-31,27092000.0,762075000.0,61809000.0,0.52,136418000.0,0.1790086278,4813058000.0,1535901000.0,984691000.0,729383000.0,3277157000.0,140595000.0,1300179000.0,1023847819.9999999,2716173820.0,29.987523917372798,1.3500328359723217,0.40288128669964085,1.2625104091995514,0.010825360144011935,29.987523917372798,0.01763915773217154,1.343500075451891,9.447879632363795,0.6666105562793435,0.07529898124907722,4.450065791813365,0.001992483609527049,0.1583348881314125,0.7086962542313161,0.005628853838869176,-16.033446920462907,0.17900862775973495,-0.3333333333333333,3.5744404726250445,-0.07483520901006271,0.1602285018560664,0.7844314510327146,-0.33030108271122754,0.18383099346880927,7.469001018275539,-0.04144798820167664,0.11499060131419474,Airlines,Industrials,SKYW
2015Q4,2015,Q4,2016-02-26,2015-12-31,40454000.0,752744000.0,52211000.0,0.78,76449000.0,0.1015604243,4802886000.0,1506435000.0,1017570000.0,751386000.0,3296451000.0,140312000.0,1275142000.0,967737600.0,2713505600.0,29.60760613207547,1.354257332449633,0.4057566638058867,1.2936522319250416,0.009295593111032797,29.60760613207547,0.02685412911941106,1.2856131699488804,5.980481534582489,0.642402493303727,0.051342265288970186,4.819936997548321,0.002146242948501743,0.15672743429679573,0.7382836518114524,0.008422852426645146,24.20493734523899,0.10156042426110337,0.09859154929577474,0.15063797024014186,0.0003904243702564893,0.1219411217746998,-0.5121781578023801,0.11541855078857395,-0.33315878205783184,1.9244769808434508,-0.06392610232591339,0.0948523179490283,Airlines,Industrials,SKYW
2015Q3,2015,Q3,2015-11-05,2015-09-30,36268000.0,794004000.0,78296000.0,0.71,156715000.0,0.1973730611,4926443000.0,1461703000.0,1358385000.0,734134000.0,3464740000.0,140109000.0,1236627000.0,844274880.0,2825237880.0,28.878279595384857,1.8503229655621454,0.4278354585651351,1.4419529822405783,0.013311725581720085,28.878279595384857,0.024812154042237033,1.0633131319237688,5.819695599426492,0.5775967347675964,0.05704753501709496,4.548522935714336,0.0024506236641791356,0.1611718637564669,0.84677320489175,0.007361903913229079,82.78016276105501,0.1973730610928912,0.16393442622950816,0.5723825594994547,0.2766959622366877,0.15135053758938918,0.050967374174295005,0.1522795869737887,0.11960189898758794,0.7539689820437669,-0.07102005122357545,0.07821575271137692,Airlines,Industrials,SKYW
2015Q2,2015,Q2,2015-08-05,2015-06-30,31475000.0,788417000.0,69932000.0,0.61,149115000.0,0.1891321471,4838554000.0,1423213000.0,1331085000.0,744718000.0,3415341000.0,139671000.0,1202437000.0,772409280.0,2665421280.0,27.712152189574937,1.7873678358788159,0.4266103054755615,1.450364070592385,0.012011160728131052,27.712152189574937,0.02211545285210295,0.9796963789466742,6.135101509134233,0.5427221926724952,0.06567116759332804,4.577199275440141,0.0026760424214478627,0.1629447558092769,0.7605832006209061,0.006505042622237966,-6.391048006751725,0.18913214707445425,2.388888888888889,0.8376476577391551,0.3215860209627671,0.11928998938268826,0.33233559685489633,2.2718295218295217,1.052296404988995,0.8409130904240055,-0.16553023112552234,0.045266195142789345,Airlines,Industrials,SKYW
2015Q1,2015,Q1,2015-05-07,2015-03-31,9620000.0,760398000.0,34075000.0,0.18,111920000.0,0.1471860789,4613508000.0,1410554000.0,1284675000.0,697065000.0,3202954000.0,139316000.0,1173031000.0,751786770.0,2570044770.0,27.412285986357542,1.8429773407071077,0.4138642438682235,1.3536284325165857,0.006076170510132775,27.412285986357542,0.006820015398205244,0.9886753647432003,19.53707822245322,0.5329726972522852,0.21278586278586278,4.654727382353785,0.002722846532667767,0.16481991577775523,0.7754929597670231,0.002085181167996241,-3.2616327106128575,0.14718607886922375,1.3333333333333333,-0.3045014099711211,0.30549294629248697,0.11988481162897217,0.01205385804841437,1.3452111816844297,2.729695431472081,14.947676723730892,-0.18377302905357867,0.045230936319220254,Airlines,Industrials,SKYW
2014Q4,2014,Q4,2015-02-18,2014-12-31,-27867000.0,813855000.0,-19700000.0,-0.54,110587000.0,0.1358804701,4409928000.0,1400346000.0,1291003000.0,684355000.0,3009582000.0,137452000.0,1165478000.0,679590720.0,2293126720.0,27.36440379880408,1.8864522068224825,0.3958819735832422,1.2466997442060748,-0.004779168300901401,27.36440379880408,-0.01990008183691745,0.8350267799546602,-6.096733771127139,0.48530200393331363,-0.07252305594430689,5.116462474172802,0.0029738487306006766,0.18455063211916384,0.9255810215458351,-0.006319150788856417,-8.410672145146718,0.13588047010831167,-1.6835443037974684,-2.559797778920185,0.46971982734725354,0.13031896030317713,-0.13363625680598534,-1.674125501959456,-1.333446174678402,-0.5364566669468954,-0.10410232615663802,0.0396234267247395,Airlines,Industrials,SKYW
2014Q3,2014,Q3,2014-11-03,2014-09-30,41338000.0,834633000.0,59080000.0,0.79,127645000.0,0.1529354818,4397632000.0,1429070000.0,1337093000.0,659911000.0,2968562000.0,150133000.0,1195351000.0,399285160.0,1917465160.0,27.845173609758,2.0261717110337605,0.37965273128811144,1.1682933656154002,0.01153235521538823,27.845173609758,0.028926504649877192,0.4783960854651086,2.4147585756446857,0.27940210066686727,0.049712129275726935,4.70907795088355,0.005146697663394252,0.18979146049510282,0.9648952661798333,0.009400058940811782,-12.405553967563536,0.15293548182254954,3.724137931034483,0.5678709080207488,0.41793629536285537,0.16180437277140947,0.4549589084816085,3.805048517337314,3.460887949260042,357.084094473164,-0.12220619790217424,0.05674866399621161,Airlines,Industrials,SKYW
2014Q2,2014,Q2,2014-08-08,2014-06-30,-14737000.0,816574000.0,13244000.0,-0.29,87731000.0,0.1074379052,4279841000.0,1388291000.0,1315720000.0,645826000.0,2891550000.0,145667000.0,1156074000.0,625456260.0,2125386260.0,27.124064630834457,2.0372670038059786,0.36677086835702544,1.1306858576480003,0.01319384778965819,27.124064630834457,-0.010615209635443866,0.7659517202360104,-10.61030501458913,0.4505224481034596,-0.14012349867679988,5.0034874062073085,0.003301589786630323,0.19079540571717502,0.8892844202618042,-0.003443352217991276,-3.6364158885568436,0.10743790519903891,0.34090909090909094,-1.611205165206896,0.27063967920080967,0.1591505532281918,1.3461250467989516,0.3560973478393848,1.4768488514437963,-10.6093795837972,-0.09955336434339758,0.0416253720429059,Airlines,Industrials,SKYW
2014Q1,2014,Q1,2014-05-08,2014-03-31,-22887000.0,772386000.0,-27774000.0,-0.44,37394000.0,0.048413617,4202027000.0,1409224000.0,1409765000.0,636192000.0,2792803000.0,143346000.0,1172867000.0,656718920.0,2041032920.0,27.38111799794043,2.215942671394799,0.3490974712918313,1.040939552548069,-0.005118995896931522,27.38111799794043,-0.016240853122001898,0.8502470526394834,-7.173492812513654,0.46601457255908213,-0.08974527024074802,5.127398043893796,0.0031276699017594926,0.1838127170529842,1.0342899627785322,-0.005446657053845679,-6.259533145879998,0.04841361702568405,-3.5882352941176467,-3.683055303365952,0.261605131452271,0.2072363555149975,-0.5966040259768279,-3.6588057620817844,-1.901168072680078,-1.1643346818465363,-0.06685413324787719,0.0593856832404261,Airlines,Industrials,SKYW
2013Q4,2013,Q4,2014-02-14,2013-12-31,8608000.0,804368000.0,30820000.0,0.17,92698000.0,0.1152432717,4233219000.0,1434939000.0,1464437000.0,620464000.0,2798280000.0,138094000.0,1197819000.0,759711240.0,2059643240.0,28.010833918950574,2.360228796513577,0.3473876499184191,1.0248296269040007,0.006050952264680997,28.010833918950574,0.005998861275636107,0.9444821773118771,22.06410432156134,0.5294380039848384,0.23826672862453532,5.153518617753124,0.0026997099582204416,0.19001332083220832,1.2408471724386911,0.0020334407456831316,630.4657593360996,0.1152432717363197,-0.6599999999999999,-0.5517690318678253,0.1945052460204767,0.24176757166756102,-0.1960138076983122,-0.6738652724103963,-0.4513475985331292,-0.7568248506252634,0.06173640839045701,0.06143354814580017,Airlines,Industrials,SKYW
2013Q3,2013,Q3,2013-11-07,2013-09-30,26394000.0,850740000.0,56174000.0,0.5,115298000.0,0.1355267179,4265394000.0,1427452000.0,1479602000.0,604157000.0,2837942000.0,132871000.0,1191265000.0,753312120.0,2009737120.0,27.513964649871824,2.449035598362677,0.3573341642061671,1.067756393910268,0.01132190777104366,27.513964649871824,0.018490288990452918,0.8854786656322731,7.135259149806774,0.5277320148068025,0.07861635220125786,5.5350076389881915,0.0027545023435969675,0.1994516801964836,1.3291578182492298,0.006187939496327889,9.355822548995256,0.1355267179161671,0.282051282051282,0.10919031951609448,0.0010830049968408738,0.24070001114011927,0.07398817008988869,0.27384169884169884,0.11114627633270695,0.11639865956465138,0.3345693005315598,0.09695655124510899,Airlines,Industrials,SKYW
2013Q2,2013,Q2,2013-08-07,2013-06-30,20720000.0,839130000.0,50555000.0,0.39,107355000.0,0.1279360767,4240070000.0,1411223000.0,1436092000.0,585952000.0,2828847000.0,129206000.0,1166921000.0,725815190.0,2141319190.0,27.201152637767198,2.450869695811261,0.3669868657828762,1.1026251697995284,0.010471571023892106,27.201152637767198,0.014682300387677922,0.864961555420495,8.75742265926641,0.5143164404208265,0.10014478764478764,5.663630171973438,0.0028588544695516776,0.19790475157249762,1.250877204958768,0.00488671177598483,8.137762666636768,0.1279360766508169,5.500000000000001,-0.3710553956585171,-0.023976131761705908,0.26648554673703395,0.39423888621930153,5.408908134859264,2.2488271961956174,0.19750563537071208,0.39238716837859794,0.09865078824793815,Airlines,Industrials,SKYW
2013Q1,2013,Q1,2013-05-10,2013-03-31,3233000.0,803487000.0,15561000.0,0.06,76999000.0,0.0958310464,4220386000.0,1392159000.0,1413124000.0,587135000.0,2828227000.0,119228000.0,1148277000.0,833901930.0,2301220930.0,26.894866989934897,2.406812743236223,0.3815750502442194,1.1567601114527866,0.003124825108036716,26.894866989934897,0.002322292209438721,1.0378536678253663,64.48360114444787,0.5989990582972203,0.6362511599133931,6.093266682322945,0.0024667169195783014,0.1903823489131089,1.2735946588093028,0.0007660436746780982,-25.250626192278578,0.09583104642638898,-0.7777777777777778,-0.8713700632910747,0.07318234745254279,0.3263737373822815,-0.25506946325606594,-0.7681772551269181,-0.64432,-0.7676450597824531,0.37131568170508505,0.09874649154758953,Airlines,Industrials,SKYW
2012Q4,2012,Q4,2013-02-15,2012-12-31,13946000.0,810725000.0,43750000.0,0.27,103364000.0,0.12749576,4254637000.0,1387175000.0,1434040000.0,591425000.0,2867462000.0,113581000.0,1147117000.0,639148160.0,2147398160.0,27.042556924516532,2.424719956038382,0.38593703763681836,1.183716546218033,0.007881471704530546,27.042556924516532,0.010053526051147116,0.7883661660859108,11.45755342033558,0.460755247175014,0.14749749031980497,6.227810989514091,0.003218346118683968,0.19055092126543346,1.386466584943146,0.003277835453412359,35.07370685397574,0.12749575996792994,-0.325,-0.600628643915596,0.10972169429096429,0.3024846318768761,-0.09175263167144088,-0.3337792003057374,-0.20416924364244915,-0.22125798782731096,0.4605853714736139,0.11702469571783185,Airlines,Industrials,SKYW
2012Q3,2012,Q3,2012-11-08,2012-09-30,20933000.0,865259000.0,54974000.0,0.4,113806000.0,0.1315282476,4248851000.0,1372408000.0,1392442000.0,600066000.0,2876443000.0,113704000.0,1135229000.0,543667010.0,2109098010.0,26.783396108584924,2.3204814137111582,0.4005527612053235,1.240075108859756,0.011372321551911695,26.783396108584924,0.01525275282569032,0.628328639170468,6.4929418860172925,0.39614095079597317,0.09793149572445421,6.608852810807008,0.0037706904452414727,0.20364540907647738,1.4105765032513091,0.0049267437243621865,4.276734239549409,0.13152824761140883,0.21212121212121213,-0.4105206957914027,0.19455872195052856,0.35345005605294916,0.09587959441111614,0.2342570754716981,0.1745075417681494,-0.20479648700435615,0.4722896816098113,0.11750306005339906,Airlines,Industrials,SKYW
2012Q2,2012,Q2,2012-08-08,2012-06-30,16960000.0,937214000.0,46806000.0,0.33,103849000.0,0.1108060699,4238810000.0,1350630000.0,1323755000.0,630017000.0,2888180000.0,114076000.0,1116346000.0,332664320.0,1954743320.0,26.512052449748744,2.1011417152235574,0.4083204956107964,1.2814708691499523,0.008992840864446235,26.512052449748744,0.012557102981571562,0.3549502248152503,4.903660377358491,0.24630307338057056,0.12016509433962264,7.305349065535257,0.0061262957205629985,0.22110309261325703,1.1897964658096527,0.0040011229566788795,3.4888027519087172,0.11080606990505903,25.62686567164179,-0.47704170624180914,0.3729375425499197,0.38120493619670515,0.38822570080340074,25.868035190615835,1.2880187710808035,-0.2932977465994298,0.4652047870820692,0.1329961302851997,Airlines,Industrials,SKYW
2012Q1,2012,Q1,2012-05-04,2012-03-31,-682000.0,921173000.0,20457000.0,-0.0134,74807000.0,0.0812084158,4265657000.0,1334408000.0,1300010000.0,634241000.0,2931249000.0,118620000.0,1101425000.0,562235050.0,2245005050.0,26.226056877812937,2.0497098106240372,0.4176885295746939,1.3352108200790163,0.003663872757650387,26.226056877812937,-0.0005110880630212049,0.6103468620986503,-206.09789222873903,0.42133669012775704,-2.9794721407624634,7.135103692463328,0.0036141467878959164,0.21595102466044505,1.1229043849262346,-0.0001598815844780769,-33.44248453485606,0.08120841579160483,0.9617142857142856,-1.0247667138705783,0.4750110871103112,0.376752059102496,-0.8492988418450703,0.9620394077702327,11.89297124600639,-1.0808720301341996,0.5219608092302347,0.15630958995470623,Airlines,Industrials,SKYW
2011Q4,2011,Q4,2012-02-24,2011-12-31,-17966000.0,899850000.0,-1878000.0,-0.35,496393000.0,0.5516397177,4281908000.0,1334261000.0,1280464000.0,624148000.0,2947647000.0,115211000.0,1104144000.0,638199690.0,2324064690.0,26.321457457931388,2.0515390580439257,0.42396777324501134,1.3605966149051798,-0.00038571063817103137,26.321457457931388,-0.013465131634665181,0.7092289714952492,-8.880659161749973,0.4783169784622349,-0.11404875876655905,3.501896520297541,0.0032105938503354647,0.2101516426789179,1.2163076706165845,-0.004195793090369994,-9.136324710463402,0.551639717730733,-160.09090909090907,-1.7290903009681964,0.44519162377509286,0.43590513050520696,-0.061963441758333127,-155.8793103448276,-1.0700041003466656,-1.9454259912703113,0.35045444802107384,0.16687466017116784,Airlines,Industrials,SKYW
2011Q3,2011,Q3,2011-11-04,2011-09-30,116000.0,955425000.0,26827000.0,0.0022,529183000.0,0.5538718371,4336814000.0,1358862000.0,1329841000.0,625499000.0,2977952000.0,113400000.0,1124074000.0,593570700.0,2334638700.0,26.349854566608492,2.1260481631465438,0.4209694028842371,1.3435256854632773,-0.0004640092730593628,26.349854566608492,8.536554852516296e-05,0.6212635214695031,1279.247198275862,0.4368145551203875,18.025862068965516,3.758747795414462,0.003522748006261091,0.22030573596192965,1.3462595463781717,2.6747746156510286e-05,14.13431837123467,0.5538718371405396,-0.9266666666666666,-0.9964687907484274,0.494370896242627,0.46825366780426064,0.016305193271275012,-0.9265357821405953,0.4089810924369748,-0.9950957787529977,0.13104801985544692,0.18820625345551495,Airlines,Industrials,SKYW
2011Q2,2011,Q2,2011-08-05,2011-06-30,1579000.0,933697000.0,19040000.0,0.03,520693000.0,0.5576680658,4339741000.0,1372263000.0,1325001000.0,585945000.0,2967478000.0,112664000.0,1126114000.0,793631880.0,2473112880.0,26.040134350449733,2.2613060952819803,0.4190600314627071,1.32526490913185,-0.005362502666889539,26.040134350449733,0.0011506540655836382,0.8499886794109867,125.65419252691578,0.5783380299548994,1.3223559214692844,3.6658027408932754,0.002630942698521637,0.21515039722416615,1.3897976772563978,0.00036384659821864945,18.035858464195623,0.5576680657643753,1.1428571428571428,-0.9519731748891805,0.4115504153581462,0.49199635318796825,0.04860459402526996,1.1427280122932297,4.905707196029777,-0.9528133680232693,0.06918131160989724,0.21242854040475917,Airlines,Industrials,SKYW
2011Q1,2011,Q1,2011-05-06,2011-03-31,-11063000.0,865951000.0,3224000.0,-0.21,496558000.0,0.5734250552,4399316000.0,1391664000.0,1337134000.0,579188000.0,3007652000.0,107989000.0,1126529000.0,911040480.0000001,2650378480.0,25.846222420325386,2.308635538029103,0.4244018842929219,1.3416155048919853,0.0005905711695139002,25.846222420325386,-0.007949476310373769,1.0520693203195102,-20.58755491277231,0.6546411202704101,-0.20229594142637622,3.420653955495467,0.0024565318985606435,0.19683764476114013,1.4153038391679387,-0.0025147091047790157,-22.65311883034538,0.5734250552282981,-1.3043478260869565,-1.3511800850530278,0.2798871677712463,0.5895927720760064,-0.17897699089291738,-1.2973445143256463,-0.9378026430018327,-1.423147117423083,0.11191120565273543,0.2746577494393358,Airlines,Industrials,SKYW
2010Q4,2010,Q4,2011-02-25,2010-12-31,37206000.0,796284000.0,51835000.0,0.69,604804000.0,0.7595330309,4446510000.0,1420923000.0,1369565000.0,562640000.0,3025587000.0,106572000.0,1139739000.0,841043280.0,2626680280.0,26.3896255850234,2.434176382766956,0.4268459983222797,1.3357338856503835,0.011291820296346924,26.3896255850234,0.02618438859811545,1.056210196362102,5.651261086921465,0.5918992654774397,0.06015158845347525,1.7967195886349134,0.0026609807761617216,0.1790806722575683,1.593630029859235,0.00836746122239689,13.990572735590119,0.7595330309286636,0.5333333333333332,0.05600025897722614,0.1776968239075238,0.7083938919439303,0.5915978505150027,0.4605480097354165,-0.11061734326207062,0.015047623913642427,0.03837610437179537,0.2710366797570233,Airlines,Industrials,SKYW
2010Q3,2010,Q3,2010-11-05,2010-09-30,25474000.0,686858000.0,58282000.0,0.45,379998000.0,0.5532409901,4396164000.0,1402114000.0,1415688000.0,468380000.0,2994050000.0,92606000.0,1104771000.0,780377960.0,2640634960.0,25.082091554712797,3.0225201759255307,0.44198328360816386,1.3857867477252206,0.011308058519569028,25.082091554712797,0.0181682801826385,1.1361561778417082,7.6585730548794855,0.5565724042410246,0.08836460705032582,3.3136081895341554,0.002884499710883685,0.1562403040468918,2.13634228617789,0.005794597289819033,5.986743178034691,0.5532409901318759,0.3636363636363636,-0.12307606393267034,0.4290896311384659,0.7068030652535049,0.06433370958661622,0.3655320289466631,0.18247849375101444,-0.3424447448286646,-0.1307867079144869,0.26747773445242956,Airlines,Industrials,SKYW
2010Q2,2010,Q2,2010-08-06,2010-06-30,18655000.0,649759000.0,49288000.0,0.33,357029000.0,0.5494791146,4366970000.0,1384902000.0,1300411000.0,450468000.0,2982068000.0,90088000.0,1081535000.0,683537920.0,2596899920.0,24.758688501144164,2.886799950273937,0.4516957982308099,1.4243188326683043,0.00893797036881186,24.758688501144164,0.013470267210243036,1.0519868443530602,9.16025087108014,0.49356410778524407,0.12093272581077459,3.2493783855785456,0.003300475268438655,0.14878943523770485,1.9202518269888205,0.004271840658397012,10.072172580455028,0.5494791145640153,0.2692307692307693,-0.22310323665825874,0.7443696650036792,0.7378911550448697,0.1256139930513957,0.24250699347275875,0.16187737205629288,-0.47611242847843604,-0.1331060894726263,0.2898595020643529,Airlines,Industrials,SKYW
2010Q1,2010,Q1,2010-05-07,2010-03-31,15014000.0,632243000.0,42421000.0,0.26,317186000.0,0.5016836881,4399009000.0,1367206000.0,1280787000.0,464485000.0,3031803000.0,90469000.0,1065134000.0,797609400.0,2752631400.0,24.477772804583296,2.7574345780811007,0.4590722592292946,1.4770729502357363,0.007660116501642565,24.477772804583296,0.010981519975775414,1.2615551299104932,13.281094311975489,0.5833864099484642,0.15019315305714667,3.4824857133382707,0.0028271983755457242,0.14372396146495722,1.8003573850608738,0.0034130414372873525,-12.760525389562602,0.5016836880756291,-0.25714285714285706,-0.17392272247311205,0.9182496340142333,0.7749122996596364,-0.24315901997652067,-0.23005128205128206,-0.12260853378560053,-0.5033230497827129,-0.07778603081421646,0.28497487319426007,Airlines,Industrials,SKYW
2009Q4,2009,Q4,2010-02-23,2009-12-31,19500000.0,604401000.0,48349000.0,0.35,419092000.0,0.6934005735,4310802000.0,1352219000.0,1254099000.0,449835000.0,2958583000.0,89876000.0,1052375000.0,945066600.0000001,2833541600.0,24.2094530480709,2.7879088999299744,0.4558059034026615,1.453084892314041,0.00900786436511442,24.2094530480709,0.014420741019021327,1.563641688216929,12.116238461538462,0.6989005479142063,0.11548717948717949,2.0618296319373357,0.0023829008452949238,0.14020616117372128,1.8811897695821802,0.004523520217351667,-7.3083649749058495,0.6934005734603351,-0.30000000000000004,-0.05252240613689414,0.9101383574125238,0.7920567076472811,0.424194436326317,-0.31737030035706787,-0.235625187738131,-0.2818199455929436,-0.11905399253207105,0.32068970322063306,Airlines,Industrials,SKYW
2009Q3,2009,Q3,2009-11-06,2009-09-30,28566000.0,637748000.0,63253000.0,0.5,294266000.0,0.4614142263,4148265000.0,1332695000.0,1307807000.0,431123000.0,2815570000.0,102950000.0,1035128000.0,921930899.9999999,2659014900.0,23.967179210502653,3.0334892826409168,0.4448324781565305,1.384625139285433,0.012488510413575144,23.967179210502653,0.02143476189225592,1.4456037494433536,8.068428376391513,0.6917793643706924,0.07911503185605265,3.3363963088878097,0.0024513767788887433,0.15373849067019585,2.047568791273024,0.00688625244529942,18.18942290618526,0.46141422630882417,0.08695652173913039,0.3980748961987205,1.154552630553824,0.8335894714118287,0.020668939706632167,0.08951523704183989,0.058291087352975626,-0.1935114933404243,-0.07488826187253408,0.33548740065292365,Airlines,Industrials,SKYW
2009Q2,2009,Q2,2009-08-07,2009-06-30,26219000.0,698823000.0,59769000.0,0.46,288307000.0,0.4125608344,4082461000.0,1302371000.0,1274166000.0,428597000.0,2780090000.0,103915000.0,1008812000.0,567701400.0,2251455400.0,23.39994969186266,2.972876618361771,0.44501074229490495,1.3949473690676466,0.012108686993880406,23.39994969186266,0.020131744333987782,0.8123679386625798,5.413072580952744,0.43589837304424006,0.0860444715664213,3.9504980031756722,0.003973920092499332,0.17117689550494175,1.9118099286742558,0.006422351615851321,31.2456051516319,0.41256083443160857,1.8750000000000002,0.36377407246907295,1.7261780594945826,0.8148180774266176,-0.06621517015329505,1.7975885616730687,0.4640652557319224,-0.2449213145339094,0.0003038968280572761,0.34072425031240444,Airlines,Industrials,SKYW
2009Q1,2009,Q1,2009-05-07,2009-03-31,9372000.0,672642000.0,40824000.0,0.16,308751000.0,0.4590123721,4022368000.0,1282510000.0,1234600000.0,416557000.0,2739858000.0,104713000.0,984832000.0,703432240.0,2363098240.0,22.68082622997206,2.9638200774443835,0.4467497752567642,1.4011524276613827,0.009440140447446498,22.68082622997206,0.007307545360270095,1.0457750779761001,18.764197609901835,0.5484809007337175,0.2437046521553564,3.4751272525856387,0.0032469367625231394,0.16722537569909068,1.8243841779156273,0.0023299708032681245,241.14920809050395,0.4590123721087889,-0.5675675675675675,-0.5036492728239805,1.7198357007326734,0.8087213937091533,-0.6471570377515034,-0.5578828191338806,-0.49526470660962885,-0.7167142858738103,-0.05333183042779754,0.3949147714338053,Airlines,Industrials,SKYW
2008Q4,2008,Q4,2009-02-23,2008-12-31,21198000.0,743295000.0,80882000.0,0.37,875038000.0,1.1772418757,4014291000.0,1275521000.0,1220668000.0,386604000.0,2738770000.0,104383000.0,977736000.0,1051755600.0000001,2737351600.0,22.557227743783823,3.157411718450921,0.4512597616864348,1.420194571473147,0.01712465188497876,22.557227743783823,0.016619091336010933,1.4149908179121347,12.403948485706199,0.8245694112445032,0.06453439003679592,-1.2621116465324813,0.0013006824018811974,0.1851622117081198,1.9782128482892054,0.005280633616247552,-23.056220268759457,1.1772418757021101,-0.1777777777777778,0.245265732026089,2.2108511617590043,0.8453926759137227,4.641221029558714,-0.18955497782535555,0.3422393335435371,-0.42709665557774634,0.04679623647880395,0.4602946893850096,Airlines,Industrials,SKYW
2008Q3,2008,Q3,2008-11-06,2008-09-30,26156000.0,934112000.0,60259000.0,0.45,155115000.0,0.1660561046,4002771000.0,1264640000.0,1257071000.0,424077000.0,2738131000.0,108087000.0,958008000.0,911291460.0,2545506460.0,22.176162168797237,2.9642517750314212,0.44629308046850547,1.4125830275809717,0.012595399279864758,22.176162168797237,0.020682565789473684,0.9755698031927649,8.710156942957639,0.7205935760374493,0.0709588622113473,7.207129442023555,0.002036670024319113,0.2333663354711024,1.8921941062590049,0.0065344732436604545,11.711451447077572,0.1660561046212874,-0.2857142857142857,0.2555620288594041,3.1102865128421815,0.857694863261034,-0.07978026019945066,-0.2820991381676456,-0.17397979465668736,-0.11737716283637335,0.9051558561134357,0.5090584245216205,Airlines,Industrials,SKYW
2008Q2,2008,Q2,2008-08-08,2008-06-30,36434000.0,950820000.0,72951000.0,0.63,168563000.0,0.1772817147,4005940000.0,1232324000.0,1225086000.0,444130000.0,2773616000.0,111454000.0,933706000.0,725819050.0,2328580050.0,21.477665266570227,2.7583950645081394,0.45186897457275943,1.4688994128167592,0.01504977548657774,21.477665266570227,0.029565276664253883,0.7633611514271892,4.980368954822419,0.5889839441575431,0.047647801504089586,7.018653435498053,0.00239178070622423,0.23735253149073626,1.7238038412176615,0.009094993934007999,9.853103958514335,0.17728171473044319,0.3404255319148937,1.4574438194385722,3.4914800725019948,0.8480622943557693,0.04485300042770274,0.250308853809197,0.06931781536747676,0.47920539548484337,1.4885026048020795,0.5075856904157863,Airlines,Industrials,SKYW
2008Q1,2008,Q1,2008-05-09,2008-03-31,29140000.0,868023000.0,68222000.0,0.47,161327000.0,0.1858556743,3976983000.0,1216883000.0,1156221000.0,422821000.0,2760100000.0,108413000.0,899008000.0,1267474560.0,2854981560.0,20.276989985503143,2.7345401481950993,0.45955263072535135,1.501897059947423,0.014611509915236012,20.276989985503143,0.02394642705995564,1.4601854559153387,10.874009608785176,1.0415747117841239,0.06832532601235415,6.51855404794628,0.0015708402068440725,0.21826168228529014,1.596725328212175,0.007327162323801736,17.7743981825576,0.1858556743312101,-0.3088235294117648,1.1043795648787376,3.020575567792753,0.7888330964943572,-0.059876924511369334,-0.2867283497331963,-0.18418157466755955,0.49221201025060796,1.4511452418062465,0.4703085616762462,Airlines,Industrials,SKYW
2007Q4,2007,Q4,2008-02-27,2007-12-31,40854000.0,854715000.0,83624000.0,0.68,171602000.0,0.2007710172,3990525000.0,1246007000.0,1210139000.0,398219000.0,2744518000.0,105738000.0,871874000.0,1611349050.0,3339497050.0,20.762284838285037,3.03887810476145,0.4638362120272395,1.4855052981243284,0.018332795004565885,20.762284838285037,0.03278793778847149,1.8852471876590442,9.860411771185197,1.293210270889329,0.05306701914133255,6.460430498023416,0.0013454564670516297,0.2141861033322683,1.8835289124828298,0.010237750671904073,-80.97231407035176,0.20077101723966467,0.0,1.2061877353763277,2.9438523529241194,0.873782829690314,-0.06647735309157772,-0.048291285205115664,-0.09565367853010198,0.8475050768977938,1.5140719125167115,0.5368869233291892,Airlines,Industrials,SKYW
2007Q3,2007,Q3,2007-11-08,2007-09-30,42927000.0,875601000.0,92469000.0,0.68,183822000.0,0.2099380882,3975038000.0,1225769000.0,1187490000.0,429600000.0,2749269000.0,99593000.0,833189000.0,1590051140.0,3305263140.0,19.788980013561073,2.764175977653631,0.47430037146814696,1.538105466853869,0.018677184141058283,19.788980013561073,0.03502046470419794,1.8159540018798517,9.260204183846996,1.2971866150963192,0.04628788408227922,6.946060466097014,0.0012496453415957425,0.2202748753596821,1.8885265363128492,0.010799142045937673,14.344039656836655,0.2099380882388211,0.09677419354838718,0.7361307398309984,3.004497166642575,0.8260146644258094,0.02173852627132304,0.05674265176505342,0.04067300658376006,0.8859933859439272,1.6554790050589419,0.5139397542012081,Airlines,Industrials,SKYW
2007Q2,2007,Q2,2007-08-08,2007-06-30,40622000.0,855048000.0,88855000.0,0.62,179911000.0,0.2104104097,3982519000.0,1224844000.0,1173964000.0,429511000.0,2757675000.0,94551000.0,792247000.0,1516787470.0,3032883470.0,19.194872357430537,2.7332571226348104,0.4791472432397686,1.5579232947216135,0.017580104583068436,19.194872357430537,0.0331650397928226,1.7739208442099157,9.334766075033233,1.2383515533406704,0.04824971690217124,7.140453300335269,0.0012922047674879594,0.21470029395967727,1.6762318078000331,0.01020007688601109,79.1105966724039,0.210410409707993,0.16981132075471692,0.9205899146964225,3.084134320523061,0.8506761811379001,0.07753720839696943,0.1677015062665287,0.11661954131322652,0.8429427769794713,1.9093888246298958,0.4886870188560861,Airlines,Industrials,SKYW
2007Q1,2007,Q1,2007-05-10,2007-03-31,34788000.0,788968000.0,79575000.0,0.53,166965000.0,0.2116245526,3967063000.0,1224465000.0,1188912000.0,448331000.0,2742598000.0,94740000.0,753611000.0,1724605570.0,3178933570.0,19.04922291883819,2.6518621286504835,0.478024170526155,1.5487188282229383,0.01575455967715347,19.04922291883819,0.028410775318200195,2.185900530820008,12.393681513740368,1.4084564034088356,0.05593882948143038,6.565368376609668,0.0011283739504563935,0.19887962454843797,1.5814654797459913,0.008769207849736694,-20.222149431891467,0.21162455258007928,0.08163265306122457,0.844470495497258,3.008557566052413,0.9066501611529578,-0.004940581904001335,0.11332287899638366,0.008465662108558177,0.6207596686049105,1.806408290916666,0.5191129581208296,Airlines,Industrials,SKYW
