Quarters,Year,Quarter,FillingDate,Date,NetIncome,Revenue,OperatingIncome,EPSDiluted,GrossProfit,GrossProfitRatio,TotalAssets,CommonStockEquity,CurrentAssets,CurrentLiability,TotalLiability,Inventory,RetainedEarnings,MarketCap,EnterpriseValue,bookValuePerShare,currentRatio,debtToAssets,debtToEquity,roic,shareholdersEquityPerShare,roe,priceToSalesRatio,peRatio,pbRatio,payoutRatio,inventoryTurnover,dividendYield,assetTurnover,quickRatio,returnOnAssets,priceToFreeCashFlowsRatio,grossProfitMargin,epsdilutedGrowth,fiveYNetIncomeGrowthPerShare,fiveYRevenueGrowthPerShare,fiveYShareholdersEquityGrowthPerShare,grossProfitGrowth,netIncomeGrowth,operatingIncomeGrowth,threeYNetIncomeGrowthPerShare,threeYRevenueGrowthPerShare,threeYShareholdersEquityGrowthPerShare,Industry,Sector,Symbol
2023Q1,2023,Q1,2023-05-03,2023-03-31,122300000.0,1262800000.0,187600000.0,1.67,416800000.0,0.3300601837,5853000000.0,2348000000.0,2592300000.0,940000000.0,3416700000.0,1209400000.0,2030800000.0,5924694116.16,7689194116.16,32.38623905943741,2.7577659574468085,0.35793610114471214,0.8922487223168655,0.031081917594770688,32.38623905943741,0.05208688245315162,4.691712160405448,12.11098551954211,2.523293916592845,0.1929681112019624,0.6995204233504217,0.003983328006019656,0.21575260550145225,1.280531914893617,0.020895267384247393,160.56081615609756,0.3300601837187203,0.265151515151515,0.6350324797027347,0.5332006121726545,0.6662365888813844,0.40763255656872677,0.25823045267489714,0.47716535433070867,0.577391023282964,0.42341371373523723,0.3447266489319507,Tools & Accessories,Industrials,TKR
2022Q4,2022,Q4,2023-02-16,2022-12-31,97200000.0,1082000000.0,127000000.0,1.32,296100000.0,0.2736598891,5772400000.0,2268300000.0,2504000000.0,1012400000.0,3419500000.0,1191300000.0,1932100000.0,5135376465.9800005,6832176465.9800005,31.21499700400432,2.473330699328329,0.3513962996327351,0.8942379755764228,0.023250371103130784,31.21499700400432,0.04285147467266234,4.746188970406655,13.208272803446503,2.2639758700260106,0.23148148148148148,0.6596994879543356,0.004381373040331963,0.18744369759545423,1.121197155274595,0.016838749913380916,27.669054234806037,0.27365988909426986,0.11864406779661028,2.5557820328144523,0.4855914164412408,0.6794851905404009,-0.08271375464684015,0.11724137931034483,-0.03568716780561883,-0.1116029001040927,0.2524461150430844,0.25954548018017026,Tools & Accessories,Industrials,TKR
2022Q3,2022,Q3,2022-10-26,2022-09-30,87000000.0,1136400000.0,131700000.0,1.18,322800000.0,0.2840549102,5281900000.0,2093600000.0,2453500000.0,1209000000.0,3103100000.0,1132600000.0,1857400000.0,4320426522.24,5891926522.24,28.60970863957993,2.0293631100082714,0.35449364811904804,0.8943446694688575,0.025071153893494177,28.60970863957993,0.041555215896064195,3.8018536802534317,12.415018742068964,2.0636351367214365,0.2620689655172414,0.7183471658131733,0.005277256743664962,0.21514985137923853,0.9263854425144747,0.01647134553853727,44.13101657037794,0.2840549102428722,-0.16901408450704225,0.7265458727289685,0.564099011539732,0.5620734848206171,-0.05558806319485079,-0.17142857142857143,-0.25127913587265494,0.40051872538707434,0.2849603433916564,0.240088706427495,Tools & Accessories,Industrials,TKR
2022Q2,2022,Q2,2022-07-28,2022-06-30,105000000.0,1153700000.0,175900000.0,1.42,341800000.0,0.2962641935,5442500000.0,2203600000.0,2480400000.0,920500000.0,3153300000.0,1158000000.0,1793200000.0,3907684750.5,5489084750.5,29.91566297282353,2.694622487778381,0.34666054203031693,0.8561898711199855,0.02983939484327532,29.91566297282353,0.04764930114358323,3.3870891483921297,9.304011310714285,1.7733185471501178,0.2180952380952381,0.7011226252158894,0.0058602475537643806,0.21197978870004594,1.269853340575774,0.01929260450160772,104.48354947860963,0.2962641934645055,-0.11801242236024855,0.3465257956318485,0.6261614436665052,0.6808758201564402,0.04398289554062309,-0.13863822805578344,0.02089378990133488,0.17250451273805187,0.1916805448761418,0.33006715777164863,Tools & Accessories,Industrials,TKR
2022Q1,2022,Q1,2022-05-02,2022-03-31,121900000.0,1124600000.0,172300000.0,1.61,327400000.0,0.2911257336,5458500000.0,2271100000.0,2548300000.0,866200000.0,3103500000.0,1112600000.0,1711100000.0,4539276687.1,5979476687.1,30.369545525120145,2.941930270145463,0.3416139965191903,0.8210558760072212,0.031144284436452226,30.369545525120145,0.05367443089251905,4.036347756624578,9.309427167965547,1.9987128207036238,0.19278096800656275,0.7165198633830667,0.005177036259275352,0.20602729687643126,1.4510505656892172,0.022332142529999086,-127.86694893239438,0.2911257335941668,0.8505747126436782,2.316966334802184,0.660923147453005,0.7869042663407124,0.40454740454740457,0.8275862068965517,0.781799379524302,0.3477999687519695,0.1663857868671096,0.4084033821130632,Tools & Accessories,Industrials,TKR
2021Q4,2021,Q4,2022-02-15,2021-12-31,66700000.0,1007300000.0,96700000.0,0.87,233100000.0,0.2314107019,5170700000.0,2294900000.0,2213500000.0,896600000.0,2793000000.0,1042700000.0,1616400000.0,5241176946.46,6552776946.46,30.339296426044367,2.4687709123354895,0.3033825207418725,0.6835591964791494,0.018751120362209214,30.339296426044367,0.029064447252603598,5.203193632939541,19.6445912535982,2.283836745156652,0.3403298350824588,0.7424954445190372,0.004331088271181543,0.194809213452724,1.1019406647334373,0.012899607403252944,90.36511976655173,0.231410701876303,-0.23684210526315783,1.8393015445546164,0.5781667553020927,0.8466745848405453,-0.12989921612541994,-0.24290578887627695,-0.22204344328238135,0.12461766156176621,0.119695765173177,0.4697618045663719,Tools & Accessories,Industrials,TKR
2021Q3,2021,Q3,2021-11-01,2021-09-30,88100000.0,1037300000.0,124300000.0,1.14,267900000.0,0.2582666538127832,5145600000.0,2296900000.0,2195400000.0,846000000.0,2769200000.0,974100000.0,1576200000.0,4976406634.440001,6264806634.440001,30.1951205032322,2.5950354609929076,0.30126710199004975,0.6749096608472289,0.025793429289103303,30.1951205032322,0.03835604510427097,4.797461326944954,14.121471720885358,2.1665752250598636,0.25879682179341656,0.7898573041782158,0.004581619163154601,0.20158970771144277,1.2384160756501181,0.017121424129353233,79.36852686507179,0.2582666538127832,-0.16176470588235306,3.3816760971078867,0.6166137209582936,0.7568349079497989,-0.11379424412834932,-0.15935114503816794,-0.18223684210526317,0.24395044043810668,0.18992831760682802,0.4697811754748178,Tools & Accessories,Industrials,TKR
2021Q2,2021,Q2,2021-08-02,2021-06-30,104800000.0,1062900000.0,152000000.0,1.36,302300000.0,0.2844105748424123,5166200000.0,2290900000.0,2195000000.0,857300000.0,2798900000.0,919500000.0,1510900000.0,6134692691.63,7440092691.63,30.095008874999593,2.5603639332788988,0.3118152607332275,0.7031734252913702,0.029811687482680867,30.095008874999593,0.045746213278624125,5.771655557089096,14.634286001025762,2.6778526743332316,0.21851145038167938,0.8271886895051659,0.0037328683197520402,0.20574116371801324,1.295112562696839,0.0202857032248074,52.88528182439655,0.2844105748424123,-0.07482993197278903,1.4122413936574578,0.6307829136371221,0.7756260398714641,0.01036096256684492,-0.07502206531332745,0.008626410086264101,0.1703764852322284,0.1918624139079195,0.5298690180551845,Tools & Accessories,Industrials,TKR
2021Q1,2021,Q1,2021-04-28,2021-03-31,113300000.0,1025400000.0,150700000.0,1.47,299200000.0,0.2917885703140238,5106200000.0,2175500000.0,2143600000.0,916800000.0,2856100000.0,864800000.0,1429000000.0,6154322143.690001,7551122143.690001,28.692897589225513,2.338132635253054,0.3327523402921938,0.781015858423351,0.031149612097236924,28.692897589225513,0.0520799816134222,6.001874530612445,13.5797046418579,2.8289230722546543,0.21006178287731686,0.839731729879741,0.0038672008783943875,0.20081469585993497,1.2302574171029668,0.02218871176217148,2675.7922363869566,0.2917885703140238,1.1304347826086958,0.89209514735964,0.5772147243831028,0.6958032030006636,0.2619148038802193,0.8696369636963697,0.5253036437246964,0.4483807129760489,0.19044852091658146,0.4762182084943989,Tools & Accessories,Industrials,TKR
2020Q4,2020,Q4,2021-02-16,2020-12-31,60600000.0,891500000.0,98800000.0,0.69,237100000.0,0.2659562535053281,4565000000.0,2152900000.0,1742000000.0,848000000.0,2889000000.0,841000000.0,1339000000.0,5842137385.04,5689737385.04,28.508118351766505,2.0542452830188678,0.036779846659364734,0.07798783036834038,0.03050739509858428,28.508118351766505,0.028148079334850667,6.553154666337633,24.1012268359736,2.713612980184867,0.36303630363036304,0.7781212841854934,0.0037657450604183917,0.19529025191675795,1.0628537735849057,0.013274917853231106,69.13772053301776,0.2659562535053281,-0.4051724137931035,2.8396768484628376,0.3524369777737031,0.7616070109012614,-0.10087220326128175,-0.31756756756756754,-0.16974789915966387,1.133159752054879,0.17781032930214133,0.5338448559140615,Tools & Accessories,Industrials,TKR
2020Q3,2020,Q3,2020-10-29,2020-09-30,88800000.0,894600000.0,119000000.0,1.16,263700000.0,0.2947686116700201,4909100000.0,2028100000.0,1964500000.0,740400000.0,2810100000.0,789900000.0,2073400000.0,4078616109.64,5400716109.639999,26.961003204026955,2.653295515937331,0.33309567945244545,0.8062718800848084,0.024535217545542876,26.961003204026955,0.043784823233568367,4.559150580862956,11.482590398761262,2.0110527634929243,0.2376126126126126,0.7987086973034562,0.005173323360864771,0.18223299586482247,1.3853322528363048,0.018088855391008535,32.78630313215434,0.2947686116700201,0.4146341463414634,0.5579380441414626,0.4066638064578509,0.6906836541843082,0.1450282240555797,0.4345718901453958,0.03119584055459272,0.7143472393620126,0.1978125745665017,0.47205512505326147,Tools & Accessories,Industrials,TKR
2020Q2,2020,Q2,2020-08-03,2020-06-30,61900000.0,803500000.0,115400000.0,0.82,230300000.0,0.2866210329807094,4901000000.0,1883600000.0,2006900000.0,664800000.0,2933400000.0,784000000.0,2005700000.0,3415307636.4300003,4818607636.43,25.088505376799954,3.018802647412756,0.37112834115486637,0.9656508812911446,0.02089832571231452,25.088505376799954,0.032862603525164576,4.250538439863099,13.793649581704363,1.8131809494744109,0.3392568659127625,0.7311224489795919,0.006148787235445405,0.16394613344215467,1.6296630565583634,0.01263007549479698,15.335912152806468,0.2866210329807094,-0.22641509433962273,0.9168792510503035,0.25436715436618634,0.5813806650917198,-0.17425600573682323,-0.23296158612143741,-0.051766639276910435,-0.22118148573938504,0.11116073833864192,0.40965159588932526,Tools & Accessories,Industrials,TKR
2020Q1,2020,Q1,2020-05-01,2020-03-31,80700000.0,923400000.0,121700000.0,1.06,278900000.0,0.3020359540827377,4980000000.0,1817400000.0,2092200000.0,769800000.0,3079700000.0,819700000.0,1964800000.0,2440416954.36,4040416954.36,24.08388283608433,2.7178487918939984,0.3990963855421687,1.093595245955761,0.023048801736474736,24.08388283608433,0.04440409376031693,2.6428600328784926,7.560151655390336,1.3428067317926708,0.28376703841387857,0.7862632670489204,0.009383642397290887,0.18542168674698795,1.4323200831384775,0.016204819277108432,100.01708829344263,0.3020359540827377,-0.2837837837837837,1.6934689208676315,0.4848486135028515,0.5049532586774973,0.089453125,-0.2889867841409692,0.3016042780748663,1.1761300159645867,0.35149758889929317,0.4170641096440542,Tools & Accessories,Industrials,TKR
2019Q4,2019,Q4,2020-02-14,2019-12-31,113500000.0,896200000.0,93500000.0,1.48,256000000.0,0.28565052443650973,4859900000.0,1868200000.0,1874600000.0,736600000.0,2905100000.0,842000000.0,1907400000.0,4244821685.28,5793721685.280001,24.782747026760166,2.5449361933206625,0.36181814440626353,0.9412268493737287,0.02812470810621688,24.782747026760166,0.060753666630981695,4.736466955233207,9.34982750061674,2.272145212118617,0.18590308370044054,0.7603325415676959,0.004970762393428591,0.1844070865655672,1.199837089329351,0.023354390008024858,30.848994805813955,0.28565052443650973,0.761904761904762,1.8698950921136304,0.3824807985945961,0.39359043702123503,-0.07747747747747748,0.7679127725856698,-0.2689601250977326,3.8480365246201598,0.40891026394159463,0.5084617795409275,Tools & Accessories,Industrials,TKR
2019Q3,2019,Q3,2019-10-31,2019-09-30,64200000.0,914000000.0,127900000.0,0.84,277500000.0,0.30361050328227573,4565300000.0,1744800000.0,1807400000.0,704600000.0,2747800000.0,805300000.0,1815000000.0,3290592119.1,4787292119.1,23.070695258567515,2.5651433437411297,0.3675771581276148,0.9617721228794132,0.02369235248688703,23.070695258567515,0.03679504814305364,3.6002101959518598,12.813832239485981,1.8859422965955983,0.3302180685358255,0.7903886750279399,0.006442609485674679,0.2002059010360765,1.2507805847289242,0.014062602676713469,32.51573240217391,0.30361050328227573,-0.3,4.47630747366115,0.3754577260402485,0.26943936541950003,-0.09224730127576054,-0.30594594594594593,-0.11853893866299105,2.2115873657603498,0.4327434412511994,0.3423163115571831,Tools & Accessories,Industrials,TKR
2019Q2,2019,Q2,2019-07-31,2019-06-30,92500000.0,1000000000.0,145100000.0,1.2,305700000.0,0.3057,4674200000.0,1711300000.0,1866700000.0,696300000.0,2890600000.0,843800000.0,1772000000.0,3895570329.6000004,5447170329.6,22.491843962934368,2.6808846761453395,0.3676351033331907,1.0041488926547069,0.030337878730796186,22.491843962934368,0.05405247472681587,3.8955703296000004,10.528568458378379,2.276380722024192,0.23027027027027028,0.8228253140554633,0.005467748801287101,0.21394035342946385,1.306907941979032,0.019789482692225406,28.94183008618128,0.3057,0.008403361344537823,0.7617483032524036,0.5131521296136448,0.14148447374219966,0.010244547257105089,0.006528835690968444,-0.032021347565043365,1.1301578345274477,0.5350209727528148,0.327034126861097,Tools & Accessories,Industrials,TKR
2019Q1,2019,Q1,2019-05-01,2019-03-31,91900000.0,979700000.0,149900000.0,1.19,302600000.0,0.30887006226395836,4680700000.0,1638500000.0,1919600000.0,683600000.0,2974800000.0,839400000.0,1700800000.0,3448257613.3,5019557613.3,21.563101815018328,2.808074897600936,0.3868652124682206,1.1051571559353066,0.029461318798268517,21.563101815018328,0.05608788526090937,3.5197076791875066,9.380461407236128,2.1045209724137934,0.23177366702937977,0.8066476054324517,0.00617703268974031,0.20930630033969277,1.4248098303101229,0.01963381545495332,95.5196014764543,0.30887006226395836,0.5454545454545453,0.3350441816001227,0.07595470822044119,-0.23603665031540236,0.18899803536345777,0.5316666666666666,0.43582375478927204,0.5313626153113924,0.503626894156119,0.2744191140273234,Tools & Accessories,Industrials,TKR
2018Q4,2018,Q4,2018-12-31,2018-12-31,60000000.0,910100000.0,104400000.0,0.77,254500000.0,0.2796396000439512,4445200000.0,1579600000.0,1737200000.0,685600000.0,2802500000.0,835700000.0,1630200000.0,2855815930.68,4404915930.68,20.642321995158568,2.5338389731621938,0.3782956897327454,1.0645733096986578,0.02436014477191301,20.642321995158568,0.03798429982273993,3.1379144387210194,11.899233044499999,1.8079361424917701,0.35833333333333334,0.7844920425990188,0.0075284964163921525,0.20473769459191937,1.1605892648774796,0.013497705390083686,32.563465572177876,0.2796396000439512,-0.15384615384615385,0.3992607541465122,0.049944753276650634,-0.26508683968405594,0.00473746545598105,-0.16201117318435754,-0.03955841766329347,2.7975744932544786,0.3625471235372146,0.27555451746254495,Tools & Accessories,Industrials,TKR
2018Q3,2018,Q3,2018-09-30,2018-09-30,71600000.0,881300000.0,108700000.0,0.91,253300000.0,0.2874163168047203,4499500000.0,1579900000.0,1786300000.0,656600000.0,2859100000.0,841000000.0,1595400000.0,3833634240.75,5410034240.75,20.543956479424608,2.7205300030459947,0.3845093899322147,1.0950693081840623,0.02440208903227008,20.543956479424608,0.0453193240078486,4.349976444740724,13.385594416026537,2.426504361510222,0.30027932960893855,0.746730083234245,0.005608255417656591,0.19586620735637292,1.278708498324703,0.015912879208800978,33.628370532894735,0.2874163168047203,-0.21551724137931028,0.6884905888092566,0.022021181406339834,-0.17356551799387696,-0.05272999252056844,-0.21318681318681318,-0.13248204309656825,0.22873447492245116,0.3554796248180944,0.288280378485662,Tools & Accessories,Industrials,TKR
2018Q2,2018,Q2,2018-06-30,2018-06-30,91000000.0,906300000.0,125300000.0,1.16,267400000.0,0.2950457905770716,3528000000.0,1521800000.0,1699800000.0,711200000.0,1975700000.0,777400000.0,1545300000.0,3369034924.45,4270234924.45,19.671624511526662,2.390044994375703,0.2965986394557823,0.687606781443028,0.03672164068550643,19.671624511526662,0.05979760809567617,3.7173506834933243,9.255590451785713,2.213848682119858,0.23736263736263735,0.8218420375611011,0.006411331578441928,0.2568877551020408,1.1289370078740157,0.025793650793650792,41.95560304420921,0.2950457905770716,0.13725490196078421,0.35951191036602165,-0.004794551309860144,-0.18563920976600123,0.009437523593808984,0.13466334164588528,0.07924203273040482,1.7349036977112748,0.3731162634245748,0.23994339982641436,Tools & Accessories,Industrials,TKR
2018Q1,2018,Q1,2018-03-31,2018-03-31,80200000.0,883100000.0,116100000.0,1.02,264900000.0,0.2999660287623146,3549500000.0,1510900000.0,1645800000.0,702300000.0,2006700000.0,776800000.0,1475900000.0,3544677376.8,4494577376.8,19.436759026627588,2.3434429730884236,0.3004085082405973,0.7057383016744987,0.03333121017109311,19.436759026627588,0.05308094513204051,4.0139025895142115,11.049493069825438,2.3460701415050633,0.2630922693266833,0.7958290422245108,0.005952586866748442,0.2487956050147908,1.0862879111490815,0.0225947316523454,-57.080150995169085,0.2999660287623146,1.7567567567567568,0.31676312099415516,-0.0009287639413670614,-0.19302467914503893,0.25485551871151113,1.7465753424657535,0.7432432432432432,1.6690213584632905,0.37852402516697103,0.21456386556679816,Tools & Accessories,Industrials,TKR
2017Q4,2017,Q4,2018-02-15,2017-12-31,29200000.0,778000000.0,66600000.0,0.37,211100000.0,0.2713367609254499,3402400000.0,1442700000.0,1500100000.0,671700000.0,1927500000.0,738900000.0,1408400000.0,3815157179.5,4655857179.5,18.586050761162355,2.2332886705374424,0.28282976722313663,0.6670132390656408,0.013604088219472834,18.586050761162355,0.020239828100090108,4.903801001928021,32.66401694777397,2.6444563523255007,0.7157534246575342,0.7672215455406686,0.005478149134274745,0.22866212085586646,0.9624832514515409,0.00858217728662121,73.79414273694391,0.2713367609254499,-0.4558823529411765,-0.522251081898866,-0.11274785515293259,-0.20374024673610736,-0.027188940092165898,-0.4542056074766355,-0.18482252141982863,-0.2829688509277952,0.1655174405014123,0.04513606077563107,Tools & Accessories,Industrials,TKR
2017Q3,2017,Q3,2017-10-25,2017-09-30,53500000.0,771400000.0,81700000.0,0.68,217000000.0,0.2813067150635209,3363600000.0,1423000000.0,1474300000.0,568700000.0,1907700000.0,687500000.0,1400200000.0,3772090987.7,4640790987.7,18.31521302780795,2.5924037278002463,0.2990545843738851,0.7068868587491216,0.024198689451402133,18.31521302780795,0.03759662684469431,4.889928685117967,17.62659340046729,2.6508018184820803,0.3925233644859813,0.8064,0.0055672039906981595,0.22933761446069686,1.1946544751186918,0.015905577357593056,650.3605151206896,0.2813067150635209,-0.34615384615384615,-0.1798475677000075,-0.16263897536152924,-0.24303216700183566,0.0753221010901883,-0.3515151515151515,0.05829015544041451,3.819869306090396,0.1299851345302688,0.007774240999926658,Tools & Accessories,Industrials,TKR
2017Q2,2017,Q2,2017-07-27,2017-06-30,82500000.0,750600000.0,77200000.0,1.04,201800000.0,0.26885158539834797,3238500000.0,1387000000.0,1659500000.0,537900000.0,1818900000.0,617000000.0,1367700000.0,3604335390.0,4160835390.0,17.7976639404803,3.085145937906674,0.30927898718542535,0.7221341023792358,0.03586272503004517,17.7976639404803,0.05948089401586157,4.80193896882494,10.922228454545454,2.5986556524873827,0.25575757575757574,0.8894651539708266,0.005854061211545577,0.2317739694302918,1.7601784718349136,0.025474756831866605,76.36303792372881,0.26885158539834797,1.1666666666666667,-0.43917520871422844,-0.3025488275934559,-0.24767451442585522,0.11800554016620499,1.1596858638743455,0.30405405405405406,0.5340648077987638,0.10886527369190495,-0.09675004457530423,Tools & Accessories,Industrials,TKR
2017Q1,2017,Q1,2017-04-27,2017-03-31,38200000.0,703800000.0,59200000.0,0.48,180500000.0,0.2564649048025007,2815600000.0,1321100000.0,1270700000.0,498400000.0,1460800000.0,566200000.0,1306300000.0,3513477043.6000004,4021277043.6000004,16.995619797423174,2.5495585874799356,0.22634607188521097,0.48240102944515934,0.021487232952882643,16.995619797423174,0.028915297857845735,4.992152662119921,22.993959709424086,2.6595087757172053,0.5314136125654451,0.9242317202401978,0.005777752280174311,0.24996448359141923,1.2483948635634028,0.013567268077851968,128.22908918248177,0.2564649048025007,0.5483870967741935,-0.6924140230987417,-0.3790638194184918,-0.2415715561025752,0.09993906154783669,0.5850622406639004,0.7993920972644377,-0.45752464010146354,-0.2444091823841719,-0.39785886363704326,Tools & Accessories,Industrials,TKR
2016Q4,2016,Q4,2017-02-21,2016-12-31,24100000.0,654800000.0,32900000.0,0.31,164100000.0,0.25061087354917533,2758300000.0,1274900000.0,1204000000.0,452700000.0,1452300000.0,545800000.0,1528600000.0,3080714799.3,3591114799.3,16.429151446119064,2.659597967749061,0.23898778232969584,0.5170601615813005,0.012731458064980229,16.429151446119064,0.018903443407326064,4.704817958613317,31.9576223993776,2.416436425837321,0.8381742738589212,0.8990472700622939,0.0065569198435992335,0.23739259688938838,1.2962226640159045,0.008737265707138455,42.906891355153206,0.25061087354917533,0.19230769230769226,-0.7225902182018362,-0.3497945117862452,-0.21064310070879502,-0.020298507462686566,0.16990291262135923,-0.2240566037735849,-0.44576744225656034,-0.2550732107617963,-0.4150852014900044,Tools & Accessories,Industrials,TKR
2016Q3,2016,Q3,2016-10-27,2016-09-30,20600000.0,657400000.0,42400000.0,0.26,167500000.0,0.2547916032856708,2819100000.0,1339500000.0,1226800000.0,450500000.0,1453000000.0,575900000.0,1524700000.0,2738663414.62,3273563414.62,17.18722707899143,2.723196448390677,0.23550069171012025,0.4956326987681971,0.01288244766505636,17.18722707899143,0.015378872713699141,4.165901147885609,33.236206488106795,2.044541556267264,0.9854368932038835,0.8506685188400764,0.007412374916768186,0.23319499130928312,1.2914539400665928,0.007307296654960803,67.62131887950618,0.2547916032856708,-0.5438596491228069,-0.7678511147087885,-0.37786259513214887,-0.23999652694571905,-0.0811848601206802,-0.5412026726057907,-0.38372093023255816,-0.5206403748074315,-0.24772879929010372,-0.3085987539754698,Tools & Accessories,Industrials,TKR
2016Q2,2016,Q2,2016-07-28,2016-06-30,44900000.0,673600000.0,68800000.0,0.57,182300000.0,0.2706353919239905,2794400000.0,1333400000.0,1237100000.0,475000000.0,1435200000.0,555400000.0,1524400000.0,2412068465.94,2888668465.94,16.94895670553364,2.604421052631579,0.22638133409676495,0.4744262786860657,0.02421065666405943,16.94895670553364,0.033673316334183294,3.5808617368467934,13.430225311469933,1.8089609014099295,0.45434298440979953,0.8845876845516745,0.008457471372832684,0.241053535642714,1.2806315789473683,0.016067849985685657,18.654821855684457,0.2706353919239905,-0.26923076923076933,-0.5413286826311163,-0.3711999150299381,-0.24385387211648002,0.007739082365948038,-0.2873015873015873,0.3516699410609037,-0.34038907736632545,-0.27265121648552976,-0.29835150278145345,Tools & Accessories,Industrials,TKR
2016Q1,2016,Q1,2016-04-27,2016-03-31,63000000.0,684000000.0,50900000.0,0.78,180900000.0,0.2644736842105263,2850100000.0,1349700000.0,1274900000.0,442600000.0,1474500000.0,551300000.0,1499900000.0,2671489295.8900003,3222889295.8900003,16.91994539133695,2.8804789877993673,0.24164064418792322,0.5102615396013929,0.017355232573267303,16.91994539133695,0.04667703934207602,3.9056861051023395,10.601147999563493,1.9793208089871825,0.32857142857142857,0.9125702884092146,0.007748486970112992,0.2399915792428336,1.360822413014008,0.022104487561839935,116.65892121790395,0.2644736842105263,2.7727272727272725,-0.3171344878963324,-0.333741933968545,-0.19498377004433623,-0.05238344683080147,2.764705882352941,1.3537178596247395,0.00796955727489939,-0.2459220314967013,-0.2975177424221216,Tools & Accessories,Industrials,TKR
2015Q4,2015,Q4,2016-02-24,2015-12-31,-35700000.0,714400000.0,-143900000.0,-0.44,190900000.0,0.26721724524076146,2785300000.0,1324500000.0,1206400000.0,505300000.0,1440700000.0,543200000.0,1457600000.0,2339950093.86,2868050093.86,16.183018218791815,2.387492578666139,0.23613255304635047,0.4965647414118535,-0.016265203347769833,16.183018218791815,-0.02695356738391846,3.275406066433371,-16.38620513907563,1.7666667375311438,-0.5966386554621849,0.9637334315169367,0.009102758240823568,0.2564894266326787,1.156144864436968,-0.012817290776577029,26.59034197568182,0.26721724524076146,-1.5866666666666667,-1.4707007204579636,-0.20560218593156365,-0.18080814415270816,-0.02302968270214944,-1.5630914826498423,-3.157421289355322,-1.553964009783911,-0.22730984284636066,-0.3066904712814645,Tools & Accessories,Industrials,TKR
2015Q3,2015,Q3,2015-10-28,2015-09-30,63400000.0,707400000.0,66700000.0,0.75,195400000.0,0.2762227876731694,2946600000.0,1334300000.0,1378900000.0,605600000.0,1595000000.0,595400000.0,1514600000.0,2300141383.19,2869741383.19,15.94680538686265,2.276915455746367,0.2459105409624652,0.5430562841939593,0.03608874098221874,15.94680538686265,0.047515551225361614,3.2515428091461693,9.069958135607255,1.7238562416173273,0.3422712933753943,0.8599261001007726,0.009434202679273957,0.24007330482590103,1.0317040951122853,0.02151632389873074,19.296488114010067,0.2762227876731694,0.7441860465116279,0.039043768155735445,-0.23090138331493568,-0.13494936705736957,-0.04729400292540224,0.7275204359673024,-0.08879781420765027,-0.09750836148021869,-0.28696426242064943,-0.3409184649608406,Tools & Accessories,Industrials,TKR
2015Q2,2015,Q2,2015-07-30,2015-06-30,36700000.0,728000000.0,73200000.0,0.43,205100000.0,0.28173076923076923,2887600000.0,1353700000.0,1436000000.0,594000000.0,1516500000.0,574200000.0,1472900000.0,3120391055.82,3521391055.82,15.86493747559815,2.4175084175084174,0.22087546751627649,0.4711531358498929,0.020806445411014837,15.86493747559815,0.0271108812883209,4.286251450302198,21.25606986253406,2.305083146797666,0.6021798365122616,0.9106583072100314,0.0070824456309026285,0.25211248095304056,1.2193602693602694,0.01270951655353927,48.228609827202476,0.28173076923076923,1.2792207792207793,-0.5160979483470072,-0.18759311768322817,-0.06819894868754017,0.012839506172839505,1.2714497041420119,1.496607869742198,-0.772139674175939,-0.382174224676671,-0.3293728418601255,Tools & Accessories,Industrials,TKR
2015Q1,2015,Q1,2015-05-01,2015-03-31,-135200000.0,722500000.0,-147400000.0,-1.54,202500000.0,0.28027681660899656,2820400000.0,1403000000.0,1363800000.0,519400000.0,1404200000.0,580300000.0,1458300000.0,3694440769.6,4063440769.6,16.003076970808014,2.625721986907971,0.1855765139696497,0.3730577334283678,-0.0660751264735741,16.003076970808014,-0.09636493228795438,5.113412829896194,-6.831436334319527,2.63324359914469,-0.16198224852071005,0.8960882302257454,0.005927825445248952,0.2561693376825982,1.2435502502887947,-0.04793646291306198,-1368.311396148148,0.28027681660899656,-4.276595744680851,-6.192730935499973,-0.13087506176253677,-0.042864810526965925,-0.08288043478260869,-3.9075268817204303,-3.9072978303747536,-1.9652156811687638,-0.4348287473316667,-0.28586371610990957,Tools & Accessories,Industrials,TKR
2014Q4,2014,Q4,2015-03-02,2014-12-31,46500000.0,762200000.0,50700000.0,0.47,220800000.0,0.2896877459984256,3001400000.0,1576200000.0,1481900000.0,533800000.0,1412300000.0,585500000.0,1615400000.0,3782870268.32,4034170268.32,17.783379082115886,2.7761333832896216,0.17661757846338375,0.3363151884278645,0.02334123171610709,17.783379082115886,0.029501332318233726,4.963094028234059,20.338012195268817,2.3999938258596627,0.4752688172043011,0.9246797608881298,0.0058421247445566695,0.25394815752648764,1.4134507306107156,0.015492770040647698,52.61293836328234,0.2896877459984256,3.9375,3.5043963137937215,0.06976518452463827,0.08622351942947004,-0.020842572062084258,3.1232876712328768,9.311475409836065,-0.5313791231811489,-0.33736426072117204,-0.14557772400990143,Tools & Accessories,Industrials,TKR
2014Q3,2014,Q3,2014-11-10,2014-09-30,-21900000.0,788000000.0,-6100000.0,-0.16,225500000.0,0.28616751269035534,3106700000.0,1629900000.0,1499700000.0,562100000.0,1462800000.0,618300000.0,1594800000.0,3801680852.04,4094880852.04,18.173924558376644,2.668030599537449,0.17104966684906814,0.32603227191852263,-0.0023216313956803177,18.173924558376644,-0.013436407141542426,4.824468086345178,-43.398183242465755,2.3324626369961345,-1.0273972602739727,0.9097525473071325,0.00591843473339599,0.2536453471529275,1.2931862657890054,-0.007049280587118164,93.40739194201474,0.28616751269035534,-1.2352941176470589,0.5314902643004922,0.10659870177751923,0.11130419494591742,-0.034674657534246575,-1.3492822966507176,-1.0667396061269148,-1.2144707948377746,-0.3519515216599447,-0.19636566620592646,Tools & Accessories,Industrials,TKR
2014Q2,2014,Q2,2014-08-11,2014-06-30,62700000.0,789200000.0,91400000.0,0.68,233600000.0,0.2959959452610238,3265200000.0,1790300000.0,1562100000.0,849900000.0,1461100000.0,625000000.0,1642200000.0,6163914382.08,6359914382.08,19.704029691440265,1.8379809389339923,0.15031238515251746,0.27414399821259006,0.027088487701448706,19.704029691440265,0.03502206334133944,7.810332465889508,24.577011092822968,3.4429505569345924,0.36044657097288674,0.88896,0.003666501284590146,0.241700355261546,0.9192846217202024,0.01920249908122014,132.27284081716738,0.2959959452610238,-0.2444444444444444,2.0283998620512005,0.007486938401449415,0.19647246268351445,-0.1972508591065292,-0.24910179640718563,-0.1954225352112676,-0.4454132305036918,-0.3621121768210786,-0.12094142349068175,Tools & Accessories,Industrials,TKR
2014Q1,2014,Q1,2014-04-29,2014-03-31,83500000.0,1104500000.0,113600000.0,0.9,291000000.0,0.2634676324128565,4418000000.0,2601600000.0,1869600000.0,982200000.0,1803600000.0,829700000.0,2646800000.0,5417905134.1,5648905134.1,28.22530926898608,1.9034819792302993,0.10848800362154822,0.1842327798277983,0.0235690488274264,28.22530926898608,0.032095633456334566,4.905301162607515,16.221272856586825,2.0825281112007996,0.27664670658682633,0.9804748704350971,0.004263640545237653,0.25,0.882203217267359,0.01889995473064735,-398.375377507353,0.2634676324128565,0.6363636363636362,98.99244352402143,0.19818388960550687,0.7008277922720819,0.10352673492605233,0.5874524714828897,0.24153005464480876,-0.21671901879106356,-0.06891661992886595,0.34290220987861214,Tools & Accessories,Industrials,TKR
2013Q4,2013,Q4,2014-02-28,2013-12-31,52600000.0,1063300000.0,91500000.0,0.55,263700000.0,0.2480015047493652,4477900000.0,2636600000.0,1937500000.0,980100000.0,1829300000.0,809900000.0,2586400000.0,5169360267.93,5260660267.93,28.08811041876607,1.9768390980512192,0.10627749614774783,0.18049761055905333,0.01731008952009154,28.08811041876607,0.019949935523022076,4.861619738483966,24.569202794344108,1.9606160463968747,0.40874524714828897,0.9872823805408075,0.0041591219968519205,0.23745505705799594,0.970615243342516,0.011746577636838697,82.31465394792994,0.2480015047493652,0.018518518518518535,2.4884884813267405,-0.10158111057853318,0.6443785625824031,0.04767580452920143,0.007662835249042145,0.028089887640449437,-0.395309554316888,0.030915629727420058,0.42183312099802284,Tools & Accessories,Industrials,TKR
2013Q3,2013,Q3,2013-11-04,2013-09-30,52200000.0,1061500000.0,89000000.0,0.54,251700000.0,0.2371172868582195,4192000000.0,2353300000.0,2050000000.0,978400000.0,1825800000.0,856100000.0,2555300000.0,5717926603.599999,5776426603.599999,24.85854223985828,2.095257563368765,0.11369274809160305,0.20252411507245144,0.019447802285962733,24.85854223985828,0.022181617303361236,5.386647765991521,27.3847059559387,2.4297482699188375,0.41762452107279696,0.9459175329984815,0.0038125707990506116,0.25322041984732824,1.0341373671300083,0.012452290076335878,121.39971557537154,0.2371172868582195,-0.3720930232558139,-0.5946115453854275,-0.27490792934133895,0.08007860804378784,-0.16683217477656406,-0.3695652173913043,-0.3446244477172312,-0.2438756204222419,0.02003512584530818,0.34847683764523346,Tools & Accessories,Industrials,TKR
2013Q2,2013,Q2,2013-07-31,2013-06-30,82800000.0,1126500000.0,135800000.0,0.86,302100000.0,0.2681757656458056,4106300000.0,2311600000.0,2003100000.0,662900000.0,1778500000.0,818600000.0,2524900000.0,5595287527.05,5660987527.05,24.15590822573151,3.0217227334439585,0.11263180965832989,0.20007786814327738,0.031445251822179054,24.15590822573151,0.03581934590759647,4.966966291211718,16.893984079257244,2.4205258379693717,0.2669082125603865,1.007085267529929,0.003949752339474817,0.27433455909212673,1.5402021421028813,0.020164138031804786,59.77871289583334,0.2681757656458056,0.11688311688311684,-0.06962491531941571,-0.26682605121049463,0.06062002872595495,0.1005464480874317,0.10252996005326231,0.13450292397660818,-0.026543643858525548,0.12090333116186276,0.41875760397822087,Tools & Accessories,Industrials,TKR
2013Q1,2013,Q1,2013-04-29,2013-03-31,75100000.0,1089900000.0,119700000.0,0.77,274500000.0,0.2518579686209744,4165100000.0,2308600000.0,2073200000.0,676600000.0,1842200000.0,833800000.0,2464200000.0,5337800180.5,5352400180.5,24.085939835229468,3.06414425066509,0.11344265443806871,0.20466949666464523,0.02836589863830416,24.085939835229468,0.032530537988391235,4.897513698963207,17.76897530126498,2.312137304210344,0.29427430093209056,0.9779323578795874,0.004140282373389604,0.2616743895704785,1.5741945019213717,0.018030779573119493,-53.754281777442095,0.2518579686209744,-0.012820512820512832,-0.1196308116381212,-0.24779482063733382,0.10455262838622599,-0.01436265709156194,-0.0026560424966799467,0.047244094488188976,1.6383241216382496,0.19922340368709096,0.4405667503744099,Tools & Accessories,Industrials,TKR
2012Q4,2012,Q4,2013-02-13,2012-12-31,75300000.0,1080300000.0,114300000.0,0.78,278500000.0,0.25779875960381377,4244700000.0,2232200000.0,2174100000.0,667900000.0,1998100000.0,862100000.0,2411200000.0,4574052349.16,4466652349.16,23.34169306558265,3.255128013175625,0.1128466087120409,0.2145865065854314,0.030418635580071185,23.34169306558265,0.03373353642146761,4.234057529538092,15.186096776759626,2.049122994875011,0.2948207171314741,0.9300545180373506,0.004853464347446069,0.2545056187716446,1.6965114538104507,0.017739769595024383,30.59566788735786,0.25779875960381377,-0.06024096385542161,0.5474435160062486,-0.20055306135826517,0.1298345460107904,-0.06825025092004015,-0.069221260815822,-0.14892032762472077,4.758732042238912,0.40527130539604295,0.4257299399661091,Tools & Accessories,Industrials,TKR
2012Q3,2012,Q3,2012-10-29,2012-09-30,80900000.0,1142500000.0,134300000.0,0.83,298900000.0,0.26161925601750546,4218500000.0,2331400000.0,2233700000.0,797900000.0,1872700000.0,928100000.0,2358100000.0,3578690512.08,3582090512.08,24.195497126034898,2.7994736182479008,0.11589427521630911,0.20970232478339196,0.030147578156945836,24.195497126034898,0.034700180149266534,3.1323330521487964,11.058994165883808,1.5349963593034228,0.27070457354758964,0.9089537765327013,0.006119556839596985,0.27083086405120305,1.397794209800727,0.01917743273675477,61.595361653700515,0.26161925601750546,-0.5537634408602151,0.9525304762778594,-0.09830769153432453,0.3228760712603718,-0.2077922077922078,-0.559368191721133,-0.32034412955465585,2.610842291351427,0.4933105866002855,0.47951298953594024,Tools & Accessories,Industrials,TKR
2012Q2,2012,Q2,2012-07-31,2012-06-30,183600000.0,1343200000.0,197600000.0,1.86,377300000.0,0.28089636688505065,4404800000.0,2301000000.0,2365500000.0,827700000.0,2089600000.0,943300000.0,2299100000.0,4453793060.33,4438093060.33,23.65686698344113,2.857919536063791,0.1121957864148202,0.2147761842677097,0.04381556525327153,23.65686698344113,0.07979139504563233,3.315807817398749,6.064533034218409,1.9355902044024336,0.12200435729847495,1.0239584437612637,0.00502942092202647,0.30494006538321833,1.4807297329950466,0.04168180167090447,21.641365696452866,0.28089636688505065,0.17721518987341772,2.1993464607676945,-0.040218796198100766,0.32172415666119564,-0.08333333333333333,0.1791907514450867,-0.19902715849209565,3.813056878425259,0.60178565022233,0.4364975257497795,Tools & Accessories,Industrials,TKR
2012Q1,2012,Q1,2012-05-02,2012-03-31,155700000.0,1421000000.0,246700000.0,1.58,411600000.0,0.2896551724137931,4373500000.0,2183800000.0,2316500000.0,816500000.0,2175300000.0,993100000.0,2137900000.0,4944711181.900001,5094011181.900001,22.408995778277774,2.837109614206981,0.11537670058305705,0.2310651158531001,0.06027486511249109,22.408995778277774,0.071297737888085,3.479740451724138,7.939484877809892,2.2642692471380164,0.14450867052023122,1.016413251434901,0.004550316322288089,0.3249113981936664,1.36840171463564,0.03560077740939751,-58.37911666942149,0.2896551724137931,0.4234234234234234,0.9971383841685646,0.06698498567537284,0.348227299151019,0.20140105078809106,0.4271310724106325,0.4545990566037736,175.35211245420626,0.45801899311663247,0.3503427882181618,Tools & Accessories,Industrials,TKR
2011Q4,2011,Q4,2012-02-17,2011-12-31,109100000.0,1264700000.0,169600000.0,1.11,342600000.0,0.2708942832292243,4352100000.0,2028300000.0,2292300000.0,844600000.0,2309600000.0,964400000.0,2004700000.0,3772364403.85,3822664403.85,20.813337364722415,2.714065829978688,0.1183566554077342,0.2539565153083863,0.045277136250121086,20.813337364722415,0.05378888724547651,2.9828136347355105,8.644281402039415,1.8598651106098703,0.1778185151237397,0.9561385317295727,0.005142663306917207,0.2905953447760851,1.3145867866445655,0.025068357804278393,20.98089212374861,0.2708942832292243,-0.008928571428571435,1.9767205568347284,0.2636035881488684,0.32524327131763847,-0.00203903291581707,-0.017117117117117116,-0.09304812834224599,3.973827284784044,0.029299676516523585,0.218487298293966,Tools & Accessories,Industrials,TKR
2011Q3,2011,Q3,2011-11-02,2011-09-30,111000000.0,1321800000.0,187000000.0,1.12,343300000.0,0.2597215917688001,4123000000.0,2204700000.0,2266500000.0,845700000.0,1898300000.0,949200000.0,1915000000.0,3199615859.58,3308815859.58,22.61466912765527,2.680028378857751,0.12420567547902013,0.2322765002041094,0.042363333456094006,22.61466912765527,0.05034698598448768,2.420650521697685,7.206342026081081,1.451270403946115,0.17567567567567569,1.0308680994521702,0.006094481605226098,0.3205918020858598,1.3229277521579756,0.02692214406985205,65.16529245580448,0.2597215917688001,-0.081967213114754,1.2871531218985366,-0.004093464320919116,0.24578974245512403,-0.020542082738944364,-0.08641975308641975,-0.01888772298006296,-0.16292142683489882,-0.12323888846471315,-0.01741541732062661,Tools & Accessories,Industrials,TKR
2011Q2,2011,Q2,2011-08-04,2011-06-30,121500000.0,1329600000.0,190600000.0,1.22,350500000.0,0.26361311672683513,4175100000.0,2188700000.0,2470800000.0,755900000.0,1968800000.0,928900000.0,1823500000.0,4921296559.2,4809396559.2,22.414922302087792,3.2686863341711865,0.12476347871907259,0.23799515694247728,0.04680569115799287,22.414922302087792,0.055512404623749255,3.701336160649819,10.126124607407407,2.2485021059076167,0.16049382716049382,1.054042415760577,0.003962370437429989,0.3184594380972911,1.7880672046567005,0.029101099374865273,-1025.2701164999999,0.26361311672683513,0.07964601769911513,0.5536736091377573,-0.08509604918479803,0.2583151773205859,0.05160516051605161,0.07808340727595386,0.04782847718526663,0.33796368938411375,-0.15191935799128084,-0.015821913472662746,Tools & Accessories,Industrials,TKR
2011Q1,2011,Q1,2011-05-02,2011-03-31,112700000.0,1254100000.0,181900000.0,1.13,333300000.0,0.265768280041464,4180600000.0,2048100000.0,2417400000.0,743200000.0,2114300000.0,917500000.0,1721500000.0,5096341544.7,4981141544.7,21.0181419476087,3.252691065662002,0.12495813997990719,0.25506567062155167,0.047038513907800034,21.0181419476087,0.05502661002880719,4.063744154931824,11.305105467391304,2.4883265195547093,0.15616681455190773,1.0035967302452315,0.003453457709933771,0.2999808639908147,1.7627825618945103,0.026957852939769412,-23.40992900643087,0.265768280041464,0.2417582417582416,0.6301611293691827,-0.1120380838710986,0.24248984709683968,0.254894578313253,0.24806201550387597,0.7574879227053141,0.2995023548602777,-0.14864617410173406,-0.036132943499698596,Tools & Accessories,Industrials,TKR
2010Q4,2010,Q4,2011-02-22,2010-12-31,90300000.0,1070700000.0,103500000.0,0.91,265600000.0,0.24806201550387597,4180400000.0,1925000000.0,2399200000.0,719900000.0,2238600000.0,828500000.0,1626400000.0,4651020686.969999,4287620686.9699993,19.754857306355525,3.3326850951521045,0.12288297770548273,0.26685714285714285,0.036790388617181584,19.754857306355525,0.04690909090909091,4.3439064975903605,12.876579975,2.416114642581818,0.1937984496124031,0.971756185878093,0.003762614956546393,0.25612381590278444,1.9359633282400333,0.02160080375083724,-84.1052565455696,0.24806201550387597,0.263888888888889,-0.09225459938291436,-0.20283890577137526,0.22643647055582297,0.001886080724254998,0.2844950213371266,-0.1509433962264151,0.8211742149170783,-0.2223986902840826,-0.043783149169046756,Tools & Accessories,Industrials,TKR
2010Q3,2010,Q3,2010-11-04,2010-09-30,70300000.0,1059700000.0,121900000.0,0.72,265100000.0,0.25016514107766347,4249000000.0,1777100000.0,2368800000.0,715500000.0,2455000000.0,771400000.0,1553600000.0,3697926709.12,3291126709.12,18.43453409497734,3.3106918238993712,0.11602730054130383,0.2774182657138034,0.03499098387338651,18.43453409497734,0.039558831804625515,3.489597724941021,13.15052172517781,2.080877108277531,0.17780938833570412,1.0300751879699248,0.0033802725103155547,0.2493998587903036,2.029350104821803,0.01654506942810073,29.071750857861634,0.25016514107766347,-0.18181818181818185,0.6786803539815235,-0.19889346714083697,0.20392741837389217,-0.011926947446887812,-0.17873831775700935,-0.03712480252764613,0.695927046387615,-0.16403589047186504,0.007898449535821497,Tools & Accessories,Industrials,TKR
2010Q2,2010,Q2,2010-08-05,2010-06-30,85600000.0,1011400000.0,126600000.0,0.88,268300000.0,0.2652758552501483,4005100000.0,1639700000.0,2114300000.0,590800000.0,2346800000.0,699500000.0,1495800000.0,2502969211.1299996,2200169211.1299996,17.02609956626694,3.578706838185511,0.12319292901550523,0.3009087028114899,0.04048851744989892,17.02609956626694,0.05220467158626578,2.4747569815404384,7.310073630636682,1.5264799726352383,0.14731308411214952,1.0623302358827733,0.005038016426221656,0.2525280267658735,2.194482058226134,0.021372749744076304,16.374151753095948,0.2652758552501483,1.9333333333333336,0.20374242142170246,-0.2770523647911003,0.15678686923795826,0.2048084565608848,1.9912289897613307,0.5051896943252209,0.506511750641127,-0.27009780531566946,-0.048741022798771606,Tools & Accessories,Industrials,TKR
2010Q1,2010,Q1,2010-05-05,2010-03-31,28617000.0,913690000.0,84109000.0,0.3,222691000.0,0.2437270846786109,3988114000.0,1611119000.0,2058991000.0,600989000.0,2358625000.0,689372000.0,1422782000.0,2891767711.3700004,2698332711.3700004,16.719766598090246,3.426004469299771,0.12935086609861202,0.3201911218227828,0.015207916539686185,16.719766598090246,0.01776218888859234,3.164933086024801,25.26267351023867,1.7948815148787893,0.3036656532830136,1.002360119064888,0.0030050823120516264,0.22910328039770178,1.9939716034736077,0.007175572212830426,-103.79267475575178,0.2437270846786109,2.4371257485029942,-0.5369242150336314,-0.3399854349165075,0.16073989490334598,0.28575222720685456,2.4176657089071636,5.027051613521019,-0.6287754343894303,-0.3061650697132639,0.005937347037649591,Tools & Accessories,Industrials,TKR
2009Q4,2009,Q4,2010-02-25,2009-12-31,-20186000.0,774606000.0,-20886000.0,-0.20875,173199000.0,0.22359625409563055,4006893000.0,1577584000.0,2022560000.0,540433000.0,2411325000.0,671236000.0,1402855000.0,2284698848.27,2041820848.27,16.371749243154355,3.742480566508707,0.1279462665960883,0.32496970050406193,-0.001899254079531372,16.371749243154355,-0.012795515167496628,2.9494980006222518,-28.295586647552764,1.4482264324879057,-0.4290102050926385,0.8959695248764965,0.003790433914980721,0.19331836412901468,2.1589558742711863,-0.005037818579133508,17.55489103214851,0.22359625409563055,0.5985576923076923,-1.2954594282366085,-0.3854996108404737,0.17071936344560892,0.3368040011731835,0.5973108841366103,-8.721256931608133,-1.5570018569766537,-0.217296552644427,0.04243496100555875,Tools & Accessories,Industrials,TKR
2009Q3,2009,Q3,2009-11-09,2009-09-30,-50128000.0,763644000.0,2705000.0,-0.52,129562000.0,0.169662827181252,4458021000.0,1572834000.0,2316697000.0,881507000.0,2867048000.0,716948000.0,1431701000.0,2253405812.13,2671444812.13,16.353690232637963,2.628109589600536,0.17965752068014035,0.5092190275642566,0.0018276259000234371,16.353690232637963,-0.03187113198214179,2.9508590549130225,-11.238259117309688,1.4327041583091416,-0.16896744334503672,0.8844183957553406,0.003758754838745114,0.17129663588394942,0.9543554390379203,-0.011244451293522395,15.590619721937788,0.169662827181252,0.22388059701492538,-3.6911639309247044,-0.3472119038231925,0.28723122999779743,0.09026801868136491,0.2230264891423966,1.0345047515785446,-2.0469954209956716,-0.416775282693671,-0.09911308327767418,Tools & Accessories,Industrials,TKR
2009Q2,2009,Q2,2009-08-05,2009-06-30,-64517000.0,828927000.0,-78395000.0,-0.67,118835000.0,0.1433600304972573,4222155000.0,1583404000.0,1818777000.0,805775000.0,2621008000.0,930141000.0,1490299000.0,1642204577.7199998,1957660577.7199998,16.468435593784566,2.257177251714188,0.14034112911534513,0.37422035058645803,-0.02647691720199478,16.468435593784566,-0.04074576039974637,1.981120867965454,-6.363456831997768,1.0371355495628405,-0.13506517662011563,0.7634240400111381,0.005306281640073324,0.19632794153696395,0.9210437156774534,-0.015280585388267365,8.424153984405457,0.1433600304972573,-68.0,-3.375165786319299,-0.3158189108211655,0.3203320971366222,-0.2188383313831955,-75.15747126436781,-47.57187112763321,-1.8378519480008255,-0.4207308627451834,-0.07550505082698764,Tools & Accessories,Industrials,TKR
2009Q1,2009,Q1,2009-05-07,2009-03-31,870000.0,960378000.0,-1614000.0,0.01,152126000.0,0.15840221246217634,4317873000.0,1593603000.0,1871133000.0,884321000.0,2707007000.0,1060399000.0,1563530000.0,1340562885.6000001,1858824885.6000001,16.595042365388906,2.115897960129862,0.1459686285353923,0.395502518506805,-0.001652648906561236,16.595042365388906,0.000545932707204994,1.395870048668337,385.21922,0.8412150865679846,20.02758620689655,0.7622149775697639,0.01299752528371803,0.2224192328028175,0.7359499548240966,0.0002014880937906233,344.97243582089556,0.15840221246217634,1.0265632470913244,-0.9715938039479534,-0.18752356156661518,0.3381342576507217,-0.15218021311694682,1.0240657243229787,0.9521323921940803,-0.9872302929707462,-0.3099835597723275,-0.01898218679203726,Tools & Accessories,Industrials,TKR
2008Q4,2008,Q4,2009-02-26,2008-12-31,-36151000.0,1210757000.0,-33718000.0,-0.37646,179432000.0,0.14819819336167372,4536050000.0,1640297000.0,2033465000.0,798313000.0,2895753000.0,1145695000.0,1580084000.0,1885046521.8,2392580521.8,17.081292019919847,2.5472026636169023,0.13752934822147023,0.38032136863019317,-0.012657711884046425,17.081292019919847,-0.022039301419194208,1.556915650126326,-13.035922393571408,1.1492104916365753,-0.4807335896655694,0.9001741301131627,0.0092194011123954,0.26691879498682775,0.9090457001201283,-0.007969709328600876,10.143493374874891,0.14819819336167372,-1.2788592592592594,-2.49381324712161,0.10144232056083152,0.3993486369296068,-0.5588706743108891,-1.2772039597279412,-1.1607394836199993,-1.368766690338566,-0.08527543095170177,0.06045410364488423,Tools & Accessories,Industrials,TKR
2008Q3,2008,Q3,2008-11-07,2008-09-30,130413000.0,1482684000.0,209768000.0,1.35,406756000.0,0.2743376201537212,4707119000.0,2206702000.0,2377332000.0,1054895000.0,2500417000.0,1297928000.0,1633614000.0,2718169026.3,3362669026.3,23.01549355271601,2.253619554552823,0.1570406441817171,0.334983609023783,0.046688752319170114,23.01549355271601,0.0590986005360035,1.8332760226049516,5.210694152998551,1.2317789290534018,0.13322291489345386,0.8289581548437202,0.006391802655352037,0.31498757520258147,0.8620867479701771,0.027705481845689477,17.44003532895328,0.2743376201537212,0.4673913043478261,92.28526602687916,0.4106854646221726,1.0483355266123222,0.18331083597095513,0.4662536680795566,0.4433511772881776,2.13104906347282,0.12696971340233218,0.5031019277602418,Tools & Accessories,Industrials,TKR
2008Q2,2008,Q2,2008-08-05,2008-06-30,88943000.0,1535549000.0,145334000.0,0.92,343744000.0,0.22385739562853416,4794879000.0,2178173000.0,2396947000.0,1133089000.0,2616706000.0,1247759000.0,1520575000.0,3150303663.9599996,3936942663.9599996,22.775270663847664,2.115409292650445,0.17964457497259054,0.39545711015608037,0.03184938463808252,22.775270663847664,0.040833762974749936,2.0515813327741412,8.854838671846013,1.4463055340232387,0.18426407924176158,0.9551564044018116,0.00520235562923438,0.3202477059379392,0.8685496020171407,0.01854958175169801,148.34731889056317,0.22385739562853416,0.0454545454545455,19.284167469982645,0.38662737118573437,1.006081141382335,0.1033809788243451,0.05301604214763511,0.11177069069712292,0.2594820417964911,0.10526896638808435,0.5473969211056353,Tools & Accessories,Industrials,TKR
2008Q1,2008,Q1,2008-05-09,2008-03-31,84465000.0,1434670000.0,130723000.0,0.88,311537000.0,0.2171488913826873,4651244000.0,2069493000.0,2264938000.0,927316000.0,2581751000.0,1185498000.0,1448021000.0,2820561561.68,3625626561.68,21.80605904710898,2.442466214321763,0.18774998688522898,0.4219734012146936,0.02764887776931344,21.80605904710898,0.04081434438289958,1.9660002381592978,8.348314573136802,1.362923944019139,0.19321612502219854,0.9473934161002381,0.0057860818291373805,0.3084486644863181,0.9857837026428963,0.0181596579323725,-43.175385159196665,0.2171488913826873,0.76,4.843132352650124,0.34291357240502346,0.7244881648782008,0.21696042125658213,0.7490836801888551,0.924718042345181,0.3877632586127438,0.05224602932555302,0.5138466519914525,Tools & Accessories,Industrials,TKR
2007Q4,2007,Q4,2008-02-28,2007-12-31,48291000.0,1341037000.0,67918000.0,0.5,255996000.0,0.19089406183423724,4379237000.0,1960669000.0,2045251000.0,904422000.0,2418568000.0,1087712000.0,1379876000.0,3117612627.9,3810623627.9,20.65939048155085,2.261390147519631,0.16513264753654575,0.3688307409358744,0.017907139508653646,20.65939048155085,0.024629858481977324,2.324777487794893,16.13971872553892,1.5900759525957724,0.33720569050133564,0.9975443867494337,0.005223227496024346,0.3062261759297339,0.8609111675744288,0.01102726342511264,94.63944593224456,0.19089406183423724,0.16279069767441862,0.038775656930188786,0.6311482063676223,1.525046367915393,0.018646293422466275,0.17088960550881363,-0.008163324912014254,-0.28233062557221955,0.08017145641678639,0.47732219169241846,Tools & Accessories,Industrials,TKR
2007Q3,2007,Q3,2007-11-07,2007-09-30,41243000.0,1261239000.0,68477000.0,0.43,251310000.0,0.19925644544769072,4197052000.0,1754273000.0,2018368000.0,808030000.0,2442779000.0,1021961000.0,1347871000.0,3580467865.49,4094112865.49,18.290070893022207,2.4978874546737124,0.1432939120125269,0.34282691462503273,0.021291190336570488,18.290070893022207,0.023510023810433153,2.838849627620142,21.703488261583786,2.0409981031971647,0.39475789831001623,0.9882265565907113,0.004547171099319973,0.3005059265408196,1.0179547789067238,0.009826659283706754,148.19203946401225,0.19925644544769072,-0.2586206896551724,3.41781200678863,0.27800115212580623,0.36419540254791066,-0.13052052519591054,-0.25454578317608356,-0.3299050787748312,1.2202166499121807,0.08109536443337656,0.43964757296091656,Tools & Accessories,Industrials,TKR
2007Q2,2007,Q2,2007-08-06,2007-06-30,55326000.0,1349231000.0,102190000.0,0.58,289035000.0,0.21422202721402042,4165646000.0,1678393000.0,2006823000.0,818183000.0,2487253000.0,981287000.0,1322909000.0,3386138732.91,3911304732.91,17.898490289532642,2.4527801237620435,0.14367639496971177,0.3565940754042706,0.027814591310992655,17.898490289532642,0.03296367418119594,2.5096805016413053,15.300847399549939,2.017488593499854,0.2756208654158985,1.0804137831235918,0.004503359490795353,0.3238947812656188,1.017650085616543,0.013281493434631747,104.87297859607284,0.21422202721402042,-0.26582278481012667,7.975012243662269,0.3115902536974734,0.36613726895409365,0.12249653388635807,-0.26422320929861426,0.2925626106754364,1.0883879050106378,0.14183466654587637,0.43498458520717986,Tools & Accessories,Industrials,TKR
2007Q1,2007,Q1,2007-05-09,2007-03-31,75194000.0,1284513000.0,79060000.0,0.79,257493000.0,0.20045962944711343,4124063000.0,1562257000.0,1997598000.0,845542000.0,2561806000.0,974967000.0,1282832000.0,2848912675.0,3416593675.0,16.621081469266166,2.362505942933645,0.1620971842573695,0.4279059079268008,0.03870838963808746,16.621081469266166,0.048131645433497815,2.2178932210106086,9.471874999999999,1.8235877163616483,0.20150543926377104,1.0533894993369006,0.005318520336886071,0.31146784130116345,0.9954029486412266,0.018232990136183663,-42.74822452133726,0.20045962944711343,1.1351351351351353,4.216776665215499,0.3297475209622101,0.2713429892200236,0.6406157414191871,1.127128712871287,1.8422465589977415,1.5083352862662451,0.11023687736881092,0.3402339098341568,Tools & Accessories,Industrials,TKR
