Quarters,Year,Quarter,FillingDate,Date,NetIncome,Revenue,OperatingIncome,EPSDiluted,GrossProfit,GrossProfitRatio,TotalAssets,CommonStockEquity,CurrentAssets,CurrentLiability,TotalLiability,Inventory,RetainedEarnings,MarketCap,EnterpriseValue,bookValuePerShare,currentRatio,debtToAssets,debtToEquity,roic,shareholdersEquityPerShare,roe,priceToSalesRatio,peRatio,pbRatio,payoutRatio,inventoryTurnover,dividendYield,assetTurnover,quickRatio,returnOnAssets,priceToFreeCashFlowsRatio,grossProfitMargin,epsdilutedGrowth,fiveYNetIncomeGrowthPerShare,fiveYRevenueGrowthPerShare,fiveYShareholdersEquityGrowthPerShare,grossProfitGrowth,netIncomeGrowth,operatingIncomeGrowth,threeYNetIncomeGrowthPerShare,threeYRevenueGrowthPerShare,threeYShareholdersEquityGrowthPerShare,Industry,Sector,Symbol
2023Q2,2023,Q2,2023-04-20,2023-04-01,5101000.0,159051000.0,6560000.0,0.26,13262000.0,0.0833820598,428224000.0,364978000.0,287879000.0,45089000.0,63246000.0,136492000.0,263806000.0,542573460.0,463633460.0,18.713941444905913,6.384683625718024,0.0028396353310416976,0.0033317076645715633,0.013932520969619114,18.713941444905913,0.013976184865937125,3.411317501933342,26.591524210939035,1.4865922329565069,0.11448735542050578,1.0681138821322862,0.0010763519468866022,0.3714200978926917,3.2387056710062323,0.011911989986549095,13.783143909564334,0.08338205984244047,-0.5438596491228069,-0.1523998684890546,0.4464470399661821,0.6351579371613542,-0.254357359721129,-0.5414007012496629,-0.5457692840326824,0.15503713664019242,0.36834855960892776,0.43784093483750713,Metal Fabrication,Industrials,IIIN
2023Q1,2023,Q1,2023-01-19,2022-12-31,11123000.0,166899000.0,14442000.0,0.57,17786000.0,0.106567445,423756000.0,360674000.0,288211000.0,44913000.0,63082000.0,171185000.0,260118000.0,537328000.0,496115000.0,18.472419974391805,6.417095273083517,0.00336278424376292,0.003950936302589042,0.030648637199597966,18.472419974391805,0.030839483855226602,3.2194800448175243,12.07695765530882,1.4897885625246068,3.551290119572058,0.8710634693460292,0.07351375696036686,0.39385637017528957,2.480952062877118,0.02624859589008769,21.661210997339353,0.10656744498169551,-0.5403225806451614,0.33735358520249836,0.6652355240084781,0.6582591520078938,-0.5530594295765799,-0.5423763679749856,-0.5426562796883907,18.770458571247303,0.6874451666491276,0.44527289433244194,Metal Fabrication,Industrials,IIIN
2022Q4,2022,Q4,2022-10-27,2022-10-01,24306000.0,207991000.0,31578000.0,1.24,39795000.0,0.1913303941,471745000.0,389744000.0,335332000.0,62596000.0,82001000.0,197654000.0,289246000.0,518873740.0,472126740.0,19.92759995909602,5.357083519713719,0.0033259494006295776,0.004025719446611109,0.06191099695293885,19.92759995909602,0.06236401330103863,2.494693231918689,5.336889451164321,1.331319378874338,0.024026989220768534,0.8509617816993332,0.0011255146579589863,0.44089709482877404,2.0762029522653203,0.051523598554303704,-39.62985870312381,0.191330394103591,-0.3673469387755102,5.226583596455072,1.089243886405044,0.6980424827261374,-0.3148479735546297,-0.36964132887263673,-0.3675799086757991,14.54311541432379,0.8057666783561841,0.5597534512344796,Metal Fabrication,Industrials,IIIN
2022Q3,2022,Q3,2022-07-21,2022-07-02,38559000.0,227173000.0,49932000.0,1.96,58082000.0,0.2556729893,481048000.0,364924000.0,343665000.0,95036000.0,116124000.0,192447000.0,266511000.0,698252380.0,637071380.0,18.678609817269795,3.616155982995917,0.003874873193527465,0.005107912880490184,0.10464277823110801,18.678609817269795,0.10566309697361642,3.0736591936541755,4.527168624704998,1.9134186296324716,0.015171555278923209,0.878636715563246,0.0008378059520541841,0.4722460128718964,1.517530199082453,0.08015624220452013,-81.3245259725134,0.2556729893077082,-0.015075376884422124,4.466370132864651,1.282072549514451,0.6214145002375259,0.01775044244686257,-0.011738472973319323,0.000881975625400898,16.350005784598384,0.7731130374632845,0.4481105177191012,Metal Fabrication,Industrials,IIIN
2022Q2,2022,Q2,2022-04-21,2022-04-02,39017000.0,213209000.0,49888000.0,1.99,57069000.0,0.2676669371,420558000.0,325147000.0,282804000.0,73816000.0,95411000.0,127049000.0,228537000.0,722958280.0000001,655372280.0000001,16.681048635337575,3.83120190744554,0.005086099895852653,0.006578562926922284,0.11763328748468889,16.681048635337575,0.1199980316595263,3.3908431632811005,4.63232872850296,2.223481317680926,0.014942204680011277,1.2289746475769192,0.0008064089120052681,0.5069669344061937,2.0377018532567464,0.09277436168138521,-495.17690410958915,0.26766693713680006,0.6864406779661018,4.126708061307066,1.0548949495580164,0.490680611993639,0.3471107544141252,0.6869298283540144,0.659890201297621,35.71742302138767,0.8801088845440398,0.3019784117193268,Metal Fabrication,Industrials,IIIN
2022Q1,2022,Q1,2022-01-20,2022-01-01,23129000.0,178459000.0,30055000.0,1.18,42364000.0,0.2373878594,368779000.0,286020000.0,226804000.0,62574000.0,82759000.0,81558000.0,190103000.0,772751910.0,711682910.0,14.734944103858638,3.624572506152715,0.005290431396581693,0.006821201314593385,0.0798350681554829,14.734944103858638,0.08086497447730928,4.330136950223861,8.352629923472698,2.7017408223201174,1.7039214838514418,1.668689766791731,0.05099955042492227,0.4839185528460135,2.182727650461853,0.06271777948310506,60.40427655749238,0.2373878593962759,-0.07812500000000007,4.070727776054121,0.8585603412277533,0.3643999253143634,0.06124902928430071,-0.0804309796437659,-0.07801092091539358,4.551379135911287,0.6975370620988278,0.15432195722781047,Metal Fabrication,Industrials,IIIN
2021Q4,2021,Q4,2021-10-28,2021-10-02,25152000.0,171258000.0,32598000.0,1.28,39919000.0,0.23309276063016035,390710000.0,302038000.0,246906000.0,68849000.0,88672000.0,79049000.0,206384000.0,756054000.0,667895000.0,15.580212524502219,3.5861958779357725,0.004415039287451051,0.005711201901747462,0.08252624390147684,15.580212524502219,0.08327428999000126,4.414707634095925,7.514849713740458,2.5031750971732034,0.023139312977099237,1.661488443876583,0.0007697862851066194,0.4383251004581403,2.2919868117183984,0.0643751119756341,1266.4221105527638,0.23309276063016035,0.36170212765957455,1.494401549531234,0.6230946512503103,0.3143892052968594,0.26526148969889063,0.36732807828214187,0.28510604746511076,1.64147491246576,0.39414264656037556,0.23486392607251974,Metal Fabrication,Industrials,IIIN
2021Q3,2021,Q3,2021-07-22,2021-07-03,18395000.0,160739000.0,25366000.0,0.94,31550000.0,0.1962809274662652,371931000.0,276996000.0,227813000.0,75629000.0,94935000.0,71158000.0,181814000.0,689898800.0,601864800.0,14.313559322033898,3.0122439804836767,0.00482078665128747,0.006473017660904851,0.07012730644555672,14.313559322033898,0.06640890121156984,4.292043623513895,9.376172873063332,2.490645352279455,0.03158466974721392,1.8155232018887546,0.0008421525012074234,0.43217424737384086,1.9724708775734177,0.04945809841072672,22.034455445544555,0.1962809274662652,0.2368421052631578,0.3253997740524424,0.35528766762777736,0.2673173607933398,0.043734286092364696,0.23290884718498658,0.27480148758669215,0.4086839862717737,0.2502896030491223,0.18324646066395775,Metal Fabrication,Industrials,IIIN
2021Q2,2021,Q2,2021-04-22,2021-04-03,14920000.0,138999000.0,19898000.0,0.76,30228000.0,0.2174691904258304,336861000.0,258736000.0,192242000.0,59193000.0,78125000.0,68623000.0,164000000.0,613277440.0,556470440.0,13.38658940397351,3.2477151014478065,0.006331988565016431,0.008243924308948117,0.05861185484729672,13.38658940397351,0.05766495578504731,4.412099655393204,10.276096514745308,2.370282604662668,0.0388739946380697,1.585051659064745,0.0009457383594609317,0.41263013527834924,1.9776493842177285,0.0442912655368238,65.3744206374587,0.2174691904258304,0.8095238095238096,1.0159732793679719,0.25053036133665896,0.2559761944554703,0.522744446123621,0.8322485570428589,0.7611966719773411,1.501606627698318,0.2755348026447897,0.16967278004312555,Metal Fabrication,Industrials,IIIN
2021Q1,2021,Q1,2021-01-21,2021-01-02,8143000.0,119605000.0,11298000.0,0.42,19851000.0,0.1659713222691359,309951000.0,243734000.0,168883000.0,46773000.0,66217000.0,64276000.0,149660000.0,430011430.0,382331430.0,12.622818374851105,3.6106942039210654,0.0080722436772264,0.010265289208727548,0.03486666074961791,12.622818374851105,0.03340937251265724,3.5952629906776474,13.20187369519833,1.7642652645917272,3.629006508657743,1.551963407803846,0.06872142910247758,0.38588357514574884,2.1252859555726595,0.02627189458979,38.77470063119928,0.1659713222691359,0.1052631578947368,0.1646349394847805,0.24199000761230868,0.23458449254045127,0.01998766827664166,0.09655265284136817,0.1126649596218239,-0.009989036894792733,0.20670893333212004,0.13314357963103998,Metal Fabrication,Industrials,IIIN
2020Q4,2020,Q4,2020-10-29,2020-10-03,7426000.0,138231000.0,10154000.0,0.38,19462000.0,0.140793309749622,337902000.0,264803000.0,197038000.0,53678000.0,73099000.0,68963000.0,171068000.0,365659200.0,299501200.0,13.72320688225539,3.6707403405492007,0.007487377997170777,0.009554272421384954,0.029788313895069887,13.72320688225539,0.028043488933282477,2.645276385181327,12.310099649878804,1.380872573195923,0.07783463506598438,1.7222133607876688,0.0015807068439683727,0.4090860663742742,2.282219903871232,0.021976786168770825,46.110870113493064,0.140793309749622,0.11764705882352934,-0.2621774082793293,0.11926754998053009,0.26467492537769005,0.31455589327929756,0.11434573829531813,0.25188016274195535,0.9281837827620694,0.40736646446462244,0.16936250893940757,Metal Fabrication,Industrials,IIIN
2020Q3,2020,Q3,2020-07-16,2020-06-27,6664000.0,121959000.0,8111000.0,0.34,14805000.0,0.12139325511032396,336690000.0,257066000.0,196786000.0,59730000.0,79624000.0,74269000.0,164220000.0,332246090.0,272700090.0,13.331224394544417,3.294592332161393,0.005420416406783688,0.00709934413730326,0.024301985837765303,13.331224394544417,0.025923303743007633,2.724244131224428,12.46421406062425,1.292454428045716,0.08688475390156063,1.4427823183293165,0.0017426841652222302,0.36222935044105853,1.9466264858530051,0.01979268763551041,19.61311038961039,0.12139325511032396,0.4782608695652174,0.18174647153879012,-0.0034299853834628665,0.2875235209607143,-0.03127658182294052,0.5270394133822182,0.42774159478964974,-0.04282458288622207,0.24128030229088196,0.15722961990722845,Metal Fabrication,Industrials,IIIN
2020Q2,2020,Q2,2020-04-16,2020-03-28,4364000.0,114859000.0,5681000.0,0.23,15283000.0,0.13305879382547298,319035000.0,250831000.0,176272000.0,48125000.0,68204000.0,71685000.0,158135000.0,265760879.99999997,227335879.99999997,13.015307181403072,3.6627948051948054,0.006074568620997696,0.007726317719899055,0.017566308289981486,13.015307181403072,0.017398168487946068,2.313801095255922,15.224615032080658,1.0595216699690229,0.0,1.3890772128060265,0.0,0.36002006049493,2.0601142857142856,0.013678749980409672,-56.12690179514255,0.13305879382547298,6.666666666666667,0.6381477608861947,0.07781319566856798,0.2890562065995886,1.4503767837101171,6.863063063063063,10.523326572008113,-0.42003862425159916,0.11964085727530406,0.16309630758812924,Metal Fabrication,Industrials,IIIN
2020Q1,2020,Q1,2020-01-16,2019-12-28,555000.0,97569000.0,493000.0,0.03,6237000.0,0.06392399225163731,306451000.0,246180000.0,174241000.0,40282000.0,60271000.0,65252000.0,154349000.0,419311970.0,354177970.0,12.781267846944603,4.3255300134054915,0.006461065553710055,0.00804289544235925,0.0015234644086776585,12.781267846944603,0.002254447964903729,4.297594215375785,188.87926576576578,1.7032739052725647,0.0,1.3996812358241892,0.0,0.3183836893989577,2.57611340052629,0.0018110562536914547,14.471508886971527,0.06392399225163731,1.3333333333333333,-0.872402939206074,-0.15852236645854095,0.28403795687444494,0.6293103448275862,1.3140916808149405,1.2381642512077295,-0.8773759936375533,0.02404523922749273,0.183496915419408,Metal Fabrication,Industrials,IIIN
2019Q4,2019,Q4,2019-10-25,2019-09-28,-1767000.0,113403000.0,-2070000.0,-0.09,3828000.0,0.033755720748128354,293009000.0,246017000.0,160584000.0,28413000.0,46992000.0,70851000.0,154372000.0,398791760.0,360610760.0,12.77612172829248,5.651779115193749,0.0,0.0,-0.0073095531458524645,12.77612172829248,-0.007182430482446335,3.5165891554897137,-56.422150537634415,1.620992695626725,-0.32710809281267683,1.5465554473472498,0.0014493779911600982,0.3870290673665314,2.9415408439798685,-0.006030531485380995,12.694310361292377,0.033755720748128354,-1.8181818181818183,-1.3677965564916537,-0.07776631130854801,0.3096590739852262,-0.5352112676056338,-1.8068493150684932,-1.7610294117647058,-1.1764219117604773,0.08203087562210809,0.07782846086451659,Metal Fabrication,Industrials,IIIN
2019Q3,2019,Q3,2019-07-18,2019-06-29,2190000.0,126252000.0,2720000.0,0.11,8236000.0,0.06523461014478979,304795000.0,248324000.0,169727000.0,37707000.0,56471000.0,104624000.0,156717000.0,400826640.0,393377640.0,12.898607936837731,4.5012066725011275,0.0,0.0,0.00891747793939193,12.898607936837731,0.008819123403295694,3.1748141811614867,45.756465753424656,1.6141276719125015,0.2639269406392694,1.1280012234286587,0.0014420199216299595,0.414219393362752,1.5793088816400138,0.0071851572368313125,30.88270590954619,0.06523461014478979,1.2,-0.641547024132968,0.05798532014233794,0.3592952029388357,0.1730522717561601,1.0877025738798856,4.849462365591398,-0.8413861096610298,0.07003625660141245,0.14203807736749785,Metal Fabrication,Industrials,IIIN
2019Q2,2019,Q2,2019-04-18,2019-03-30,1049000.0,111948000.0,465000.0,0.05,7021000.0,0.06271661842998535,311571000.0,246530000.0,174556000.0,41115000.0,65041000.0,117227000.0,155105000.0,402542640.00000006,407417640.00000006,12.812077746595987,4.245555150188496,0.01721918920567062,0.021762057356102704,0.0013802292379996265,12.812077746595987,0.004255060236076746,3.595800192946726,95.93485224022879,1.6328343000851826,0.0,0.8950753665964326,0.0,0.3593017321894528,1.2767603064574973,0.0033668088493473396,-20.818299544890362,0.06271661842998535,-0.7619047619047619,-0.7177604462979991,0.16019465490458834,0.3962193738431223,-0.36033163265306123,-0.745758603974794,-0.8953174245835209,-0.8576268338484956,0.011662402778837549,0.2020735204189347,Metal Fabrication,Industrials,IIIN
2019Q1,2019,Q1,2019-01-17,2018-12-29,4126000.0,104110000.0,4442000.0,0.21,10976000.0,0.10542695226203054,311434000.0,245382000.0,173174000.0,47909000.0,66052000.0,115306000.0,154634000.0,461544230.00000006,446041230.00000006,12.765021068511679,3.614644430065332,0.0,0.0,0.013841818011908261,12.765021068511679,0.01681459927786064,4.433236288540967,27.965598036839555,1.8809212982207335,0.0,0.8077116542070664,0.0,0.33429233802346564,1.094888225594356,0.013248392917921615,-15.936200193356814,0.10542695226203054,-0.5714285714285715,0.42120989067424514,0.12946812699493798,0.4201748632333608,-0.4383954154727794,-0.561437074829932,-0.6304185040352774,-0.40724773738823045,0.08592499482918992,0.24849273673578892,Metal Fabrication,Industrials,IIIN
2018Q4,2018,Q4,2018-10-26,2018-09-29,9408000.0,121371000.0,12019000.0,0.49,19544000.0,0.16102693394632986,329534000.0,241665000.0,195477000.0,71988000.0,87869000.0,94157000.0,151084000.0,687245520.0,643304520.0,12.616946851832516,2.7154109018169694,0.0,0.0,0.03868850276212907,12.616946851832516,0.03892992365464589,5.6623536100056855,18.262264030612247,2.843794177890882,0.06133078231292517,1.081459689667258,0.0008395835013955419,0.3683110088792052,1.3255681502472634,0.028549406131082075,-374.72492911668485,0.16102693394632986,-0.2686567164179105,2.803111621593401,0.17174276509872008,0.42239906609330297,-0.19192921524849085,-0.26888405346596206,-0.2779212976869931,-0.05832265946806778,-0.009963512854488593,0.16272650082741938,Metal Fabrication,Industrials,IIIN
2018Q3,2018,Q3,2018-07-19,2018-06-30,12868000.0,126688000.0,16645000.0,0.67,24186000.0,0.19090995200808286,291726000.0,230687000.0,160890000.0,44437000.0,61039000.0,54751000.0,141953000.0,636938000.0,591706000.0,12.096853696906136,3.6206314557688413,0.0,0.0,0.055253406396090506,12.096853696906136,0.05578121003784348,5.027611139176559,12.374456014920732,2.761048520289396,0.044451352191482746,1.8721484539095177,0.0008980465916619829,0.4342705141125577,2.274320948758917,0.04410988393218294,28.720656536050864,0.19090995200808286,1.1612903225806452,2.723434256135724,0.23798932021590127,0.38449884945933294,0.5688894654903995,1.1888076203435958,1.096083616672963,1.3074074275782335,0.04677501781854673,0.1683085666730676,Metal Fabrication,Industrials,IIIN
2018Q2,2018,Q2,2018-04-23,2018-03-31,5879000.0,107417000.0,7941000.0,0.31,15416000.0,0.143515458446987,272640000.0,218045000.0,141146000.0,38058000.0,54595000.0,63156000.0,129657000.0,526406760.0,502942760.0,11.444730212051228,3.708707761837196,0.0,0.0,0.02743213545082621,11.444730212051228,0.026962324290857393,4.900590781719839,22.385046776662698,2.414211561833566,3.4332369450586833,1.4567262017860536,0.03834297264723576,0.39398840962441317,1.9422723211939672,0.021563233568075116,81.07296473124904,0.143515458446987,-0.26190476190476186,0.48272932362874776,0.21411625668186018,0.33039770299808635,0.32201354943829863,-0.27518185180618915,0.3463886063072228,1.2323279914487593,0.01961848105760011,0.13350382799893884,Metal Fabrication,Industrials,IIIN
2018Q1,2018,Q1,2018-01-18,2017-12-30,8111000.0,97741000.0,5898000.0,0.42,11661000.0,0.11930510226005464,284640000.0,212110000.0,153124000.0,56015000.0,72530000.0,70918000.0,124350000.0,539241120.0,501905120.0,11.139646026994381,2.7336249218959208,0.0,0.0,0.03805249156965671,11.139646026994381,0.038239592664183676,5.517041159799879,16.6206731599063,2.54227108575739,0.0,1.2137962153473025,0.0,0.3433846261944913,1.3949656342051235,0.02849564362001124,62.095937356057114,0.11930510226005464,1.0999999999999999,2.143209921567645,0.059305758337106315,0.33997818848585576,-0.011863401406660453,1.1350355356672808,0.012010981468771447,0.886301747086028,-0.14729937892217848,0.11911654587739023,Metal Fabrication,Industrials,IIIN
2017Q4,2017,Q4,2017-10-27,2017-09-30,3799000.0,96886000.0,5828000.0,0.2,11801000.0,0.1218029436657515,283073000.0,223376000.0,160191000.0,42318000.0,59697000.0,81853000.0,135851000.0,496977740.0,464872740.0,11.735630976147945,3.785410463632497,0.0,0.0,0.01698970750514,11.735630976147945,0.017007198624740347,5.1295103523728915,32.70451039747302,2.2248484170188383,0.15030271123979994,1.0394854189828107,0.0011489448199430421,0.34226506943438617,1.7324542747766907,0.013420566426328192,-100.0357769726248,0.1218029436657515,-0.4444444444444444,3.312873620605119,-0.06378398520506971,0.4129856693689834,-0.2923362916766611,-0.4469355073518707,-0.44282982791587,-0.20002499984210023,-0.20289877331550876,0.20300009061579288,Metal Fabrication,Industrials,IIIN
2017Q3,2017,Q3,2017-07-20,2017-07-01,6869000.0,96938000.0,10460000.0,0.36,16676000.0,0.17202748148300975,292496000.0,219167000.0,169019000.0,55685000.0,73329000.0,83682000.0,132623000.0,627254250.0,589406250.0,11.519947437582129,3.035269821316333,0.0,0.0,0.03154951541773468,11.519947437582129,0.031341397199395896,6.470674554870123,22.829169093026643,2.861992225106882,0.08312709273547823,0.9591309959130996,0.0009103166698352384,0.3314164980033915,1.4503726317679806,0.023484081833597726,-361.3215725806452,0.17202748148300975,-0.07692307692307698,6.144291480361116,-0.03699031721731974,0.36658487795783234,-0.08844429867716191,-0.07425876010781671,-0.06931221638935849,0.13771315400121992,-0.1779719864785713,0.21400769499254502,Metal Fabrication,Industrials,IIIN
2017Q2,2017,Q2,2017-04-20,2017-04-01,7420000.0,101159000.0,11239000.0,0.39,18294000.0,0.18084401783331192,271222000.0,212659000.0,152256000.0,42827000.0,58563000.0,59230000.0,126325000.0,686804560.0,646619560.0,11.190223110924016,3.55514044878231,0.0,0.0,0.0349599730590309,11.190223110924016,0.03489153997714651,6.789356952915707,23.140315363881403,3.2296049544105823,3.3516172506738546,1.3990376498396082,0.03620971881724256,0.37297490616542905,2.095920797627665,0.027357662726474993,85.2643774053383,0.18084401783331192,0.6956521739130435,25.30132908941629,0.07948252328590044,0.3300037556295445,0.4061491160645657,0.6636771300448431,0.6660243107026386,1.0213963741875198,0.061510360398614426,0.21947482790215456,Metal Fabrication,Industrials,IIIN
2017Q1,2017,Q1,2017-01-19,2016-12-31,4460000.0,93888000.0,6746000.0,0.23,13010000.0,0.13856935923653715,282557000.0,204976000.0,166023000.0,61693000.0,77581000.0,61590000.0,119476000.0,676447200.0,619427200.0,10.799578503688092,2.6911156857342,0.0,0.0,0.021823345018346162,10.799578503688092,0.02175864491452658,7.204831288343558,37.91744394618834,3.30012879556631,0.0,1.3131677220327975,0.0,0.33227985857720743,1.6399753618724977,0.015784425797272763,-416.78817005545284,0.13856935923653715,-0.5490196078431373,23.989286968739027,0.02711968280453108,0.283789506209986,-0.42441268858116177,-0.5473919220621067,-0.5446506918663516,0.555925556110066,0.031612460194156096,0.20150917433945223,Metal Fabrication,Industrials,IIIN
2016Q4,2016,Q4,2016-10-28,2016-10-01,9854000.0,103113000.0,14815000.0,0.51,22603000.0,0.21920611368110712,292892000.0,224566000.0,180487000.0,53783000.0,68326000.0,71186000.0,139314000.0,686566800.0,627693800.0,11.853576141462128,3.3558373463733893,0.0,0.0,0.044031773061291725,11.853576141462128,0.043880195577246775,6.658392249279916,17.41847980515527,3.057305202034146,0.057844530140044655,1.1309808108335908,0.0008302178316807628,0.3520512680441938,1.975754420541807,0.033643800445215304,137.80947410678442,0.21920611368110712,-0.2816901408450704,8.525146976248118,-0.022302276385934763,0.4210815046272471,-0.17947507895596618,-0.2717463602098884,-0.28423036042129673,3.0273483391773177,0.006457977274656981,0.33633880141396694,Metal Fabrication,Industrials,IIIN
2016Q3,2016,Q3,2016-07-21,2016-07-02,13531000.0,115629000.0,20698000.0,0.71,27547000.0,0.23823608264362747,279417000.0,213091000.0,169386000.0,53114000.0,66326000.0,63914000.0,130030000.0,542237580.0,488399580.0,11.294376424444797,3.189102684791204,0.0,0.0,0.06433166660201678,11.294376424444797,0.06349869304663266,4.6894600835430555,10.018431379794546,2.5446291959773055,0.04190377651319193,1.3781331163751291,0.0010456671040764089,0.41382235153909747,1.944195504010242,0.048425829494984196,31.593403251179865,0.23823608264362747,0.8684210526315789,2.455619720160808,0.09338037768559569,0.3526517090917864,0.4798280956218104,0.8919183445190156,0.8852354494944895,2.957403881635649,0.14207869865816525,0.2926544006235054,Metal Fabrication,Industrials,IIIN
2016Q2,2016,Q2,2016-04-21,2016-04-02,7152000.0,107414000.0,10979000.0,0.38,18615000.0,0.17330143184314895,252324000.0,199076000.0,144117000.0,39750000.0,53248000.0,56574000.0,117066000.0,541475220.0,505073220.0,10.658314594710355,3.6255849056603773,0.0,0.0,0.03637994029371979,10.658314594710355,0.035925978018445215,5.041011599977656,18.927405620805366,2.7199422331170005,2.6793903803131993,1.5696079471135151,0.03539035452074797,0.42569870483980915,2.158062893081761,0.028344509440243495,67.9903591160221,0.17330143184314895,0.05555555555555561,1.566040475916255,0.16104143139345392,0.308122120332313,0.13347135115386957,0.06618962432915922,0.0883227597145123,0.8399080687394793,0.2383925954418402,0.23898047327514974,Metal Fabrication,Industrials,IIIN
2016Q1,2016,Q1,2016-01-21,2016-01-02,6708000.0,92391000.0,10088000.0,0.36,16423000.0,0.17775540907664167,265320000.0,189406000.0,157599000.0,62100000.0,75914000.0,69065000.0,110477000.0,387543000.00000006,341924000.00000006,10.224345479082322,2.537826086956522,0.0,0.0,0.03484264226208551,10.224345479082322,0.03541598471009366,4.194596876319123,14.443313953488373,2.0460967445593066,0.08333333333333333,1.0999493231014261,0.0014424205830062726,0.34822478516508365,1.3846537842190016,0.02528267752148349,33.84655021834062,0.17775540907664167,-0.2941176470588236,1.8312565892970498,0.6696709444624448,0.2764759281634858,-0.24988581346487623,-0.3029925187032419,-0.28575474369866893,1.6719207677812353,0.029214175541547073,0.22987749344229585,Metal Fabrication,Industrials,IIIN
2015Q4,2015,Q4,2015-10-30,2015-10-03,9624000.0,118093000.0,14124000.0,0.51,21894000.0,0.18539625549355168,260239000.0,200215000.0,151358000.0,45826000.0,60024000.0,66009000.0,122928000.0,297061100.0,263803100.0,10.851173378136686,3.302884825208397,0.0,0.0,0.046863881009008714,10.851173378136686,0.048068326548959865,2.515484406357701,7.716674459684124,1.4837105112004598,0.057564422277639235,1.4573618748958475,0.001864936203360184,0.45378671144601695,1.7466067298040413,0.036981390183638885,15.58312437706552,0.18539625549355168,0.7586206896551726,6.599975793953342,0.9943779459645629,0.28415384590732784,0.3950554351981649,0.7848664688427299,0.5241178374878601,10.271019708083765,0.17719755454361166,0.30649579134756083,Metal Fabrication,Industrials,IIIN
2015Q3,2015,Q3,2015-07-16,2015-06-27,5392000.0,117016000.0,9267000.0,0.29,15694000.0,0.13411841115744855,248841000.0,190910000.0,134364000.0,43087000.0,57931000.0,70793000.0,113858000.0,361753560.0,350320560.0,10.3541598871895,3.1184347947176643,0.0,0.0,0.031698454221159245,10.3541598871895,0.028243675030118903,3.0914880016408013,16.772698442136498,1.8948905767115396,0.1025593471810089,1.4312432020114982,0.0015286649839741729,0.4702440514223942,1.3843618724905424,0.021668454957181494,22.647815688975147,0.13411841115744855,1.0714285714285712,2.187135331712004,0.7917917611293953,0.21319171498525474,0.8034934497816594,1.119496855345912,2.398239823982398,4.786638963933304,0.19947914609239714,0.22829018122330888,Metal Fabrication,Industrials,IIIN
2015Q2,2015,Q2,2015-04-16,2015-03-28,2544000.0,101767000.0,2727000.0,0.14,8702000.0,0.08550905499818212,253549000.0,185821000.0,138523000.0,42803000.0,67728000.0,83439000.0,109019000.0,380226640.0,384054640.0,10.096772440773744,3.236291848702194,0.03944010822365696,0.05381523078661723,0.009123796505210469,10.096772440773744,0.013690594712115423,3.736246916977016,37.3650393081761,2.0461984382820027,0.21737421383647798,1.1153657162717674,0.001454395725665093,0.40137014935968984,1.2104058126766815,0.010033563532098331,73.78743256355521,0.08550905499818212,-0.3636363636363636,0.4768871755568011,0.8469424118257521,0.19385733046406653,-0.27742256912729385,-0.3869879518072289,-0.5733062118604287,8.311586760926515,0.12137496798396363,0.2000426741140377,Metal Fabrication,Industrials,IIIN
2015Q1,2015,Q1,2015-01-15,2014-12-27,4150000.0,110628000.0,6391000.0,0.22,12043000.0,0.10886032469175977,248057000.0,182924000.0,132947000.0,39970000.0,65133000.0,87464000.0,107028000.0,429286720.0,439275720.0,9.953964194373402,3.3261696272204153,0.040313315084839374,0.05466751219085522,0.021694365329269386,9.953964194373402,0.022687017559204915,3.8804526882886794,25.86064578313253,2.346803699897225,0.1327710843373494,1.1271494557760908,0.0012835244472505464,0.445978142120561,1.018238679009257,0.01673002576020834,-32.951083819465765,0.10886032469175977,-0.0833333333333333,4.460938811297343,1.5437911952377223,0.18783854458744656,-0.13040652754711532,-0.09289617486338798,-0.1347143243975088,23.093286898478173,0.24996432390738063,0.18326791861020403,Metal Fabrication,Industrials,IIIN
2014Q4,2014,Q4,2014-10-24,2014-09-27,4575000.0,117097000.0,7386000.0,0.24,13849000.0,0.1182694689018506,256795000.0,178883000.0,142593000.0,63186000.0,77912000.0,81899000.0,103429000.0,384526890.0,381476890.0,9.755303484757594,2.2567182603741336,0.0,0.0,0.028202407846374,9.755303484757594,0.02557537608380897,3.283832122086817,21.012398360655737,2.1495999619863264,0.12043715846994535,1.2606747335132298,0.0014329296970622784,0.4559940808816371,0.8587503560915393,0.01781576744095485,97.47196197718631,0.1182694689018506,-0.22580645161290325,1.593692720404531,0.8403576530477431,0.16742599668004124,-0.029026151581013813,-0.21079868897705709,-0.08180009945300845,3.568951529559407,0.14710526946473962,0.1695273383130055,Metal Fabrication,Industrials,IIIN
2014Q3,2014,Q3,2014-07-17,2014-06-28,5797000.0,113227000.0,8044000.0,0.31,14263000.0,0.12596818779972974,252039000.0,173339000.0,162943000.0,64322000.0,78700000.0,79167000.0,99405000.0,362782620.0,331333620.0,9.489188153500848,2.533239016199745,0.0,0.0,0.030428299687174684,9.489188153500848,0.03344313743589152,3.204029250973708,15.645274279799896,2.0929082318462666,0.09453165430395032,1.2500663155102505,0.001510546453410585,0.44924396621157836,1.2141102577656167,0.02300040866691266,31.99987827467584,0.12596818779972974,0.631578947368421,4.155700574256151,0.8925154991246153,0.13056139231308195,0.22893331035671205,0.6459398069278819,0.43080754180007114,0.5290967693070294,0.1058344800310945,0.13645641789891186,Metal Fabrication,Industrials,IIIN
2014Q2,2014,Q2,2014-04-17,2014-03-29,3522000.0,91436000.0,5622000.0,0.19,11606000.0,0.12693031191215715,226451000.0,167320000.0,136869000.0,44645000.0,59131000.0,71399000.0,94156000.0,350457480.0,331276480.0,9.176264121969947,3.0657184455146154,0.0,0.0,0.02216939122804959,9.176264121969947,0.0210494860148219,3.832817271096723,24.87631175468484,2.094534305522352,0.15559341283361727,1.1180828863149344,0.0015636704344275945,0.4037783008244609,1.3519095083435995,0.015553033548096498,533.4208219178082,0.12693031191215715,0.2666666666666667,1.204583577064292,0.7276073905491429,0.07804496636227677,0.28172280508006625,0.2821259555879141,0.2924137931034483,0.29441569134156564,0.01240077192553288,0.12622628777705575,Metal Fabrication,Industrials,IIIN
2014Q1,2014,Q1,2014-01-16,2013-12-28,2747000.0,87218000.0,4350000.0,0.15,9055000.0,0.1038203123208512,219395000.0,163489000.0,127569000.0,41557000.0,55906000.0,70026000.0,91182000.0,411617070.0,392632070.0,8.988344603881467,3.0697355439516807,0.0,0.0,0.016876065224426924,8.988344603881467,0.016802353675170807,4.719405054002614,37.46059974517655,2.5177049832098795,0.19876228613032398,1.1161996972553052,0.001326475600246608,0.3975386859317669,1.2690762085809852,0.012520795824882061,94.88636929460581,0.1038203123208512,0.15384615384615377,1.4646005954533496,0.34505393403958745,-0.05095685984026436,0.04332296347505473,0.17142857142857143,0.2583164593578247,1.3466970131223968,0.6053019721378602,0.12216528132445711,Metal Fabrication,Industrials,IIIN
2013Q4,2013,Q4,2013-10-29,2013-09-28,2345000.0,98190000.0,3457000.0,0.13,8679000.0,0.08838985640085549,212649000.0,161056000.0,121206000.0,37415000.0,51593000.0,58793000.0,88981000.0,290512000.0,275072000.0,8.870187806355675,3.239502873179206,0.0,0.0,0.01479554641015389,8.870187806355675,0.014560152990264256,2.9586719625216418,30.97142857142857,1.803794953308166,0.23283582089552238,1.5224771656489717,0.0018794404361954066,0.4617468222281788,1.5114258987037283,0.011027561850749356,70.63262825188427,0.08838985640085549,-0.27777777777777773,-0.8558855065053871,-0.10963350663749155,-0.08606989460382397,-0.20449129239230066,-0.28375076359193646,-0.37565468665342244,2.3865936205374325,0.6851027328484361,0.04971926892277534,Metal Fabrication,Industrials,IIIN
2013Q3,2013,Q3,2013-07-18,2013-06-29,3274000.0,96946000.0,5537000.0,0.18,10910000.0,0.11253687619912116,216182000.0,157849000.0,123019000.0,44923000.0,58333000.0,68552000.0,87182000.0,316516320.0,304432320.0,8.737351931805602,2.7384413329474877,0.0,0.0,0.022625060555398775,8.737351931805602,0.020741341408561348,3.2648724031935306,24.168930971288944,2.0051841950218248,0.16585216860109958,1.2550472633912941,0.001715551349769263,0.44844621661377915,1.1012398993833894,0.015144646640330833,91.93038629102527,0.11253687619912116,-0.10000000000000009,-0.814460988833007,-0.10864866582332419,-0.07063710141234367,-0.0127590263324586,-0.11847065158858373,-0.04633138132965897,0.9750636727292417,0.5150396066068236,0.02375113867922119,Metal Fabrication,Industrials,IIIN
2013Q2,2013,Q2,2013-04-18,2013-03-30,3714000.0,82873000.0,5806000.0,0.2,11051000.0,0.13334861776453127,205939000.0,153520000.0,112610000.0,39437000.0,52419000.0,66215000.0,84451000.0,291246720.0,283343720.0,8.602487952482349,2.855440322539747,0.0,0.0,0.02405144213952758,8.602487952482349,0.024192287649817613,3.5143740422091634,19.60465266558966,1.897125586242835,0.14566505115778136,1.0846786981801706,0.0018575316487684393,0.40241527831056767,1.0520323554022872,0.018034466516784097,201.8341787941788,0.13334861776453127,0.5384615384615385,-0.4734580883241307,0.0520344485795274,0.030894422261846827,0.286046782264634,0.5462114904246461,0.5478539056251667,1.22353232627686,0.5510677879343233,0.01717091897862368,Metal Fabrication,Industrials,IIIN
2013Q1,2013,Q1,2013-01-18,2012-12-29,2402000.0,85887000.0,3751000.0,0.13,8593000.0,0.10005006578411169,195721000.0,147345000.0,101644000.0,36495000.0,48376000.0,56239000.0,81278000.0,208079760.0,203264760.0,8.313303994583615,2.7851486505000684,0.0,0.0,0.01662091300147798,8.313303994583615,0.01630187654823713,2.4227154284117502,21.656927560366363,1.4121942380128272,2.068692756036636,1.374384324045591,0.023880265913417048,0.43882363159804005,1.0977394163584053,0.012272571670898881,9.950256312165264,0.10005006578411169,1.9252925292529253,-0.42181577432243905,0.3235253604680681,0.031414938874027125,0.4561938654465345,1.8835534213685474,3.1770601336302895,3.076977067777915,1.0476546219068343,-0.007946710997705607,Metal Fabrication,Industrials,IIIN
2012Q4,2012,Q4,2012-11-01,2012-09-29,833000.0,97865000.0,898000.0,0.04444,5901000.0,0.06029734838808563,208552000.0,149500000.0,115068000.0,36003000.0,59052000.0,65774000.0,83845000.0,211140000.0,222605000.0,8.305555555555555,3.196066994417132,0.055022248647819245,0.07675585284280936,0.004044295457497563,8.305555555555555,0.00557190635451505,2.1574618096357225,63.36734693877551,1.4123076923076925,0.6374549819927972,1.3981816523246267,0.002514919011082694,0.4692594652652576,1.1706802210926868,0.003994207679619471,27.402985074626866,0.06029734838808563,-0.11120000000000005,-0.8359706888759765,0.3380683091709479,0.05659830842312592,-0.07854465958775765,-0.06823266219239374,-0.42766093052899934,-0.5189079215068583,0.5668940923894257,-0.006066650045707576,Metal Fabrication,Industrials,IIIN
2012Q3,2012,Q3,2012-07-24,2012-06-30,894000.0,93598000.0,1569000.0,0.05,6404000.0,0.06842026539028612,216021000.0,149122000.0,123438000.0,38093000.0,66899000.0,77388000.0,83543000.0,197243500.0,215848500.0,8.429734313171283,3.240437875725199,0.08617217770494535,0.12483067555424418,0.005747362602316378,8.429734313171283,0.005995091267552742,2.107347379217505,55.15757829977629,1.3226988640173818,0.5939597315436241,1.126712151754794,0.0026921039223092268,0.43328194944010073,1.0690678077337044,0.004138486536031219,-19.32622966882226,0.06842026539028612,4.0,-0.88953276412253,0.21665265501204528,0.08621407952542721,0.16563523844193667,2.4122137404580153,1.6683673469387754,1.5025385740894983,0.6154570240754197,0.004335882876583007,Metal Fabrication,Industrials,IIIN
2012Q2,2012,Q2,2012-04-26,2012-03-31,262000.0,87029000.0,588000.0,0.01,5494000.0,0.06312838249319193,205440000.0,148493000.0,110890000.0,39061000.0,56947000.0,69225000.0,83180000.0,214435350.0,222202350.0,8.413677828772169,2.838893013491718,0.03894080996884735,0.05387459341517782,0.0023893869380552956,8.413677828772169,0.0017643929343470735,2.4639528203242596,204.61388358778626,1.4440771618864188,2.0229007633587788,1.177825929938606,0.0024716074098790146,0.42362246884735205,0.9410153349888636,0.0012753115264797507,23.017963718334048,0.06312838249319193,2.0,-0.9452005838757966,0.19613789883446298,0.149344780568472,0.17922300922944837,2.4555555555555557,0.1951219512195122,1.0157233309195193,0.6988446817896561,-0.011545122139038515,Metal Fabrication,Industrials,IIIN
2012Q1,2012,Q1,2012-02-02,2011-12-31,-180000.0,84811000.0,492000.0,-0.01,4659000.0,0.054933911874638905,207837000.0,148140000.0,114143000.0,34512000.0,59697000.0,73402000.0,83448000.0,193533900.0,209906900.0,8.412265758091992,3.3073423736671304,0.07882619552822645,0.11059133252328877,0.0018561496589828024,8.412265758091992,-0.001215066828675577,2.2819433799860867,-268.7970833333334,1.3064256784123127,-2.938888888888889,1.0919593471567532,0.0027333712595054406,0.4080649739940434,1.0471430227167362,-0.0008660633092279046,-111.41848013816926,0.054933911874638905,-1.177999288002848,-1.0320386949988989,0.25133827943265175,0.19110912868717003,-0.39852827265685514,-1.1851851851851851,-0.9070646014355874,0.9685556171954005,0.3509374041004268,-0.11178270718834508,Metal Fabrication,Industrials,IIIN
2011Q4,2011,Q4,2011-11-10,2011-10-01,972000.0,99091000.0,5294000.0,0.05618,7746000.0,0.07817057048571516,216530000.0,148474000.0,122448000.0,46659000.0,68056000.0,76374000.0,84157000.0,179246000.0,193392000.0,8.34123595505618,2.624316852054266,0.06537662217706554,0.09534329242830394,0.01697475957827333,8.34123595505618,0.006546600751646753,1.808902927611993,46.102366255144034,1.2072551423144795,1.087448559670782,1.196022206510069,0.00589692378072593,0.4576317369417633,0.8997406716817763,0.004488985359996305,-40.21673771595243,0.07817057048571516,-0.7191,-0.9008529248153074,0.2350963841783127,0.24670950176847115,-0.38175432995450553,-0.7336986301369863,-0.30176734370878394,-0.9390666340924511,-0.08344221501277518,-0.14056987045115232,Metal Fabrication,Industrials,IIIN
2011Q3,2011,Q3,2011-07-28,2011-07-02,3650000.0,98579000.0,7582000.0,0.2,12529000.0,0.12709603465241076,217948000.0,146848000.0,121853000.0,50894000.0,71100000.0,70454000.0,83714000.0,220189240.0,231680240.0,8.349803832376187,2.3942507957716037,0.06194138051278287,0.09193179341904555,0.03197869074266898,8.349803832376187,0.02485563303551972,2.2336323151989776,15.081454794520548,1.4994364240575289,0.14465753424657535,1.2213642944332472,0.0023979373379007986,0.4523051370051572,0.8979447479074154,0.016747113990493147,-144.19727570399476,0.12709603465241076,0.3333333333333335,-0.5240701149367741,0.10552078963297368,0.3585257781336321,0.07980694647935879,0.3936617029400535,0.2012040557667934,-0.7875192114736138,-0.06894856304395482,-0.11185929640219652,Metal Fabrication,Industrials,IIIN
2011Q2,2011,Q2,2011-04-26,2011-04-02,2619000.0,86933000.0,6312000.0,0.15,11603000.0,0.13347060379832745,206897000.0,143002000.0,107958000.0,45100000.0,63895000.0,61717000.0,80592000.0,252383380.0,261990380.0,8.147797846276566,2.3937472283813745,0.06524985862530631,0.09440427406609697,0.023962990238889,8.147797846276566,0.018314429168822813,2.903194184026779,24.09157884688813,1.7648940574257703,0.20122184039709812,1.220571317465204,0.002088093122455211,0.4201752562869447,0.9463414634146341,0.012658472573309425,342.44691994572594,0.13347060379832745,1.3409090909090908,-0.26261900664637844,1.0358416327546407,1.8759894106169923,86.94814814814815,1.3433403251179863,1.5516036004544262,-0.6224577433931485,0.12212332483863124,-0.02359417416913438,Metal Fabrication,Industrials,IIIN
2011Q1,2011,Q1,2011-02-08,2011-01-01,-7628000.0,52306000.0,-11443000.0,-0.44,-135000.0,-0.0025809658547776546,190270000.0,140260000.0,91166000.0,31333000.0,50010000.0,61062000.0,78501000.0,218712390.0,229425390.0,8.009822397350238,2.9095841445121757,0.07095180532926894,0.09624982175958934,-0.04907371450972434,8.009822397350238,-0.05438471410238129,4.181401560050472,-7.168077805453593,1.5593354484528732,0.0,0.8588156300153942,0.0,0.2749040836705734,0.8450834583346631,-0.04009039785567877,-39.07671788458102,-0.0025809658547776546,-3.8124248058624084,-2.067300219239262,-0.327314210112903,0.4403638069738242,-1.0576923076923077,-3.679754601226994,-2.9054607508532424,-2.8584663990426797,-0.18415597564283373,-0.0062374137000872605,Metal Fabrication,Industrials,IIIN
2010Q4,2010,Q4,2010-11-30,2010-10-02,-1630000.0,56161000.0,-2930000.0,-0.09143,2340000.0,0.041665924752052136,182505000.0,147876000.0,118755000.0,26828000.0,34629000.0,43919000.0,86656000.0,156275000.0,110340000.0,8.450057142857142,4.426531981511853,0.0,0.0,-0.011518279168425781,8.450057142857142,-0.01102274878952636,2.782624953259379,-23.96855828220859,1.056797587167627,-0.3239263803680982,1.2254605068421411,0.003378659414493681,0.3077230760801074,2.6429476666169673,-0.008931262157201173,9767.1875,0.041665924752052136,-2.0158888888888886,-1.2771240660373138,-0.3567923373910842,0.6545517716547025,-0.6957087126137841,-2.015576323987539,-1.868662911354877,-1.330140283888105,-0.21019446461712246,0.07498120065544459,Metal Fabrication,Industrials,IIIN
2010Q3,2010,Q3,2010-07-26,2010-07-03,1605000.0,61956000.0,3373000.0,0.09,7690000.0,0.12412034346955904,184975000.0,149288000.0,117039000.0,29641000.0,35687000.0,41815000.0,88814000.0,199408800.0,155238800.0,8.534644408872628,3.9485509935562226,0.0,0.0,0.011105482384634319,8.534644408872628,0.0107510315631531,3.218555103621925,31.060560747663555,1.3357322758694603,0.3283489096573209,1.2977639603013273,0.0026428121527234502,0.3349425598053791,2.4499848183259676,0.008676848222732802,-27.819308035714286,0.12412034346955904,0.0,-0.7975079566401956,-0.29640923513774536,0.7573751815037657,0.23653320469528863,-0.017747858017135864,0.65586647029946,-0.7994330504242481,-0.18553622168401737,0.0997322781781546,Metal Fabrication,Industrials,IIIN
2010Q2,2010,Q2,2010-04-26,2010-04-03,1634000.0,52268000.0,2037000.0,0.09,6219000.0,0.11898293410882375,178999000.0,147647000.0,110041000.0,25427000.0,31352000.0,32160000.0,87736000.0,185753120.0,133490120.0,8.457268873868713,4.327722499705038,0.0,0.0,0.011334989613025004,8.457268873868713,0.011066936680054455,3.553859340322951,28.42,1.2580893617885904,0.32252141982864135,1.4318718905472636,0.0028370990484574365,0.29200163129402956,2.9680261139733353,0.009128542617556523,6.480136752136752,0.11898293410882375,2.2857142857142856,-0.30920022032713107,0.3650030885808684,2.7739698132043302,2.5700344431687716,2.438380281690141,2.0185,-0.6544966154938291,-0.27376236020051564,0.1552995058599382,Metal Fabrication,Industrials,IIIN
2010Q1,2010,Q1,2010-01-25,2010-01-02,-1136000.0,41201000.0,-2000000.0,-0.07,1742000.0,0.04228052717167059,166652000.0,145894000.0,97042000.0,14941000.0,20758000.0,38449000.0,86629000.0,226330000.0,201996000.0,8.379896611143021,6.495013720634495,0.0,0.0,-0.007763357864783751,8.379896611143021,-0.007786475112067665,5.4933132690954105,-49.80853873239436,1.5513317888329883,-0.4630281690140845,1.026268563551718,0.0023240401184111696,0.24722775604253175,2.818017535640185,-0.00681659986078775,-22.34916559691913,0.04228052717167059,-1.724712703178383,-1.2340373074707005,-0.4183874064058947,0.9591920039557436,-0.8093048713738369,-1.6709982279976374,-1.3992812936713914,-1.204522564268675,-0.3851192623990946,0.18652591798895252,Metal Fabrication,Industrials,IIIN
2009Q4,2009,Q4,2009-11-09,2009-10-03,1693000.0,61070000.0,5009000.0,0.09659,9135000.0,0.14958244637301457,182117000.0,147070000.0,111651000.0,29399000.0,35047000.0,38542000.0,88291000.0,204864000.0,169762000.0,8.35625,3.797782237491071,0.0,0.0,0.019408168794556233,8.35625,0.01151152512409057,3.354576715244801,30.251624335499116,1.3929693343305911,0.6207914943886592,1.3474910487260652,0.005130232739768822,0.3353338787702411,1.9179223783121875,0.00929622165970228,13.757571687596535,0.14958244637301457,1.9658999999999998,-0.8487375967036663,-0.38692849516718797,1.2109296517961996,1.2422680412371134,1.9679817038307605,85.36206896551724,-0.8253462419612335,-0.23015748148654327,0.24895355200182934,Metal Fabrication,Industrials,IIIN
2009Q3,2009,Q3,2009-07-20,2009-06-27,-1749000.0,56963000.0,58000.0,-0.1,4074000.0,0.07152010954479224,172410000.0,145977000.0,99657000.0,20997000.0,26433000.0,35169000.0,87123000.0,151658240.0,130089240.0,8.393341766329346,4.746249464209173,0.0,0.0,0.00023237367613536462,8.393341766329346,-0.011981339526089726,2.6623991011709354,-21.677850200114353,1.0389187337731287,-0.30074328187535737,1.5038528249310472,0.0034683245697695025,0.33039266863871003,2.200504834023908,-0.0101444231773099,6.664831465611954,0.07152010954479224,0.8936170212765958,-1.09586058685478,-0.4208841348932918,1.518237851739873,1.8282171173002644,0.8933211344922233,1.006245289113815,-1.230612135892641,-0.3540221952566182,0.3656094661806139,Metal Fabrication,Industrials,IIIN
2009Q2,2009,Q2,2009-05-05,2009-03-28,-16395000.0,50404000.0,-9287000.0,-0.94,-4919000.0,-0.09759146099515911,169945000.0,147810000.0,95208000.0,16113000.0,22135000.0,55073000.0,89398000.0,118950250.0,119342250.0,8.511949323351569,5.9087693167008,0.0023537026685104003,0.00270617684865706,-0.04020499608028092,8.511949323351569,-0.11091942358433124,2.3599367113721135,-1.813818999695029,0.8047510317299236,-0.03202195791399817,1.0045394294845025,0.0044136098915302825,0.29659007325899556,1.4498231241854402,-0.09647238812557003,-101.58005977796755,-0.09759146099515911,-1.848484848484848,-4.0212496400806215,-0.3077762093486181,2.841289951050965,-0.15037418147801684,-1.909494232475599,-0.03085803085803086,-5.665465048516607,0.19303011308824708,2.004526692921664,Metal Fabrication,Industrials,IIIN
2009Q1,2009,Q1,2009-01-20,2008-12-27,-5635000.0,61799000.0,-9009000.0,-0.33,-4276000.0,-0.06919205812391786,192370000.0,164179000.0,116105000.0,22469000.0,28191000.0,82165000.0,106319000.0,185137800.0,183893800.0,9.470954715892702,5.167341670746362,0.0,0.0,-0.03386992862006652,9.470954715892702,-0.034322294568732904,2.9958057573747148,-8.21374445430346,1.1276582266915989,-1.6466725820763088,0.8041745268666707,0.05011942455835599,0.32125071476841505,1.1928879789932796,-0.02929250922701045,-11.066216377764494,-0.06919205812391786,-1.367835566355307,-2.7867225600599843,0.6353253428642908,7.231300957268002,-1.1451311814818586,-1.359306255180769,-1.366398243045388,-1.7964471026001645,-0.1971594611884994,0.7031114690848509,Metal Fabrication,Industrials,IIIN
2008Q4,2008,Q4,2008-11-18,2008-09-27,15683000.0,106290000.0,24588000.0,0.89714,29463000.0,0.2771944679650014,228220000.0,169847000.0,150416000.0,52850000.0,58373000.0,71220000.0,112479000.0,245175000.0,218682000.0,9.705542857142857,2.846092715231788,0.0,0.0,0.09269879323267448,9.705542857142857,0.09233604361572474,2.3066610217329946,3.9082924185423704,1.4435050368861386,0.033475738060320094,1.0787278854254423,0.0021413276231263384,0.4657348172815704,1.4394323557237465,0.06871878012444133,26.736641221374047,0.2771944679650014,-0.0751134020618556,0.9481987577639752,0.751896647818486,4.369208602857873,-0.04604176784847013,-0.07349205411472795,-0.06824813369206867,1.6663415507136148,0.2173312878812995,0.9003804184603065,Metal Fabrication,Industrials,IIIN
2008Q3,2008,Q3,2008-07-22,2008-06-28,16927000.0,104332000.0,26389000.0,0.97,30885000.0,0.296026147299007,218482000.0,162927000.0,138144000.0,50145000.0,55555000.0,72996000.0,106076000.0,319565200.0,302093200.0,9.401442585112521,2.754890816631768,0.0,0.0,0.10407331626973232,9.401442585112521,0.10389315460298171,3.062964382931411,4.719755420334377,1.9614011182922415,0.030956460093342,1.0061784207353828,0.0016397279803933595,0.4775313298120669,1.2589291055937781,0.07747548997171391,1090.6662116040955,0.296026147299007,1.487179487179487,23.196975598134227,0.7140975018873985,6.001426432222882,0.9563564958510167,1.446805435096849,1.484372057992845,1.1555287825518594,0.1959009144174541,0.9358582593357022,Metal Fabrication,Industrials,IIIN
2008Q2,2008,Q2,2008-04-25,2008-03-29,6918000.0,77260000.0,10622000.0,0.39,15787000.0,0.2043360082837173,189178000.0,146057000.0,108732000.0,37880000.0,43121000.0,55308000.0,89672000.0,205310190.0,187658190.0,8.344683768496829,2.870432946145723,0.0,0.0,0.046568886054026946,8.344683768496829,0.04736506980151585,2.6573930882733627,7.419419991326974,1.405685383103857,0.07863544376987569,1.1114666955955739,0.002649649294075467,0.4083984395648543,1.3480200633579726,0.036568734207994585,37.315556161395854,0.2043360082837173,0.6956521739130435,6.785096257349457,0.6263436500996007,5.481159025153378,0.48653483992467045,0.6377840909090909,0.6258992805755396,1.9171764051958378,1.0124933399161389,2.723729860398436,Metal Fabrication,Industrials,IIIN
2008Q1,2008,Q1,2008-01-29,2007-12-29,4224000.0,65980000.0,6533000.0,0.23,10620000.0,0.16095786602000606,174136000.0,145251000.0,92396000.0,23497000.0,28885000.0,45410000.0,83279000.0,216071790.0,198352790.0,8.06009655402031,3.9322466697876326,0.0,0.0,0.028828816893888123,8.06009655402031,0.029080694797281946,3.274807365868445,12.78833984375,1.4875752318400561,0.12973484848484848,1.2191147324377891,0.0025361941047463902,0.3788992511600129,1.8589181597650763,0.024256902650801673,17.52691353017521,0.16095786602000606,-0.1905683617807496,6.19781530547258,0.3237798630832143,5.003822746820323,-0.16555354757601948,-0.1818710052295177,-0.20153996577853825,-0.15928159393920538,-0.10017461621512762,0.8844238124310102,Metal Fabrication,Industrials,IIIN
2007Q4,2007,Q4,2007-11-29,2007-09-29,5163000.0,74358000.0,8182000.0,0.28415,12727000.0,0.17115844966244384,173529000.0,143850000.0,95262000.0,24565000.0,29679000.0,47401000.0,79859000.0,280905000.0,272202000.0,7.860655737704918,3.8779564420924078,0.0,0.0,0.03566801788606697,7.860655737704918,0.03589155370177268,3.7777374324215285,13.601830331202788,1.9527632950990614,0.2093743947317451,1.300204637032974,0.003848276107580855,0.4285047456044811,1.7594545084469775,0.029752951956157184,100.50268336314848,0.17115844966244384,-0.3685555555555555,6.1657815746940665,0.1580782824484884,4.701505663828889,-0.26653988012909174,-0.37847598410978694,-0.37779467680608364,-0.5563528036481338,-0.28208589012169594,1.0798033631178738,Metal Fabrication,Industrials,IIIN
2007Q3,2007,Q3,2007-07-31,2007-06-30,8307000.0,78966000.0,13150000.0,0.45,17352000.0,0.2197401413266469,181786000.0,140918000.0,103372000.0,37904000.0,40868000.0,59717000.0,75240000.0,326844000.0,320493000.0,7.760656459962551,2.7272055719712958,0.0,0.0,0.05961978431213035,7.760656459962551,0.05894917611660682,4.139047184864372,9.836403033586132,2.319391419123178,0.0009630432165643433,1.0317664986519752,2.4476508670803196e-05,0.43438988701000075,1.0927606585056986,0.04569658829612842,30.48633522992258,0.2197401413266469,0.6666666666666666,3.5748430443881483,0.13868137848817244,4.089899295420751,0.4041106975238712,0.6908202727457765,0.6934964584674823,-0.5639101291280822,-0.2310567948985547,1.328414521403918,Metal Fabrication,Industrials,IIIN
2007Q2,2007,Q2,2007-05-02,2007-03-31,4913000.0,74766000.0,7765000.0,0.27,12358000.0,0.16528903512291684,165884000.0,132763000.0,90982000.0,25894000.0,33121000.0,51300000.0,67479000.0,304503440.0,308794440.0,7.320412439347155,3.5136325017378542,0.025921728436738924,0.03238854198835519,0.03631418966109362,7.320412439347155,0.03700579227646257,4.072752855576064,15.494781192753917,2.2935866167531613,0.11072664359861592,1.2165302144249512,0.0017865151211428024,0.45071254611656336,1.3953039314126825,0.029617081816208916,-20.27589825542682,0.16528903512291684,-0.15624999999999997,1.3907244431741579,0.07477684442761871,4.055566468316484,-0.09292425132119789,-0.14985291572936493,-0.1722630849589596,-0.13312748125275692,-0.016851897676453603,2.3035707418592293,Metal Fabrication,Industrials,IIIN
2007Q1,2007,Q1,2007-02-02,2006-12-30,5779000.0,69716000.0,9381000.0,0.32,13624000.0,0.1954214240633427,171029000.0,127931000.0,100385000.0,40093000.0,43098000.0,56683000.0,63113000.0,,,,,,,,,,,,,,,,,,,,,,,,,,,,,,,Metal Fabrication,Industrials,IIIN
