Quarters,Year,Quarter,FillingDate,Date,NetIncome,Revenue,OperatingIncome,EPSDiluted,GrossProfit,GrossProfitRatio,TotalAssets,CommonStockEquity,CurrentAssets,CurrentLiability,TotalLiability,Inventory,RetainedEarnings,MarketCap,EnterpriseValue,bookValuePerShare,currentRatio,debtToAssets,debtToEquity,roic,shareholdersEquityPerShare,roe,priceToSalesRatio,peRatio,pbRatio,payoutRatio,inventoryTurnover,dividendYield,assetTurnover,quickRatio,returnOnAssets,priceToFreeCashFlowsRatio,grossProfitMargin,epsdilutedGrowth,fiveYNetIncomeGrowthPerShare,fiveYRevenueGrowthPerShare,fiveYShareholdersEquityGrowthPerShare,grossProfitGrowth,netIncomeGrowth,operatingIncomeGrowth,threeYNetIncomeGrowthPerShare,threeYRevenueGrowthPerShare,threeYShareholdersEquityGrowthPerShare,Industry,Sector,Symbol
2023Q1,2023,Q1,2023-05-11,2023-03-31,-1360000.0,2298000.0,-1370000.0,-0.0697,872000.0,0.3794604003,42327000.0,33387000.0,15898000.0,2679000.0,8940000.0,3031000.0,-51901000.0,233220000.00000003,224567000.00000003,1.7121538461538461,5.934303844718179,0.0,0.0,-0.04091360124276162,1.7121538461538461,-0.04073441758768383,101.48825065274153,-42.87132352941177,6.985353580735017,0.0,0.47047179148795776,0.0,0.05429158693032816,4.675998506905562,-0.03213079122073381,319.91769547325106,0.37946040034812883,0.9139506172839507,-0.37882512607724217,-0.11646899885008771,0.05535670154522859,0.2582972582972583,0.913375796178344,-1.6145038167938932,-0.2503702850594469,0.11503789665469664,0.47484233750761395,Real Estate Services,Real Estate,MLP
2022Q4,2022,Q4,2023-03-24,2022-12-31,-15700000.0,2173000.0,-524000.0,-0.81,693000.0,0.3189139439,42406000.0,33772000.0,15220000.0,2307000.0,8634000.0,3029000.0,-50537000.0,182311354.74,173812354.74,1.744994108862273,6.597312527091461,0.0,0.0,-0.030465013390267325,1.744994108862273,-0.4648821508942319,83.8984605338242,-2.90304705,5.398299027004619,0.0,0.4886101023440079,0.0,0.05124274866764137,5.12483745123537,-0.37023062774135734,782.4521662660944,0.3189139438564197,-123.61538461538464,-15.224332292513136,-0.17151071741941482,0.041034887704245765,-0.4388663967611336,-123.60317460317461,-3.2950819672131146,-0.7198634530512716,2.2756055916395597,0.4806752557033952,Real Estate Services,Real Estate,MLP
2022Q3,2022,Q3,2022-11-02,2022-09-30,-126000.0,2551000.0,-122000.0,-0.0065,1235000.0,0.484123873,43030000.0,34666000.0,16118000.0,2578000.0,8364000.0,0.0,-42541000.0,179075767.83,168001767.83,1.782898176949841,6.252133436772692,0.0,0.0,-0.003576061326241385,1.782898176949841,-0.0036346852824092773,70.1982625754606,-355.30906315476193,5.165746490220966,0.0,0.0,0.0,0.059284220311410646,4.732738557020946,-0.0029281896351382756,-30.418849639884492,0.4841238729909839,-1.0120370370370368,0.7453091341214572,-0.12121971538569537,0.10739266080797981,-0.89667865807747,-1.0119714964370545,-1.0114650878676816,-12.804979041200296,-0.26812208458161285,0.09071794020022203,Real Estate Services,Real Estate,MLP
2022Q2,2022,Q2,2022-08-11,2022-06-30,10525000.0,13987000.0,10641000.0,0.54,11953000.0,0.8545792522,48913000.0,34456000.0,21726000.0,2855000.0,14457000.0,0.0,-42417000.0,184005973.23000002,167063973.23000002,1.7733028676853895,7.6098073555166375,0.00014311123832110072,0.00020315765033666124,0.30536289702550634,1.7733028676853895,0.3054620385419085,13.155499623221564,4.37068820023753,5.340317309902485,0.0,0.0,0.0,0.2859566986281766,6.319439579684763,0.21517796904708358,20.1915914879842,0.8545792521627226,15.285714285714288,0.5865729191552884,0.46367173395126016,0.09049141796630335,12.178610804851157,15.339237057220709,22.197211155378486,58.40197463744894,3.4467864454304786,0.09645892717235166,Real Estate Services,Real Estate,MLP
2022Q1,2022,Q1,2022-05-10,2022-03-31,-734000.0,2248000.0,-502000.0,-0.0378,907000.0,0.4034697509,40225000.0,23626000.0,12753000.0,4806000.0,16599000.0,0.0,-52942000.0,215512724.35,209681724.35,1.2179552775441493,2.653558052434457,0.0,0.0,-0.02523603391250438,1.2179552775441493,-0.031067468043680692,95.86864962188612,-73.40351646798365,9.121845608651485,0.0,0.0,0.0,0.05588564325668117,1.4602580108198087,-0.01824735860783095,76.8590315085592,0.40346975088967973,0.8281818181818181,-1.1230333014470455,-0.7730498321083451,-0.030196500105581378,-0.39694148936170215,0.8273753527751646,0.8804192472606003,0.3384290037771852,-0.21960592465157402,-0.24445445504120547,Real Estate Services,Real Estate,MLP
2021Q4,2021,Q4,2022-03-01,2021-12-31,-4252000.0,2997000.0,-4198000.0,-0.22,1504000.0,0.5018351685,37919000.0,23590000.0,10176000.0,2397000.0,14329000.0,0.0,-52324000.0,192844045.92000002,187248045.92000002,1.2183751843573642,4.245306633291615,0.0,0.0,-0.17913639896206662,1.2183751843573642,-0.18024586689275116,64.34569433433434,-11.338431674506117,8.174821785502331,0.0,0.0,0.0,0.07903689443287007,2.7947434292866085,-0.11213375880165616,222.1705598156682,0.5018351685018352,-21.0,-1.5614629097969008,-0.8557411542072771,0.3022113047323339,0.1731669266770671,-29.58992805755396,-840.6,-2.149045760484359,0.08749361229029587,-0.2455873188814155,Real Estate Services,Real Estate,MLP
2021Q3,2021,Q3,2021-11-04,2021-09-30,-139000.0,2437000.0,5000.0,-0.01,1282000.0,0.5260566270004103,37237000.0,22294000.0,9779000.0,1920000.0,14943000.0,0.0,-48098000.0,200588786.72,195729786.72,1.151439438747905,5.093229166666666,0.0,0.0,0.0002242755898448013,1.151439438747905,-0.006234861397685476,82.30971962248667,-360.7711991366906,8.997433691576207,0.0,0.0,0.0,0.0654456588876655,3.1703125,-0.0037328463624889223,-181.20034934056008,0.5260566270004103,-1.0999999999999999,-1.0548634526127443,-0.6072798952874094,3.0814615885280308,-0.6163973668461998,-1.0739755188930282,-0.9976145038167938,0.9157093057767743,-0.14433928594076734,-0.24808288712207582,Real Estate Services,Real Estate,MLP
2021Q2,2021,Q2,2021-08-12,2021-06-30,1879000.0,4950000.0,2096000.0,0.1,3342000.0,0.6751515151515152,38453000.0,22073000.0,10642000.0,2159000.0,16380000.0,0.0,-47959000.0,207641476.97,201636476.97,1.1406357412600137,4.929133858267717,0.0,0.0,0.09495764055633579,1.1406357412600137,0.08512662528881439,41.947773125252525,27.62659352980309,9.407034701671726,0.0,0.0,0.0,0.12872857774425922,3.400185270958777,0.04886484799625517,95.07393634157509,0.6751515151515152,3.0000000000000004,-0.8628784790476934,-0.7306597608658267,10.169732439562885,3.7070422535211267,3.0117773019271947,4.185410334346504,4.252187921170105,0.6498224004252996,-0.2889587553192777,Real Estate Services,Real Estate,MLP
2021Q1,2021,Q1,2021-05-03,2021-03-31,-934000.0,2059000.0,-658000.0,-0.05,710000.0,0.3448275862068966,37898000.0,19841000.0,9425000.0,3381000.0,18057000.0,0.0,-49838000.0,223235385.45000002,223577385.45000002,1.0265556669613554,2.787636793847974,0.02110929336640456,0.04032054835945769,-0.031878300469938475,1.0265556669613554,-0.04707424020966685,108.4193227051967,-59.75251216541756,11.25121644322363,0.0,0.0,0.0,0.05433004380178374,0.5770482105885832,-0.024645100005277323,-380.2987827086883,0.3448275862068966,-0.25000000000000006,0.3273215814704976,-0.32331927188545145,2.655191073653301,-0.2907092907092907,-0.26216216216216215,-0.9239766081871345,0.04463194440974754,-0.20130369757758812,-0.3672400379962406,Real Estate Services,Real Estate,MLP
2020Q4,2020,Q4,2021-03-02,2020-12-31,-740000.0,2099000.0,-342000.0,-0.04,1001000.0,0.47689375893282515,38470000.0,20067000.0,9751000.0,2947000.0,18403000.0,0.0,-48904000.0,213305000.0,212636000.0,1.0847027027027027,3.308788598574822,0.005198856251624643,0.00996661185030149,-0.016874722455222774,1.0847027027027027,-0.036876463846115516,101.62220104811816,-72.0625,10.629640703642796,0.0,0.0,0.0,0.05456199636080063,0.7570410587037666,-0.019235768131011178,123.87049941927991,0.47689375893282515,-0.3333333333333334,0.1816681385281385,-0.21922932862385508,2.874452935428161,0.2703045685279188,-0.16903633491311215,0.24669603524229075,0.20000000000000004,-0.16279715776141518,-0.352884144097861,Real Estate Services,Real Estate,MLP
2020Q3,2020,Q3,2020-11-05,2020-09-30,-633000.0,1697000.0,-454000.0,-0.03,788000.0,0.4643488509133765,38451000.0,22209000.0,9881000.0,2401000.0,16242000.0,0.0,-48164000.0,208563030.72,208239030.72,1.1521762949571315,4.115368596418159,0.0,0.0,-0.020442163087036787,1.1521762949571315,-0.028501958665405915,122.90101987035946,-82.37086521327014,9.390923982169392,0.0,0.0,0.0,0.04413409274141115,0.834652228238234,-0.016462510727939455,6952.101024,0.4643488509133765,-1.9999999999999996,-1.0640693219451782,-0.8853770245878425,4.433124609605994,0.5095785440613027,-3.031847133757962,0.4041994750656168,-0.29066537182581237,-0.41031672239370576,-0.284360941366113,Real Estate Services,Real Estate,MLP
2020Q2,2020,Q2,2020-08-12,2020-06-30,-157000.0,1710000.0,-762000.0,-0.01,522000.0,0.30526315789473685,38708000.0,22518000.0,9827000.0,2190000.0,16190000.0,0.0,-47531000.0,213873789.9,213533789.9,1.1686789677073937,4.4872146118721465,0.0,0.0,-0.03383959499067413,1.1686789677073937,-0.006972200017763567,125.07239175438596,-340.5633597133758,9.497903450572874,0.0,0.0,0.0,0.044176914332954426,0.94337899543379,-0.004056009093727395,-206.04411358381503,0.30526315789473685,0.8333333333333333,0.8122627434401095,-0.39507004127839185,2.3565260637124585,0.01556420233463035,0.8538175046554934,0.23340040241448692,-1.0238662915079393,-0.8195476354119576,-0.28132164681711036,Real Estate Services,Real Estate,MLP
2020Q1,2020,Q1,2020-04-23,2020-03-31,-1074000.0,2035000.0,-994000.0,-0.06,514000.0,0.2525798525798526,38822000.0,22353000.0,9586000.0,1905000.0,16469000.0,0.0,-47374000.0,210454778.19,209923778.19,1.1609063576566923,5.032020997375328,0.006053268765133172,0.010513130228604662,-0.04400566672569506,1.1609063576566923,-0.04804724198094216,103.41758142014741,-48.98854240921787,9.415057405717354,0.0,0.0,0.0,0.05241873164700427,0.9396325459317585,-0.02766472618618309,149.78987771530248,0.2525798525798526,0.8727937700946928,0.039531792822916814,-0.28807066880657306,2.3939745663854874,-0.003875968992248062,0.8817441092270425,-1.259090909090909,-1.1813640180587024,-0.7930245456960656,-0.07562201218481836,Real Estate Services,Real Estate,MLP
2019Q4,2019,Q4,2020-03-03,2019-12-31,-9082000.0,660000.0,-440000.0,-0.4716750118658829,516000.0,0.7818181818181819,39119000.0,22692000.0,9554000.0,2952000.0,16427000.0,0.0,-46300000.0,216616308.75,216968308.75,1.1785123727439566,3.236449864498645,0.02645773153710473,0.04561078794288736,-0.01854427445526194,1.1785123727439566,-0.4002291556495681,328.20652840909094,-5.962792026811274,9.545932872818614,0.0,0.0,0.0,0.016871596922211712,0.6287262872628726,-0.23216339885988907,397.46111697247704,0.7818181818181819,-1004.7036500338654,-1.4717947104299591,-0.9716926975839887,2.4609745884685905,-0.6683804627249358,-1008.1111111111111,-2.471571906354515,-2.205917454973121,-0.9680546306869066,0.25960554208396314,Real Estate Services,Real Estate,MLP
2019Q3,2019,Q3,2019-11-07,2019-09-30,-9000.0,3437000.0,299000.0,-0.000469,1556000.0,0.45272039569391914,47615000.0,31340000.0,4626000.0,3639000.0,16275000.0,0.0,-37218000.0,208599759.36,209215759.36,1.6346097476150032,1.2712283594394065,0.025937204662396303,0.039406509253350354,0.009178818112049117,1.6346097476150032,-0.0002871729419272495,60.692394343904574,-5794.437760000001,6.656022953414167,0.0,0.0,0.0,0.07218313556652316,1.1783456993679582,-0.00018901606636564109,344.2240253465347,0.45272039569391914,0.9531,0.9882312742190763,0.22901236344435838,2.1084831718875208,0.07088781830695114,0.9502762430939227,1.1666666666666667,-1.0035873424135968,-0.44066869584770557,4.794136167837835,Real Estate Services,Real Estate,MLP
2019Q2,2019,Q2,2019-08-08,2019-06-30,-181000.0,3105000.0,138000.0,-0.01,1453000.0,0.4679549114331723,47637000.0,31021000.0,4435000.0,4030000.0,16616000.0,0.0,-37209000.0,194492652.9,195905652.9,1.6172998584256546,1.1004962779156326,0.04271889497659383,0.06560072209148642,0.004174733785091965,1.6172998584256546,-0.005834757100029012,62.638535555555556,-268.6362609116022,6.26970932271687,0.0,0.0,0.0,0.0651804269790289,1.0384615384615385,-0.003799567563028738,-301.07221811145513,0.4679549114331723,0.8333333333333333,-1.3712681540914953,-0.39348984645030977,2.1185450255679803,0.3221110100090992,0.8347031963470319,1.1735849056603773,-1.013326207116388,-0.8295461601229756,14.837489603124345,Real Estate Services,Real Estate,MLP
2019Q1,2019,Q1,2019-04-26,2019-03-31,-1095000.0,2843000.0,-795000.0,-0.06,1099000.0,0.3865634892718959,48659000.0,30862000.0,5112000.0,5247000.0,17797000.0,0.0,-37029000.0,220166488.0,220768488.0,1.6120209902244522,0.9742710120068611,0.03565630202018126,0.056218002721793794,-0.02438874743074516,1.6120209902244522,-0.035480526213466396,77.44160675342948,-50.26632146118721,7.133902145032727,0.0,0.0,0.0,0.05842701247456791,0.9201448446731466,-0.022503545079019298,396.69637477477477,0.3865634892718959,-1.31393679147308,-0.17961665460800347,0.12757757304251388,2.086046295426802,3.6965811965811968,-1.2992620934681607,0.2686292548298068,0.20383622179713878,-0.0567387385528867,3.599179800408927,Real Estate Services,Real Estate,MLP
2018Q4,2018,Q4,2019-03-01,2018-12-31,3659000.0,2725000.0,-1087000.0,0.1911212754595059,234000.0,0.08587155963302752,48100000.0,30919000.0,4269000.0,4698000.0,17181000.0,0.0,-35934000.0,189917527.04,190528527.04,1.614998282572414,0.9086845466155811,0.025675675675675677,0.039943077072350334,-0.033806058344218445,1.614998282572414,0.11834147288075293,69.69450533577981,12.976054047553976,6.142421392671173,0.0,0.0,0.0,0.056652806652806656,0.855683269476373,0.07607068607068607,-379.0769002794411,0.08587155963302752,3.123569727327844,1.5889101547645053,-0.5490979545600544,2.1118661502506897,3.1052631578947367,3.248924400737554,0.26948924731182794,4.910015727841347,-0.02051923163048836,3.79084606679459,Real Estate Services,Real Estate,MLP
2018Q3,2018,Q3,2018-11-02,2018-09-30,-1627000.0,2810000.0,-1488000.0,-0.09,57000.0,0.020284697508896797,43856000.0,29253000.0,2472000.0,3208000.0,14603000.0,0.0,-39593000.0,242224759.32,242216759.32,1.5313382539477385,0.770573566084788,0.028160342940532653,0.04221789218199843,-0.048806087641039095,1.5313382539477385,-0.05561822719037364,86.2009819644128,-37.21953892440074,8.2803390872731,0.0,0.0,0.0,0.06407333090113097,0.6418329177057357,-0.03709868661072601,907.2088364044944,0.020284697508896797,-2.0,-0.06462898641719245,0.014738074861824673,1.8326193921648206,-0.9462264150943396,-1.8543859649122807,-2.4524361948955917,-1.1661669925217544,-0.8084831701843811,5.562908530811824,Real Estate Services,Real Estate,MLP
2018Q2,2018,Q2,2018-08-09,2018-06-30,-570000.0,2960000.0,-431000.0,-0.03,1060000.0,0.3581081081081081,44191000.0,30626000.0,2444000.0,2079000.0,13565000.0,0.0,-37966000.0,213823836.79999998,213902836.79999998,1.6041766209668913,1.1755651755651755,0.027946867009119504,0.04032521387056749,-0.009137002450887268,1.6041766209668913,-0.01861163717103115,72.2377827027027,-93.7823845614035,6.981774857963821,0.0,0.0,0.0,0.06698196465343623,1.0,-0.012898554004209003,755.5612607773851,0.3581081081081081,0.4000000000000001,-1.7464088306921637,0.03670070716568496,1.9603426015211125,0.03515625,0.4087136929460581,0.4775757575757576,0.3121049862345179,0.05681065888143578,2.862023239289277,Real Estate Services,Real Estate,MLP
2018Q1,2018,Q1,2018-04-27,2018-03-31,-964000.0,2542000.0,-825000.0,-0.05,1024000.0,0.4028324154209284,44514000.0,30919000.0,2426000.0,1878000.0,13595000.0,0.0,-37396000.0,222028053.3,222213053.3,1.6223461163860053,1.2917997870074547,0.027744080513995597,0.039943077072350334,-0.020733821956935978,1.6223461163860053,-0.031178239917203015,87.3438447285602,-57.579889341286304,7.180958417154501,0.0,0.0,0.0,0.05710562968953588,1.0766773162939298,-0.021656108190681582,425.34109827586207,0.4028324154209284,0.0,0.4795995149627288,-0.257187367406469,1.8451506750570925,0.16363636363636364,-0.03767491926803014,0.07407407407407407,0.12901144366637513,-0.10152763967813322,2.9480548187204807,Real Estate Services,Real Estate,MLP
2017Q4,2017,Q4,2018-02-26,2017-12-31,-929000.0,2518000.0,-891000.0,-0.05,880000.0,0.3494837172359015,44801000.0,31144000.0,2340000.0,1847000.0,13657000.0,0.0,-36432000.0,321434000.0,321640000.0,1.676210979547901,1.2669193286410396,0.02756634896542488,0.03965450809144618,-0.027517835634207358,1.676210979547901,-0.029829180580529156,127.65448768864178,-86.5,10.320896480863087,0.0,0.0,0.0,0.056204102586995826,1.0660530590146182,-0.020736144282493693,532.1754966887418,0.3494837172359015,-0.6666666666666669,0.4533600702576112,-0.33052027326419137,1.9108708898382984,-0.2149866190900981,-0.9194214876033058,-1.002247191011236,-1.0500126886692176,-0.8880811616665667,3.0779600644579532,Real Estate Services,Real Estate,MLP
2017Q3,2017,Q3,2017-11-03,2017-09-30,-484000.0,2840000.0,-445000.0,-0.03,1121000.0,0.3947183098591549,45362000.0,30626000.0,2506000.0,1727000.0,14736000.0,0.0,-35503000.0,265362521.85,265988521.85,1.6099963816348544,1.4510712217718587,0.027225430977470128,0.04032521387056749,-0.013966918803552933,1.6099963816348544,-0.01580356559785803,93.43750769366197,-137.06741831095042,8.664615746424607,0.0,0.0,0.0,0.06260746880649001,1.1754487550665895,-0.010669723557162383,1965.64831,0.3947183098591549,-1.088235294117647,0.7065713663885141,-0.23181047624372075,2.0648258838957325,-0.8591354611711486,-1.0746798333590495,-1.0684615384615384,0.3621011409778558,0.023563025171719397,2.0917920307559372,Real Estate Services,Real Estate,MLP
2017Q2,2017,Q2,2017-08-11,2017-06-30,6481000.0,9336000.0,6500000.0,0.34,7958000.0,0.8523993144815767,45747000.0,30869000.0,2389000.0,1782000.0,14878000.0,0.0,-35019000.0,385352281.3,386020281.3,1.6261502277500595,1.340628507295174,0.026996305768684285,0.04000777479024264,0.20246698230750063,1.6261502277500595,0.20995173151057694,41.27595129605827,14.864692227279741,12.483471485956786,0.0,0.0,0.0,0.20407895599711456,1.1363636363636365,0.14167049205412377,689.3600738819321,0.8523993144815767,0.09677419354838718,7.1489306949009785,1.6531888982061387,2.1279891269544193,0.0482086406743941,0.11128257887517147,0.09686128923388458,12.432427156388762,0.8426407146225117,2.1246660528658428,Real Estate Services,Real Estate,MLP
2017Q1,2017,Q1,2017-04-28,2017-03-31,5832000.0,9683000.0,5926000.0,0.31,7592000.0,0.7840545285551999,40133000.0,23815000.0,2903000.0,3221000.0,16318000.0,0.0,-41500000.0,222813170.25,223469170.25,1.255878410086937,0.9012728966159578,0.03077268083621957,0.05185807264329204,0.23656686626746506,1.255878410086937,0.24488767583455806,23.010758055354746,9.55131902649177,9.356001270207852,0.0,0.0,0.0,0.24127276804624623,0.7618751940391183,0.14531682156828546,31.595741669030062,0.7840545285551999,-0.2074322327086423,24.42400417808719,0.7871000157377717,1.8943210399434127,-0.4458798627837384,-0.21369826075232573,-0.23495997934417764,7.342999465766034,2.8773042808156086,1.8461069074488354,Real Estate Services,Real Estate,MLP
2016Q4,2016,Q4,2017-02-24,2016-12-31,7417000.0,20347000.0,7746000.0,0.3911337462781781,13701000.0,0.6733670811421831,38883000.0,17742000.0,2754000.0,2398000.0,21141000.0,0.0,-47332000.0,136532325.6,142787325.6,0.9356201869310281,1.1484570475396163,0.1763495615050279,0.3864840491489122,0.31489084922151306,0.9356201869310281,0.41804757073610643,6.710194407037892,4.6020063907240125,7.695430368616842,0.0,0.0,0.0,0.523287812154412,0.877814845704754,0.1907517424067073,7.658308593224142,0.6733670811421831,2.0087211252167543,3.0498543110692613,4.6794071451909405,1.6623035520033584,2.759879253567508,1.9967676767676767,1.8816964285714286,4.298259574587274,2.3991197662092025,1.6441396418594567,Real Estate Services,Real Estate,MLP
2016Q3,2016,Q3,2016-11-03,2016-09-30,2475000.0,6062000.0,2688000.0,0.13,3644000.0,0.6011217419993401,44643000.0,5336000.0,2309000.0,3215000.0,39307000.0,0.0,-54749000.0,125608021.35630001,149660021.3563,0.28211448614004203,0.7181959564541213,0.5487982438456197,4.591454272863568,0.09009250569781473,0.28211448614004203,0.46383058470764615,20.72055779549654,12.687678924878789,23.539734137237634,0.0,0.0,0.0,0.13578836547723047,0.6584758942457232,0.0554398225925677,76.54358400749544,0.6011217419993401,-0.8169014084507042,2.812648009639825,0.7635023053927752,1.323892452994106,-0.7605309850824735,-0.8153536257833482,-0.8059065636508052,2.6356665882604102,1.210916872602686,1.1533913172777233,Real Estate Services,Real Estate,MLP
2016Q2,2016,Q2,2016-08-11,2016-06-30,13404000.0,17977000.0,13849000.0,0.71,15217000.0,0.8464704900706458,45078000.0,1933000.0,2908000.0,3317000.0,43145000.0,0.0,-57139000.0,136667372.78,162293372.78,0.10211844799611432,0.8766958094663853,0.58494165668397,13.640972581479565,0.4893466661955408,0.10211844799611432,6.9342990170719085,7.6023459297991876,2.5490035209638915,70.70221043973099,0.0,0.0,0.0,0.3987976396468344,0.8658426288815194,0.29735125781977906,9.622429964092094,0.8464704900706458,11.142857142857142,6.327368872152983,2.3621406794644497,1.1264094600638812,12.39524647887324,10.87039764359352,18.823680823680824,16.702996339109106,5.3502284497737636,1.061133353229383,Real Estate Services,Real Estate,MLP
2016Q1,2016,Q1,2016-04-28,2016-03-31,-1358000.0,2976000.0,-777000.0,-0.07,1136000.0,0.3817204301075269,46360000.0,-11724000.0,4047000.0,44578000.0,58084000.0,0.0,-70504000.0,110585276.1,150378276.1,-0.620203723486476,0.09078469200053839,0.875,-3.459996588195155,-0.026940813425331993,-0.620203723486476,0.11583077447969976,37.159030947580646,-20.358114156848305,-9.432384518935516,0.0,0.0,0.0,0.06419327006039689,0.06720803984027995,-0.02929249352890423,-1755.3218428571427,0.3817204301075269,-0.4320807575757577,-1.1072219062150586,-0.5449608923965652,0.016794398493534243,0.2059447983014862,-0.4696969696969697,-1.2263610315186246,0.2609038943078906,-0.12324722960828878,0.6769088973780963,Real Estate Services,Real Estate,MLP
2015Q4,2015,Q4,2016-02-26,2015-12-31,-924000.0,2747000.0,-349000.0,-0.04887992498306924,942000.0,0.34291954859847107,46599000.0,-10939000.0,3085000.0,43859000.0,57538000.0,0.0,-69146000.0,103212924.36,142690924.36,-0.5786769473915524,0.07033904101780707,0.8705122427519904,-3.7082914343175792,-0.011780193073651522,-0.5786769473915524,0.08446841576012433,37.572961179468514,-27.925574772727273,-9.435316240972668,0.0,0.0,0.0,0.05894976287044786,0.059622882418659796,-0.01982875168995043,-259.98217722921913,0.34291954859847107,-1.095842990162881,-1.0754320762010339,-0.8165003302599504,0.5573753612810838,-0.9189468249870935,-1.0956224774914622,-1.0335770636905908,0.4656056248288359,-0.28213193631307953,0.6855407866725581,Real Estate Services,Real Estate,MLP
2015Q3,2015,Q3,2015-11-06,2015-09-30,9663000.0,14480000.0,10394000.0,0.51,11622000.0,0.8026243093922651,48184000.0,-6327000.0,3788000.0,44590000.0,54511000.0,0.0,-68222000.0,99352564.33,138384564.32999998,-0.33560573121444665,0.08495178291096658,0.850178482483812,-6.474632527264106,0.30007506207055834,-0.33560573121444665,-1.5272641062114747,6.861364939917127,2.570437864276105,-15.702949949423106,0.0,0.0,0.0,0.3005146936742487,0.07382821260372281,0.20054374896231114,8.642359458072374,0.8026243093922651,13.75,-0.6191190882735508,0.388027545115923,0.787856779170424,9.974504249291785,12.812958435207824,52.45544554455446,6.911068901721225,2.951987065093889,0.7780357313486521,Real Estate Services,Real Estate,MLP
2015Q2,2015,Q2,2015-08-07,2015-06-30,-818000.0,2765000.0,-202000.0,-0.04,1059000.0,0.383001808318264,48314000.0,-16237000.0,2112000.0,3360000.0,64551000.0,0.0,-77878000.0,107050090.96,157589090.95999998,-0.8615234155612342,0.6285714285714286,1.0509583143602268,-3.1271786660097307,-0.0058484611598482875,-0.8615234155612342,0.050378764550101617,38.716126929475585,-32.71702046454768,-6.592972283057215,0.0,0.0,0.0,0.057229788467110985,0.5958333333333333,-0.016930910295152545,-148.4744673509015,0.383001808318264,0.3333333333333333,0.9234204354045286,-0.857356694807659,0.9162632721000801,-0.16548463356973994,0.2516010978956999,0.592741935483871,0.21831087171657507,-0.20854604160814086,0.40239897348581816,Real Estate Services,Real Estate,MLP
2015Q1,2015,Q1,2015-04-29,2015-03-31,-1093000.0,2794000.0,-496000.0,-0.06,1269000.0,0.45418754473872586,49539000.0,-15674000.0,2938000.0,4213000.0,65213000.0,0.0,-77052000.0,111230780.25,161033780.25,-0.8328031125179489,0.6973652978874911,1.0249702254789157,-3.239504912594105,-0.014130248988661614,-0.8328031125179489,0.06973331632002042,39.81058706156049,-25.441624027904847,-7.096515264131683,0.0,0.0,0.0,0.056400008074446395,0.6318537859007833,-0.022063424776438766,457.7398364197531,0.45418754473872586,-1.0600152264030611,0.8265487827240776,-0.8880041467637589,0.9137742204625774,-0.9387104564114948,-1.0580888605442176,-1.0256861729673745,-3.423125601676958,-0.4804458512422241,0.40695425634110105,Real Estate Services,Real Estate,MLP
2014Q4,2014,Q4,2015-02-27,2014-12-31,18816000.0,22790000.0,19310000.0,0.9997462910002378,20705000.0,0.9085125054848617,49271000.0,-15182000.0,1857000.0,5964000.0,64453000.0,0.0,-75959000.0,113865688.75,163626688.75,-0.8066617873068458,0.3113682092555332,1.0183678025613443,-3.304966407587933,0.5518088815225467,-0.8066617873068458,-1.2393624028454748,4.9963005155770075,1.512883832243835,-7.5000453662231585,0.0,0.0,0.0,0.4625438899149601,0.2828638497652582,0.38188792596050414,-44.53096939773172,0.9085125054848617,25.993657275005944,1.2661032275043815,2.8896902388914443,0.9152976187045038,19.338899803536346,26.121495327102803,157.9918699186992,6.239471827943057,5.409327037461707,0.42898306977413936,Real Estate Services,Real Estate,MLP
2014Q3,2014,Q3,2014-11-13,2014-09-30,-749000.0,2739000.0,-123000.0,-0.04,1018000.0,0.37166849215041986,51392000.0,-27691000.0,2195000.0,6909000.0,79083000.0,0.0,-94775000.0,107035665.9,156515665.9,-1.4746365024482928,0.3177015487045882,0.9666095890410958,-1.7939402694016107,-0.005594723675233114,-1.4746365024482928,0.027048499512476978,39.07837382256298,-35.72619022029373,-3.8653593550250984,0.0,0.0,0.0,0.05329623287671233,0.23273990447242726,-0.014574252801992527,-119.06080745272526,0.37166849215041986,-2.3333333333333335,0.9874057362069047,-0.9559724484930927,0.802704438254211,-0.5916566385880465,-2.570230607966457,-1.1124314442413163,0.4474687228720401,-0.19741894085870543,-0.6930135016729827,Real Estate Services,Real Estate,MLP
2014Q2,2014,Q2,2014-08-01,2014-06-30,477000.0,5009000.0,1094000.0,0.03,2493000.0,0.4977041325613895,51900000.0,-27135000.0,2008000.0,7462000.0,79035000.0,0.0,-94026000.0,128740995.74000001,177313995.74,-1.4458960716439773,0.2690967569016349,0.9398073217726397,-1.797530864197531,0.050552192597384596,-1.4458960716439773,-0.017578772802653398,25.701935663805152,67.47431642557652,-4.7444627138382165,0.0,0.0,0.0,0.09651252408477842,0.1999463950683463,0.009190751445086706,65.15232577935222,0.4977041325613895,1.5999999999999999,1.0037662982820506,-0.8384536853918974,0.6669563281321296,2.280263157894737,1.5247524752475248,3.9095744680851063,1.1912192580843142,-0.05510272883747932,-0.7898327414059071,Real Estate Services,Real Estate,MLP
2014Q1,2014,Q1,2014-05-02,2014-03-31,-909000.0,2469000.0,-376000.0,-0.05,760000.0,0.30781692993114623,53379000.0,-27827000.0,3288000.0,5051000.0,81206000.0,0.0,-94503000.0,120359136.17999999,170480136.18,-1.484302277916199,0.6509602058998218,0.9479383278068154,-1.8183778344773063,-0.016510780310016248,-1.484302277916199,0.03266611564308046,48.74813130012151,-33.10207265676568,-4.325264533726237,0.0,0.0,0.0,0.04625414488843927,0.39041773906157196,-0.01702916877423706,-93.51914233100233,0.30781692993114623,-1.67729512283237,0.9705904212738579,-0.9322771952706856,-1.6373689978649797,-0.7455641111483093,-1.6567919075144508,-1.154351395730706,-1.072367745593302,-0.6193425863485125,-1.3530563566631608,Real Estate Services,Real Estate,MLP
2013Q4,2013,Q4,2014-03-20,2013-12-31,1384000.0,5918000.0,2436000.0,0.07382306222862757,2987000.0,0.5047313281514025,53753000.0,-27231000.0,2902000.0,54596000.0,80984000.0,0.0,-93594000.0,114172451.61,162813451.61,-1.452511421638553,0.05315407722177449,0.9115770282588879,-1.7994197789284272,0.11190224631356516,-1.452511421638553,-0.050824428041570266,19.292404800608313,20.623636490245666,-4.192738115015974,0.0,0.0,0.0,0.11009618067828772,0.02861015459007986,0.02574740014510818,84.01210567328918,0.5047313281514025,1.9227882778578447,1.0083914805303908,-0.8491537881894953,-1.367640780160522,3.6599063962558502,1.8849104859335037,3.6769230769230767,-0.8860753804889774,-0.60138926108182,-0.11101253667677959,Real Estate Services,Real Estate,MLP
2013Q3,2013,Q3,2013-11-12,2013-09-30,-1564000.0,2834000.0,-910000.0,-0.08,641000.0,0.22618207480592803,56668000.0,-35956000.0,4253000.0,59011000.0,92624000.0,0.0,-94978000.0,78982000.0,129069000.0,-1.8391815856777494,0.07207130873904866,0.8912790287287358,-1.404689064412059,-0.06253865713696653,-1.8391815856777494,0.04349760818778507,27.869442484121382,-12.625,-2.196629213483146,0.0,0.0,0.0,0.050010587986165034,0.02621545135652675,-0.02759935060351521,-41.85585585585586,0.22618207480592803,-3.0,0.9266055066129959,-0.9395173254601782,-1.1288117265298725,-0.06695778748180495,-2.882069795427196,0.04512067156348373,-1.0594477854895892,-0.7380302940011833,-0.16258415452032982,Real Estate Services,Real Estate,MLP
2013Q2,2013,Q2,2013-07-26,2013-06-30,831000.0,3107000.0,-953000.0,0.04,687000.0,0.22111361441905375,57482000.0,-34703000.0,4245000.0,57590000.0,92185000.0,0.0,-93414000.0,85073625.0,133211625.0,-1.6704211793020458,0.07371071366556693,0.8456038412024633,-1.4006570037172579,-0.06854142692750288,-1.6704211793020458,-0.023946056536898828,27.381276150627617,25.593749999999996,-2.451477537965017,0.0,0.0,0.0,0.054051703141853105,0.029328008334780345,0.014456699488535542,-65.49162817551964,0.22111361441905375,1.4000000000000001,0.3333333823529412,-0.9227855391764557,-1.1195789519673989,0.27932960893854747,1.4578512396694214,0.14375561545372867,1.0705762023108787,-0.8545896956533556,0.8376415530408331,Real Estate Services,Real Estate,MLP
2013Q1,2013,Q1,2013-05-02,2013-03-31,-1815000.0,3353000.0,-1113000.0,-0.1,537000.0,0.1601550849985088,60840000.0,-35845000.0,4944000.0,14473000.0,96685000.0,0.0,-94245000.0,75253076.60000001,125764076.60000001,-1.9195939425551671,0.34160160298486836,0.8377383300460224,-1.4218998465615846,-0.07359650862924023,-1.9195939425551671,0.05063467708188032,22.44350629287206,-10.365437548209368,-2.099402332263914,0.0,0.0,0.0,0.05511176857330703,0.13051889725696122,-0.029832347140039447,-42.68467192285877,0.1601550849985088,-0.09327985948477763,-0.07997796425156563,-0.941803054693218,-1.125485598002384,0.5431034482758621,-0.0626463700234192,0.13921113689095127,0.7096966092976535,-0.8645349120516516,0.8012513622917489,Real Estate Services,Real Estate,MLP
2012Q4,2012,Q4,2013-03-01,2012-12-31,-1708000.0,3780000.0,-1293000.0,-0.09146788823780794,348000.0,0.09206349206349207,61485000.0,-34363000.0,4916000.0,14685000.0,95848000.0,0.0,-92430000.0,77493863.0,125932863.0,-1.8402289481942589,0.33476336397684714,0.8013011303569977,-1.4337514186770655,-0.08674941294867494,-1.8402289481942589,0.04970462415970666,20.50102195767196,-11.342778542154567,-2.255154177458313,0.0,0.0,0.0,0.06147840936813857,0.13394620360912496,-0.02777913312189965,-53.114368060315286,0.09206349206349207,-0.01630986930897712,0.8137520349275766,-0.9357442911543695,-1.1161519874018722,-0.5245901639344263,-0.05693069306930693,-0.3978378378378378,0.9756539229080421,1.3159049152659672,0.8067693592362171,Real Estate Services,Real Estate,MLP
2012Q3,2012,Q3,2012-10-25,2012-09-30,-1616000.0,3622000.0,-925000.0,-0.09,732000.0,0.20209828823854223,61447000.0,-28178000.0,5254000.0,59565000.0,89625000.0,0.0,-90722000.0,42677536.910000004,89675536.91,-1.5119808843719889,0.08820616133635524,0.7741305515322148,-1.6881254879693377,-0.047705002578648785,-1.5119808843719889,0.057349705443963374,11.782864966869134,-6.602341724938119,-1.5145694126623608,0.0,0.0,0.0,0.058945107165524764,0.03471837488457987,-0.026299087018080623,-36.07568631445478,0.20209828823854223,-0.5,-3.3355829177818404,-0.9471393055592062,-1.088735976114764,-0.35048802129547474,-0.562862669245648,-0.5893470790378007,0.9726207139195671,-0.9413361255033057,0.7977080335148381,Real Estate Services,Real Estate,MLP
2012Q2,2012,Q2,2012-08-03,2012-06-30,-1034000.0,3452000.0,-582000.0,-0.06,1127000.0,0.3264774044032445,62526000.0,-26847000.0,5451000.0,58268000.0,89373000.0,0.0,-89106000.0,71510734.08,117265734.08,-1.4416364385893323,0.09355049083544999,0.7495761763106548,-1.745744403471524,,-1.4416364385893323,0.03851454538682162,20.715739884125146,-17.289829323017408,-2.6636396647670133,0.0,0.0,0.0,0.05520903304225442,0.04541086016338299,-0.016537120557847937,-79.45637119999999,0.3264774044032445,-3.5696877380045695,0.8738091501281815,-0.961780368072536,-1.0873878423216756,-0.5138050043140638,-3.237704918032787,-2.42997542997543,0.9917724674690465,-0.8878060221059391,0.6679374801396287,Real Estate Services,Real Estate,MLP
2012Q1,2012,Q1,2012-05-04,2012-03-31,-244000.0,5310000.0,407000.0,-0.01313,2318000.0,0.43653483992467046,64032000.0,-26097000.0,6263000.0,12020000.0,90129000.0,0.0,-88072000.0,74893044.46000001,119784044.46000001,-1.4042814090188476,0.5210482529118137,0.7256996501749126,-1.7805878070276278,,-1.4042814090188476,0.009349733685864276,14.104151499058382,-76.73467670081968,-2.8697951664942334,0.0,0.0,0.0,0.08292728635682159,0.2625623960066556,-0.003810594702648676,-170.2114646818182,0.43653483992467046,0.9311882767456289,-1.0061932343995112,-0.9652703684667481,-1.0774258911902206,1.434873949579832,0.9311900733220531,1.1767260095527572,0.9920361633847883,-0.8530681448304906,-1.6030075192253375,Real Estate Services,Real Estate,MLP
2011Q4,2011,Q4,2012-03-02,2011-12-31,-3546000.0,3511000.0,-2303000.0,-0.19081050988162754,952000.0,0.27114782113358016,64072000.0,-26253000.0,5318000.0,12497000.0,90325000.0,0.0,-87828000.0,77494787.94,122125787.94,-1.412675780011948,0.4255421301112267,0.7104663503558497,-1.733935169313983,-0.11680721040929368,-1.412675780011948,0.13507027768255056,22.07199884363429,-5.4635355287648055,-2.9518450439949717,0.0,0.0,0.0,0.05479772755649894,0.18836520764983597,-0.05534398801348483,-36.45098209783631,0.27114782113358016,-1.725864426880393,0.02928080081178306,-0.9698862876044294,-1.1043262942527523,-0.017543859649122806,-1.6482449589245707,-1.86799501867995,0.9783105356195221,-0.9097186859270981,-1.357558101189723,Real Estate Services,Real Estate,MLP
2011Q3,2011,Q3,2011-11-03,2011-09-30,-1339000.0,3371000.0,-803000.0,-0.07,969000.0,0.28745179471966775,66413000.0,-16156000.0,3506000.0,12821000.0,82569000.0,0.0,-84282000.0,81520749.79499999,125093749.79499999,-0.8710128424794624,0.27345760861087276,0.6598256365470616,-2.712366922505571,-0.027663033710839377,-0.8710128424794624,0.08287942560039614,24.182957518540487,-15.220453658513815,-5.045849826380292,0.0,0.0,0.0,0.05075813470254318,0.14250058497777085,-0.020161715326818545,-23.601838388824547,0.28745179471966775,0.4615384615384615,0.787679280428235,-0.966569363786145,-1.0628643078616915,-0.40625,0.4561332250203087,0.5171377029464823,0.9337715210250467,-0.924172389663848,-1.0610035838457605,Real Estate Services,Real Estate,MLP
2011Q2,2011,Q2,2011-08-04,2011-06-30,-2462000.0,5232000.0,-1663000.0,-0.13,1632000.0,0.3119266055045872,71611000.0,-14963000.0,8441000.0,15553000.0,86574000.0,352000.0,-82943000.0,93352205.52,137179205.51999998,-0.8078386534086035,0.5427248762296663,0.6203097289522559,-2.9687228496959164,-0.0564532554823817,-0.8078386534086035,0.1645391966851567,17.842546926605504,-9.479306003249391,-6.238869579629753,0.0,10.227272727272727,0.0,0.07306140118138275,0.15874750851925673,-0.03438019298711092,-25.568941528348397,0.3119266055045872,-1.1940298507462686,0.6307746694633621,-0.9392493543521272,-1.0563355389861246,0.011152416356877323,-1.198148893360161,-0.0012040939193257074,-5.430704265662546,-0.8541615260626998,-1.05783002558296,Real Estate Services,Real Estate,MLP
2011Q1,2011,Q1,2011-05-05,2011-03-31,12425000.0,6416000.0,-1661000.0,0.67,1614000.0,0.2515586034912718,79869000.0,-11698000.0,15570000.0,19001000.0,91567000.0,674000.0,-79546000.0,105705223.2,151397223.2,-0.6307975895745519,0.8194305562865113,0.5884636091599995,-4.0177808172337155,-0.04705115857458501,-0.6307975895745519,-1.0621473756197641,16.475252992518705,2.126865657947686,-9.03617910753975,0.0,7.1246290801186944,0.0,0.08033154290150121,0.21419925267091205,0.15556724135772326,-52.35523684992571,0.2515586034912718,0.03395189481567777,-0.6473684187821667,-0.9574516986562276,-1.0433080097767546,-0.8334193415213128,0.033951901472913375,-1.3621103117505995,8.444444291175278,-0.887868246545254,-1.0412358108615725,Real Estate Services,Real Estate,MLP
2010Q4,2010,Q4,2011-03-14,2010-12-31,12017000.0,14686000.0,4587000.0,0.6479991993432545,9689000.0,0.6597439738526488,90405000.0,-24245000.0,18419000.0,44143000.0,114650000.0,1617000.0,-91971000.0,92352984.48,135631984.48000002,-1.307376265962986,0.4172575493283193,0.5018970189701897,-1.8714786553928644,0.23338569385727878,-1.307376265962986,-0.49564858733759537,6.2885050034046035,1.9212986702171924,-3.8091558869870084,0.0,3.090290661719233,0.0,0.1624467673248161,0.08936864281992615,0.1329240639345169,-20.82367181059752,0.6597439738526488,-0.5200005930790708,-0.026524203224493455,-0.8921736772779495,-1.1039534758525078,26.841954022988507,-0.3999600539271983,-0.794498454370324,2.3194634157559415,-0.7486255895981281,-1.0825192711606064,Real Estate Services,Real Estate,MLP
2010Q3,2010,Q3,2010-11-02,2010-09-30,20027000.0,8235000.0,22321000.0,1.35,348000.0,0.04225865209471767,99391000.0,-23543000.0,21450000.0,92096000.0,122934000.0,3157000.0,-103988000.0,68903706.3,110400706.3,-1.581977165718878,0.2329091382904795,0.4357436790051413,-1.8395701482393918,1.144024338998477,-1.581977165718878,-0.8506562460179247,8.367177449908924,0.8601351463024917,-2.9267173384870238,0.0,2.4982578397212545,0.0,0.08285458441911239,0.04727675469075747,0.2014971174452415,-14.301308904109588,0.04225865209471767,3.368421052631579,3.8061385140612534,-0.9101985351279537,-1.1363623277505623,22.2,5.3660344451711355,13.820792647903504,68.28593785382485,-0.849495219733229,-1.0928439568530917,Real Estate Services,Real Estate,MLP
2010Q2,2010,Q2,2010-08-04,2010-06-30,-4587000.0,8324000.0,-1741000.0,-0.57,15000.0,0.0018020182604517058,119394000.0,-83268000.0,21883000.0,90389000.0,202662000.0,3083000.0,-124015000.0,30188105.98,129017105.98,-10.288477197137492,0.24209804290345063,0.8389198787208737,-1.2028870634577509,-0.10305433881851545,-10.288477197137492,0.05508718835567085,3.6266345482940894,-1.6453077163723566,-0.3625415042993707,0.0,2.6951021732079146,0.0,0.06971874633566176,0.040812488245251084,-0.03841901603095633,-4.911829804751058,0.0018020182604517058,-0.7272727272727271,-1.6297369403199249,-0.8551928219183199,-1.9204594403444022,-0.9931224209078404,-0.6957486136783734,-1.053066037735849,-0.28809841051877283,-0.7879390207869672,-1.6236578092555574,Real Estate Services,Real Estate,MLP
2010Q1,2010,Q1,2010-05-11,2010-03-31,-2705000.0,10709000.0,-848000.0,-0.33,2181000.0,0.20366047249976654,119922000.0,-78031000.0,21595000.0,85354000.0,197953000.0,3142000.0,-119428000.0,50413465.440000005,143719465.44,-9.658400503720658,0.25300513156969795,0.7846850452794316,-1.205943791570017,-0.05384193495718846,-9.658400503720658,0.03466570978200972,4.707579180128864,-4.659285160813309,-0.6460697087055145,0.0,2.714194780394653,0.0,0.0892997114791281,0.040841671157766476,-0.0225563282800487,29.073509480968863,0.20366047249976654,0.9121636500510658,-2.969501832283811,-0.7434059242200518,-1.9716381441729516,4.575409836065574,0.9108819556551248,-1.259010384850336,-1.15793174622746,-0.8388875692578677,-1.5325216595975104,Real Estate Services,Real Estate,MLP
2009Q4,2009,Q4,2010-03-29,2009-12-31,-30353000.0,-5177000.0,3274000.0,-3.756986716682256,-610000.0,-0.11782885841220785,128048000.0,-76941000.0,28887000.0,28043000.0,204989000.0,3387000.0,-116723000.0,44838899.55,139598899.55,-9.52348416855828,1.0300966373069929,0.7547247907034862,-1.256040342600174,5.501612199882145,-9.52348416855828,0.3944970821798521,-8.661174338419933,-0.3693119259216552,-0.5827699087612587,0.0,-1.3483909064068498,0.0,-0.04043015119330251,0.3528866383767785,-0.23704392102961389,12.396709856234448,0.11782885841220785,-0.18516931125623226,-11.565867489089298,-1.0980687682593633,-1.9816355806566335,-1.1155740810913224,-0.19096759004943892,4.097445600756859,-18.113093609157232,-1.1021377086482183,-1.703310572559002,Real Estate Services,Real Estate,MLP
2009Q3,2009,Q3,2009-11-04,2009-09-30,-25486000.0,26660000.0,-1057000.0,-3.17,5278000.0,0.19797449362340586,149459000.0,-60147000.0,33312000.0,20283000.0,209606000.0,9939000.0,-86370000.0,50617064.12,138809064.12,-7.474250760634594,1.642360597544742,0.5957955024454867,-1.4804894674713618,-0.03518420025293617,-7.474250760634594,0.42372853176384523,1.8986145581395348,-0.49651832496272463,-0.8415559233211963,0.0,2.151323070731462,0.0,0.1783766785539847,0.2896021298624464,-0.17052168153138988,-10.115320567545963,0.19797449362340586,0.5303703703703704,-9.556844826460164,-0.31536852513978014,-1.766354384426825,3.842218632202477,0.5299433777826961,0.9617984025443638,-8.31486272425314,-0.390590789131808,-1.5394450895976233,Real Estate Services,Real Estate,MLP
2009Q2,2009,Q2,2009-08-04,2009-06-30,-54219000.0,13274000.0,-27669000.0,-6.75,-1857000.0,-0.13989754407111646,182550000.0,-34880000.0,37420000.0,80119000.0,217430000.0,10823000.0,-60884000.0,61943389.02,154960389.02,-4.3414608766913085,0.46705525530772973,0.5177430840865517,-2.709690366972477,-0.467559043665729,-4.3414608766913085,1.5544438073394495,4.666520191351514,-0.2856166151164721,-1.7758999145642202,0.0,1.3980412085373741,0.0,0.0727143248425089,0.12138194435776782,-0.2970090386195563,-11.164994416005769,-0.13989754407111646,-3.090909090909091,-19.450172391704626,-0.6042905059433477,-1.436972315258768,-4.477876106194691,-3.1003554412765637,-1.656649063850216,-17.745991019253875,-0.6446646311103337,-1.3027566673661881,Real Estate Services,Real Estate,MLP
2009Q1,2009,Q1,2009-05-06,2009-03-31,-13223000.0,15597000.0,-10415000.0,-1.65,-339000.0,-0.021734949028659356,231577000.0,18678000.0,44885000.0,76098000.0,212899000.0,10461000.0,-6665000.0,68093654.46000001,154995654.46,2.3287958512074254,0.5898315330232069,0.3884712212352695,4.8164150337295215,-0.09874295992340565,2.3287958512074254,-0.707945176143056,4.365817430275054,-1.287409333358542,3.645660909090909,0.0,1.5233725265271008,0.0,0.06735124818095062,0.18114799337696127,-0.05709979833921331,-6.717337916543356,-0.021734949028659356,0.812444208392976,-8.850760434941101,-0.653476745507746,-0.7709397592227849,0.9146095717884131,0.8125965504046259,0.692990213418229,-1.8677156784653997,-0.7608438337791724,-0.840114301070523,Real Estate Services,Real Estate,MLP
2008Q4,2008,Q4,2009-03-31,2008-12-31,-70559000.0,16784000.0,-33924000.0,-8.797382292822824,-3970000.0,-0.236534795042898,248200000.0,31688000.0,53139000.0,67584000.0,216512000.0,9737000.0,6558000.0,107714697.22,231037697.22,3.9508985401574526,0.7862659801136364,0.5519379532634971,4.3231191618278215,-0.17868071209839295,3.9508985401574526,-2.2266788689724817,6.417701216634891,-0.3816476183761108,3.3992267489270382,0.0,2.13145732771901,0.0,0.06762288477034649,0.35273141571969696,-0.2842828364222401,-8.62269430195325,-0.236534795042898,-7.070992929195252,-53.68641467921506,-0.6528863364813587,-0.6008141757334717,-0.14310394471638352,-7.114893617021276,-0.9018893311655547,-14.216125491704407,-0.7150692108260579,-0.6858520024551269,Real Estate Services,Real Estate,MLP
2008Q3,2008,Q3,2008-11-07,2008-09-30,-8695000.0,19119000.0,-17837000.0,-1.09,-3473000.0,-0.18165176002929023,311680000.0,113897000.0,39450000.0,28255000.0,197783000.0,13771000.0,77117000.0,219289489.35999998,327066489.36,14.278060198589356,1.3962130596354627,0.3611652977412731,0.9883315627277277,-0.04848094818209457,14.278060198589356,-0.0763409045014355,11.469715432815523,-6.305045697527314,1.925331565888478,0.0,1.6405489797400334,0.0,0.061341760780287476,0.4768359582374801,-0.0278972022587269,-12.299595566773235,-0.18165176002929023,-37.333333333333336,-1.8320611216118252,-0.6712467010120374,0.5262776335370162,-22.30674846625767,-32.966911764705884,-0.6083859332732191,-4.8928573280098036,-0.6110412852972633,0.2307317492522452,Real Estate Services,Real Estate,MLP
2008Q2,2008,Q2,2008-08-08,2008-06-30,272000.0,17561000.0,-11090000.0,0.03,163000.0,0.009281931552872843,304389000.0,126654000.0,32004000.0,22494000.0,177735000.0,16692000.0,85812000.0,267013343.15,369542343.15,13.969190662897402,1.4227794078420912,0.34648426848539204,0.8327095867481485,-0.03015161771273599,13.969190662897402,0.0021475831793705685,15.204905367006434,245.41667568933823,2.108210898589859,0.0,1.0422957105200097,0.0,0.05769262358363804,0.4971547968347115,0.0008935933952935225,-17.33515179835097,0.009281931552872843,1.3333333333333333,1.0535714266018907,-0.617826815914009,0.7320160629044479,-0.9654661016949152,1.3675675675675676,-0.19814174589455488,-0.9666666699485006,-0.7272990627422051,0.24975476674159555,Real Estate Services,Real Estate,MLP
2008Q1,2008,Q1,2008-05-07,2008-03-31,-740000.0,25369000.0,-9256000.0,-0.09,4720000.0,0.18605384524419566,291126000.0,125778000.0,33067000.0,21886000.0,165348000.0,12459000.0,85540000.0,262206659.58,352614659.58000004,15.297324737765534,1.5108745316640775,0.3202324766595907,0.7412107045747269,-0.027974172524528905,15.297324737765534,-0.005883381831480863,10.335711284638732,-88.58333093918918,2.084678239278729,0.0,1.6573561281001685,0.0,0.08714096301944863,0.6623412226994425,-0.0025418547295672665,-13.122142907616857,0.18605384524419566,0.8167409658246657,-9.092479310798605e-08,-0.4242265271370228,0.7129743035291553,-0.13789954337899543,0.8167409608717187,0.29418941589141373,-1.5294117832327292,-0.4027257125039317,0.5389157048610387,Real Estate Services,Real Estate,MLP
2007Q4,2007,Q4,2008-03-17,2007-12-31,-4038000.0,25903000.0,-13114000.0,-0.49110812138130056,5475000.0,0.21136547890205767,271176000.0,130267000.0,27121000.0,28305000.0,140909000.0,11168000.0,90576000.0,239348882.42,299065882.41999996,15.843284211980654,0.9581699346405229,0.22755701094492137,0.4737040079221906,-0.04349274208760064,15.843284211980654,-0.030997873598071653,9.240199298150793,-14.818529124566618,1.8373715708506375,0.0,1.8291547277936964,0.0,0.09552099005811723,0.43165518459636104,-0.014890698291884238,-34.473409537663834,0.21136547890205767,-23.555406069065025,-0.5387072253704654,-0.5351406544564723,0.7564648872367635,-0.2146033567637355,-25.051612903225806,-1.7842887473460722,-2.3811556240775653,-0.517857533847458,0.6330505959448769,Real Estate Services,Real Estate,MLP
2007Q3,2007,Q3,2007-11-06,2007-09-30,-155000.0,28494000.0,-4710000.0,-0.02,6971000.0,0.24464799606934792,233356000.0,132053000.0,23974000.0,24124000.0,100745000.0,11126000.0,94614000.0,231957500.0,263466500.0,17.03909677419355,0.9937821256839662,0.14196335213150724,0.2508689692774871,-0.09821549290374398,17.03909677419355,-0.0011737711373463685,8.140573454060505,-374.125,1.7565485070388405,0.0,1.9344777997483373,0.0,0.12210528120125473,0.4435831537058531,-0.0006642211899415485,-12.208932049055214,0.24464799606934792,0.9545454545454545,0.9354838744884038,-0.32225100879445323,0.7278902495230533,-0.3260827532869296,0.9558404558404558,0.36998394863563405,0.9333333302368787,-0.2402079590030541,0.7470629415258635,Real Estate Services,Real Estate,MLP
2007Q2,2007,Q2,2007-08-08,2007-06-30,-3510000.0,38690000.0,-7476000.0,-0.44,10344000.0,0.26735590591884206,224929000.0,131601000.0,36339000.0,31551000.0,92777000.0,12176000.0,94769000.0,293005237.28999996,301118237.28999996,16.496990888991764,1.1517543025577637,0.07698873866864656,0.13158714599433136,-0.03366630828311455,16.496990888991764,-0.026671529851596872,7.573151648746445,-20.869318895299145,2.2264666475938633,0.0,2.328022339027595,0.0,0.1720098342143521,0.7116097746505657,-0.015604924220531812,84.70807669557675,0.26735590591884206,-1.2095238095238094,-0.517241342126565,0.02953639896368883,0.6290365192032712,-0.7328581389943442,-1.2233676975945018,-1.312698678266689,-0.33333327089298975,0.16160779132882225,0.660438388899962,Real Estate Services,Real Estate,MLP
2007Q1,2007,Q1,2007-05-09,2007-03-31,15714000.0,60983000.0,23908000.0,2.1,38721000.0,0.6349474443697424,251027000.0,134437000.0,43172000.0,33770000.0,116047000.0,18619000.0,98279000.0,267953343.6,303331343.6,18.137103589402646,1.2784127924193072,0.15546933198420887,0.2902995455120242,0.08544983110092619,18.137103589402646,0.11688746401660258,4.393902294081957,4.2629716113020235,1.993151763279454,0.0,1.1956603469574092,0.0,0.2429340270170141,0.6703286941071958,0.06259884394905728,-28.08735257861635,0.6349474443697424,11.68342786547701,18.272726423397764,0.5995572438062402,0.7239387952020707,1.221132335226295,11.785175017158545,60.32506203473945,9.09523770228568,0.46604793641919284,0.7839645811099573,Real Estate Services,Real Estate,MLP
