Quarters,Year,Quarter,FillingDate,Date,NetIncome,Revenue,OperatingIncome,EPSDiluted,GrossProfit,GrossProfitRatio,TotalAssets,CommonStockEquity,CurrentAssets,CurrentLiability,TotalLiability,Inventory,RetainedEarnings,MarketCap,EnterpriseValue,bookValuePerShare,currentRatio,debtToAssets,debtToEquity,roic,shareholdersEquityPerShare,roe,priceToSalesRatio,peRatio,pbRatio,payoutRatio,inventoryTurnover,dividendYield,assetTurnover,quickRatio,returnOnAssets,priceToFreeCashFlowsRatio,grossProfitMargin,epsdilutedGrowth,fiveYNetIncomeGrowthPerShare,fiveYRevenueGrowthPerShare,fiveYShareholdersEquityGrowthPerShare,grossProfitGrowth,netIncomeGrowth,operatingIncomeGrowth,threeYNetIncomeGrowthPerShare,threeYRevenueGrowthPerShare,threeYShareholdersEquityGrowthPerShare,Industry,Sector,Symbol
2023Q1,2023,Q1,2023-05-15,2023-03-31,2234080.0,0.0,-286936.0,0.15,0.0,0.0,119264001.0,118942098.0,152042.0,321903.0,321903.0,0.0,-1156347.0,37347540.0,37339264.0,32.85693314917127,0.4723224076818172,0.0,0.0,-0.005535796168070094,32.85693314917127,0.01878292074518477,0.0,4.1792975184415955,0.31399765623774356,0.0,0.0,0.0,0.0,0.025709608173890893,0.018732224152030585,-349.3852846250994,0.0,0.25,7.066193179878913,0.0,-0.027429707752510763,0.0,0.22431375944575754,-0.5658770048514814,7.066193179878913,0.0,-0.027429707752510763,Shell Companies,Financial Services,KYCH
2022Q4,2022,Q4,2023-03-31,2022-12-31,1824761.0,0.0,-183243.0,0.12,0.0,0.0,118133929.0,117968526.0,282060.0,165403.0,165403.0,0.0,-869829.0,152863.19999999998,37692.19999999998,7802.15119047619,1.7052895050271155,0.0,0.0,-0.003453437312187805,7802.15119047619,0.015468202086376837,0.0,0.020942907043716957,0.0012957964737136752,0.0,0.0,0.0,0.0,0.6963053874476279,0.015446544573997873,-1.0916538716980053,0.0,1.0905923344947734,166838.43879532875,0.0,7417392.207190577,0.0,1.102973936994716,0.005697449170614185,166838.43879532875,0.0,7417392.207190577,Shell Companies,Financial Services,KYCH
2022Q3,2022,Q3,2022-11-08,2022-09-30,867705.0,0.0,-184293.0,0.0574,0.0,0.0,117371876.0,117147767.0,522792.0,224109.0,224109.0,0.0,-687803.0,36091400.0,35836200.0,32.36126160220994,2.332757720573471,0.0,0.0,-0.0039947933693966434,32.36126160220994,0.007406927355260643,0.0,10.398522539342288,0.30808440420379507,0.0,0.0,0.0,0.0,1.1387315993556706,0.007392784622442262,-354.9124307952523,0.0,3.18978102189781,0.0,0.0,0.0,0.0,3.20143226518695,-0.4886589444094412,0.0,0.0,0.0,Shell Companies,Financial Services,KYCH
2022Q2,2022,Q2,2022-08-11,2022-06-30,206526.0,0.0,-123798.0,0.0137,0.0,0.0,117058205.0,116806061.0,715186.0,250050.0,252144.0,0.0,-504317.0,35548400.0,35191509.0,32.26686767955801,2.8601719656068787,0.0,0.0,-0.00529176383786427,32.26686767955801,0.0017681103037966498,0.0,43.03138587877555,0.30433694703565084,0.0,0.0,0.0,0.0,1.4272785442911418,0.001764301784740335,-220.72211356368942,0.0,1.441935483870968,685.9966004388608,0.0,19549.747171697403,0.0,1.588009532242497,0.6645813295040438,685.9966004388608,0.0,19549.747171697403,Shell Companies,Financial Services,KYCH
2022Q1,2022,Q1,2022-05-16,2022-03-31,-351229.0,0.0,-369085.0,-0.031,0.0,0.0,117231372.0,116633277.0,983696.0,598095.0,598095.0,0.0,-371789.0,33660539.25,33029017.25,33.783607633380385,1.6447153044248823,0.0,0.0,-0.0030860462072002564,33.783607633380385,-0.0030113961386851883,0.0,-23.959111612366858,0.2886015047832361,0.0,0.0,0.0,0.0,1.0558891146055394,-0.002996032495465463,-111.86322480625307,0.0,-43.285714285714285,0.0,0.0,0.0,0.0,-32.67165180711341,-34.38347234205733,0.0,0.0,0.0,Shell Companies,Financial Services,KYCH
2021Q4,2021,Q4,2022-03-30,2021-12-31,-10431.0,0.0,-10431.0,-0.0007,0.0,0.0,943146.0,15168.0,9168.0,927978.0,927978.0,0.0,-11.632,140590674.0,140581506.0,0.0010518723994452149,0.009879544558168404,0.0,0.0,-0.6876977848101266,0.0010518723994452149,-0.6876977848101266,0.0,-3369.5396893874035,9268.899920886077,,0.0,,0.0,0.009879544558168404,-0.011059793499627841,0.0,0.0,0.0,0.0,0.0,0.0,0.0,0.0,0.0,0.0,0.0,0.0,Shell Companies,Financial Services,KYCH
2021Q2,2021,Q2,2021-06-30,2021-06-30,-1201.0,0.0,-1201.0,-8.3e-05,0.0,0.0,264041.0,23799.0,35000.0,240242.0,240242.0,0.0,-1201.0,140590674.0,140581299.0,0.0016504160887656034,0.1456864328468794,0.05917641578391235,0.6565401907643178,-0.030463676948051948,0.0016504160887656034,-0.050464305222908526,0.0,-29265.335970024982,5907.4193873692175,0.0,0.0,0.0,0.0,0.104061737747771,-0.004548536022814639,0.0,0.0,0.0,0.0,0.0,0.0,0.0,0.0,0.0,0.0,0.0,0.0,Shell Companies,Financial Services,KYCH
2021Q3,2021,Q3,2021-09-30,2021-09-30,,,,,,,563004.0,15168.0,26800.0,547836.0,547836.0,0.0,-11632.0,0.0,-11175.0,0.0,0.04891974970611643,0.027752911169370023,1.0301292194092826,,0.0,,0.0,0.0,0.0,0.0,0.0,,,0.04891974970611643,,0.0,0.0,0.0,0.0,0.0,0.0,0.0,0.0,0.0,0.0,0.0,0.0,Shell Companies,Financial Services,KYCH
