Year,Date,FillingDate,NetIncome,Revenue,OperatingIncome,EPSDiluted,GrossProfit,GrossProfitRatio,TotalAssets,CommonStockEquity,CurrentAssets,CurrentLiability,TotalLiability,Inventory,RetainedEarnings,EnterpriseValue,bookValuePerShare,currentRatio,debtToAssets,debtToEquity,roic,shareholdersEquityPerShare,roe,priceToSalesRatio,peRatio,pbRatio,payoutRatio,inventoryTurnover,dividendYield,assetTurnover,quickRatio,returnOnAssets,priceToFreeCashFlowsRatio,grossProfitMargin,epsdilutedGrowth,fiveYNetIncomeGrowthPerShare,fiveYRevenueGrowthPerShare,fiveYShareholdersEquityGrowthPerShare,grossProfitGrowth,netIncomeGrowth,operatingIncomeGrowth,threeYNetIncomeGrowthPerShare,threeYRevenueGrowthPerShare,threeYShareholdersEquityGrowthPerShare,Industry,Sector,Price,MarketCap,AvgVolume,Symbol
2022,2022-12-31,2023-03-13,15100000.0,608500000.0,19700000.0,0.65,60200000.0,0.0989317995,381600000.0,266200000.0,140100000.0,74500000.0,115400000.0,5900000.0,7100000.0,277195549.23,11.589219379003303,1.8805369127516778,0.07337526205450734,0.10518407212622088,0.06119774522712311,11.589219379003303,0.05672426746806912,0.41560484672144615,16.748049617880795,0.9500208460931631,0.0,92.9322033898305,0.0,1.594601677148847,1.6348993288590603,0.03957023060796646,8.237640040065147,0.09893179950698439,5.333333333333334,1.8379907447696675,0.4472583770832811,-0.05976696705299659,9.6,8.19047619047619,6.628571428571429,0.28998037083388567,-0.3210803125358706,-0.11606474577591477,Oil & Gas Equipment & Services,Energy,10.1,251273860,163688,RNGR
2021,2021-12-31,2022-03-30,-2100000.0,293100000.0,-3500000.0,-0.15,-7000000.0,-0.0238826339,393100000.0,248700000.0,105200000.0,102700000.0,144400000.0,2500000.0,-8000000.0,189505404.24,20.96909423630677,1.0243427458617331,0.17374713813279064,0.2746280659429031,-0.0027433152685089803,20.96909423630677,-0.008443908323281062,0.415576268304333,-58.00257344761904,0.4897684127060715,0.0,120.04,0.0,0.7456118036123124,0.9191820837390458,-0.0053421521241414395,-2.706786760888889,-0.023882633913340157,0.85,0.7596088416561049,2.177247858522532,0.26417324452606644,-2.4285714285714284,0.7961165048543689,0.7682119205298014,0.547925804987255,-0.3130355789505627,0.733827807789663,Oil & Gas Equipment & Services,Energy,10.1,251273860,163688,RNGR
2020,2020-12-31,2021-02-26,-10300000.0,187800000.0,-15100000.0,-1.0,4900000.0,0.0260915868,240600000.0,101900000.0,35700000.0,33000000.0,55800000.0,2300000.0,-18400000.0,61760098.16,11.941881126366665,1.0818181818181818,0.13923524522028263,0.32875368007850836,-0.058220408774425386,11.941881126366665,-0.10107948969578018,0.16538923407880723,-3.0155435106796116,0.3048095992149166,0.0,79.52173913043478,0.0,0.7805486284289277,0.9030303030303031,-0.042809642560266,1.6972731234972678,0.026091586794462194,-2.9607843137254903,0.0,6.047313642585697,1.0115600932047222,-0.8746803069053708,-3.340909090909091,-2.217741935483871,-0.538692817053144,0.2023571888040797,-0.031155529691771974,Oil & Gas Equipment & Services,Energy,10.1,251273860,163688,RNGR
2019,2019-12-31,2020-02-28,4400000.0,336900000.0,12400000.0,0.51,39100000.0,0.1160581775,293500000.0,113200000.0,58700000.0,55100000.0,90500000.0,3800000.0,-8100000.0,104303043.72,13.110936942068538,1.0653357531760435,0.18943781942078364,0.4911660777385159,0.045421245421245426,13.110936942068538,0.038869257950530034,0.16504316924903534,12.637055390909094,0.49119296572438165,0.0,78.36842105263158,0.0,1.147870528109029,0.9001814882032668,0.014991482112436116,2.007330098194946,0.11605817750074206,2.3076923076923075,0.0,11.494467893631631,1.2084826718764015,0.08913649025069638,2.3333333333333335,6.904761904761905,1.6918871861786633,4.0167181694127,-0.20957502951492918,Oil & Gas Equipment & Services,Energy,10.1,251273860,163688,RNGR
2018,2018-12-31,2019-03-06,-3300000.0,303100000.0,-2100000.0,-0.39,35900000.0,0.1184427581656219,302500000.0,101900000.0,61100000.0,58900000.0,110500000.0,4900000.0,-9900000.0,112460315.81,12.094104236936202,1.0373514431239388,0.23636363636363636,0.7016683022571149,-0.0113882863340564,12.094104236936202,-0.0323846908734053,0.14371598749587597,-13.2000957,0.4274810187438665,0.0,54.53061224489796,0.0,1.0019834710743802,0.8675721561969439,-0.01090909090909091,-0.9018698925465839,0.1184427581656219,0.5,0.0,10.519003557442906,1.0372014416024293,2.663265306122449,0.5,0.8980582524271845,0.0,10.519003557442906,1.0372014416024293,Oil & Gas Equipment & Services,Energy,10.1,251273860,163688,RNGR
2017,2017-12-31,2018-03-13,-6600000.0,154000000.0,-20600000.0,-0.78,9800000.0,0.06363636363636363,259700000.0,103700000.0,49700000.0,52900000.0,64000000.0,0.0,-6600000.0,88953632.94,12.325901104196298,0.9395085066162571,0.06391990758567578,0.1600771456123433,-0.1563457650030645,12.325901104196298,-0.06364513018322084,0.5042443697402598,-11.76570196060606,0.7488296329797494,0.0,0.0,0.0,0.5929919137466307,0.8204158790170132,-0.025413939160569887,-1.9911187933333332,0.06363636363636363,0.5642458100558659,0.0,4.861247978726922,1.076246657592797,0.42028985507246375,-0.32,-3.577777777777778,0.0,4.861247978726922,1.076246657592797,Oil & Gas Equipment & Services,Energy,10.1,251273860,163688,RNGR
2016,2016-12-31,2016-12-31,-5000000.0,52800000.0,-4500000.0,-1.79,6900000.0,0.13068181818181818,135700000.0,112600000.0,22300000.0,11900000.0,23100000.0,0.0,0.0,107830578.74000001,16.587199837604537,1.8739495798319328,0.0950626381724392,0.11456483126110124,-0.035629453681710214,16.587199837604537,-0.04440497335701599,1.8282306579545455,-19.306115748,0.8572875554174068,-0.6,0.0,0.031078234888452717,0.38909358879882094,1.361344537815126,-0.036845983787767135,-5.886010898780488,0.13068181818181818,0.0,0.0,1.4905660377358492,1.794044665012407,1.3,0.0,0.296875,0.0,1.4905660377358492,1.794044665012407,Oil & Gas Equipment & Services,Energy,10.1,251273860,163688,RNGR
2015,2015-12-31,2015-12-31,0.0,21200000.0,-6400000.0,0.0,3000000.0,0.14150943396226415,54000000.0,40300000.0,5200000.0,4900000.0,13700000.0,0.0,0.0,106430578.74000001,5.936626584862014,1.0612244897959184,0.2037037037037037,0.2729528535980149,-0.12237093690248566,5.936626584862014,0.0,4.553329185849057,0.0,2.3952997205955335,0.0,0.0,0.0,0.3925925925925926,0.7142857142857143,0.0,-3.093928805769231,0.14150943396226415,0.0,0.0,0.0,0.0,0.0,0.0,0.0,0.0,0.0,0.0,Oil & Gas Equipment & Services,Energy,10.1,251273860,163688,RNGR
TTM,,,,,,,,,,,,,,,,261473860.0,10.914047465681596,2.087797619047619,0.06551264980026632,0.09037472446730345,0.10239731537453743,10.914047465681596,0.10392609699769054,0.391148599003736,9.329532722222222,0.925412871050698,0.0,87.63076923076923,0.0,1.7107856191744342,1.8616071428571428,0.07190412782956059,4.4552102836879435,0.1133250311332503,,,,,,,,,,,Oil & Gas Equipment & Services,Energy,10.1,251273860,163688,RNGR
