Quarters,Year,Quarter,FillingDate,Date,NetIncome,Revenue,OperatingIncome,EPSDiluted,GrossProfit,GrossProfitRatio,TotalAssets,CommonStockEquity,CurrentAssets,CurrentLiability,TotalLiability,Inventory,RetainedEarnings,MarketCap,EnterpriseValue,bookValuePerShare,currentRatio,debtToAssets,debtToEquity,roic,shareholdersEquityPerShare,roe,priceToSalesRatio,peRatio,pbRatio,payoutRatio,inventoryTurnover,dividendYield,assetTurnover,quickRatio,returnOnAssets,priceToFreeCashFlowsRatio,grossProfitMargin,epsdilutedGrowth,fiveYNetIncomeGrowthPerShare,fiveYRevenueGrowthPerShare,fiveYShareholdersEquityGrowthPerShare,grossProfitGrowth,netIncomeGrowth,operatingIncomeGrowth,threeYNetIncomeGrowthPerShare,threeYRevenueGrowthPerShare,threeYShareholdersEquityGrowthPerShare,Industry,Sector,Symbol
2023Q1,2023,Q1,2023-05-05,2023-03-31,6200000.0,157500000.0,9200000.0,0.25,16600000.0,0.1053968254,375500000.0,272200000.0,140300000.0,67200000.0,103300000.0,6500000.0,13400000.0,254142013.64999998,264342013.64999998,10.914047465681596,2.087797619047619,0.06551264980026632,0.09037472446730345,0.023315892740353172,10.914047465681596,0.022777369581190303,1.6136000866666664,10.247661840725806,0.9336591243570903,0.0,21.676923076923078,0.0,0.4194407456724368,1.8616071428571428,0.01651131824234354,21.1785011375,0.10539682539682539,-0.16666666666666663,1.3673511061147658,-0.15028997342437656,-0.06003045190760654,0.0440251572327044,-0.18421052631578946,0.01098901098901099,0.4282150366731909,-0.3281246467263215,-0.14495571924682715,Oil & Gas Equipment & Services,Energy,RNGR
2022Q4,2022,Q4,2023-03-13,2022-12-31,7600000.0,154300000.0,9100000.0,0.3,15900000.0,0.1030460143,381600000.0,266200000.0,140100000.0,74500000.0,115400000.0,5900000.0,7100000.0,274008611.49,298308611.49,10.696240472380053,1.8805369127516778,0.07337526205450734,0.10518407212622088,0.03035330261136713,10.696240472380053,0.028549962434259956,1.775817313609851,9.013441167434209,1.0293336269346356,0.0,23.45762711864407,0.0,0.40435010482180295,1.6348993288590603,0.019916142557651992,13.110459879904306,0.10304601425793908,-0.4444444444444445,1.8287544900940522,0.03904942138469267,-0.13223267990228174,-0.43416370106761565,-0.4411764705882353,-0.49444444444444446,4.822141531191335,-0.3226973572910225,-0.1721477439531881,Oil & Gas Equipment & Services,Energy,RNGR
2022Q3,2022,Q3,2022-10-31,2022-09-30,13600000.0,177000000.0,18000000.0,0.54,28100000.0,0.1587570621,408200000.0,257700000.0,162000000.0,108000000.0,150500000.0,5400000.0,-500000.0,242989156.26,291189156.26,10.372092478494208,1.5,0.13081822635962764,0.20721769499417927,0.0448318804483188,10.372092478494208,0.05277454404346139,1.3728200918644067,4.4667124312499995,0.9429148477299185,0.0,27.574074074074073,0.0,0.4336109750122489,1.2861111111111112,0.03331700146986771,31.55703328051948,0.15875706214689267,32.76470588235294,2.315751018009176,0.4582577566492852,-0.2060016922513942,1.3032786885245902,35.0,0.0,10.600419294957717,-0.2571543788873906,-0.20213233607114167,Oil & Gas Equipment & Services,Energy,RNGR
2022Q2,2022,Q2,2022-08-03,2022-06-30,-400000.0,153600000.0,0.0,-0.017,12200000.0,0.0794270833,385600000.0,243100000.0,129800000.0,105500000.0,142500000.0,4200000.0,-14100000.0,239116065.24,296616065.24,10.308943472810384,1.2303317535545024,0.16234439834024897,0.2575071986836693,0.0,10.308943472810384,-0.0016454134101192926,1.55674521640625,-149.44754077500002,0.9836119508021391,0.0,33.666666666666664,0.0,0.3983402489626556,1.1099526066350711,-0.001037344398340249,15.133928179746835,0.07942708333333333,0.9451612903225806,0.9601381864893387,1.7252705735478824,0.3817120053861827,2.05,0.9298245614035088,1.0,-1.1444268986499821,-0.34211234778655814,-0.2245985189529448,Oil & Gas Equipment & Services,Energy,RNGR
2022Q1,2022,Q1,2022-04-29,2022-03-31,-5700000.0,123600000.0,-5200000.0,-0.31,4000000.0,0.0323624595,394500000.0,242700000.0,126400000.0,114700000.0,151800000.0,3900000.0,-13700000.0,189347317.25,267847317.25,13.13815815365084,1.102005231037489,0.20861850443599492,0.33910177173465184,-0.012281530467642892,13.13815815365084,-0.023485784919653894,1.5319362237055016,-8.304706896929824,0.7801702400082406,0.0,30.666666666666668,0.0,0.3133079847908745,0.9825632083696599,-0.014448669201520912,-13.820972062043795,0.032362459546925564,-1.3131313131313131,0.6621583504586582,0.5608296429524384,-0.19506643275248828,39.0,-1.2336065573770492,-1.2549019607843137,-2.3034681841392715,-0.3598034310480065,0.06220675997851464,Oil & Gas Equipment & Services,Energy,RNGR
2021Q4,2021,Q4,2022-03-30,2021-12-31,24400000.0,123100000.0,20400000.0,0.99,100000.0,0.0008123477,393100000.0,248700000.0,105200000.0,102700000.0,144400000.0,2500000.0,-8000000.0,187199013.04,269599013.03999996,13.644030267692912,1.0243427458617331,0.21114220300178071,0.33373542420587055,0.07808220467401433,13.644030267692912,0.09811017289907518,1.5207068484159219,1.9180226745901638,0.7527101449135504,0.0,49.2,0.0,0.31315186975324344,0.9191820837390458,0.06207071991859578,-2.9023102796899223,0.0008123476848090983,2.941176470588235,2.8174062802697777,0.7431489832108212,-0.17743619168554411,1.1,5.357142857142857,3.5185185185185186,10.30420207604317,-0.3314111834984943,0.13071118273779178,Oil & Gas Equipment & Services,Energy,RNGR
2021Q3,2021,Q3,2021-11-05,2021-09-30,-5600000.0,81700000.0,-8100000.0,-0.51,-1000000.0,-0.012239902080783354,338900000.0,114400000.0,125500000.0,124800000.0,163000000.0,2800000.0,-34200000.0,101309148.8,155709148.8,10.388795212145737,1.0056089743589745,0.16878135143110062,0.5,-0.04465243071331213,10.388795212145737,-0.04895104895104895,1.2400140611995103,-4.522729857142857,0.8855694825174824,0.0,29.535714285714285,0.0,0.24107406314547064,0.5464743589743589,-0.016524048391856005,3.9885491653543306,-0.012239902080783354,0.135593220338983,0.0,2.128244250222853,0.0,0.5652173913043478,0.0,0.047058823529411764,-3.1577358141485705,-0.19479133975667692,-0.07801925869548133,Oil & Gas Equipment & Services,Energy,RNGR
2021Q2,2021,Q2,2021-07-30,2021-06-30,-5600000.0,50000000.0,-8500000.0,-0.59,-2300000.0,-0.046,250500000.0,107300000.0,50700000.0,40300000.0,74300000.0,2700000.0,-28600000.0,76185016.0,100685016.0,11.267307471589952,1.2580645161290323,0.11137724550898204,0.26001863932898417,-0.059968678285678846,11.267307471589952,-0.0521901211556384,1.52370032,-3.4011167857142857,0.710018788443616,0.0,19.37037037037037,0.0,0.1996007984031936,1.0397022332506203,-0.022355289421157686,-21.162504444444444,-0.046,-0.09259259259259246,-4.702636959477702,5.364550177988506,0.0,0.39473684210526316,-0.21739130434782608,-0.1643835616438356,-6.386300739242479,-0.3684763389840563,0.01400981233459304,Oil & Gas Equipment & Services,Energy,RNGR
2021Q1,2021,Q1,2021-05-06,2021-03-31,-4600000.0,38300000.0,-7300000.0,-0.54,-3800000.0,-0.09921671018276762,235300000.0,98400000.0,37400000.0,35300000.0,58400000.0,2300000.0,-23000000.0,47027398.160000004,81227398.16,11.46633709492892,1.0594900849858357,0.15172120696982574,0.3628048780487805,-0.05260370544008613,11.46633709492892,-0.046747967479674794,1.2278694036553526,-2.5558368565217395,0.4779207130081301,0.0,18.304347826086957,0.0,0.16277093072673182,0.8640226628895185,-0.019549511262218443,-20.446694852173916,-0.09921671018276762,-0.2558139534883722,-1.5991103367597284,5.311788779758,0.0,-2.4545454545454546,-0.24324324324324326,-0.21666666666666667,0.20790114852963754,-0.3994891642433156,-0.012464648767011454,Oil & Gas Equipment & Services,Energy,RNGR
2020Q4,2020,Q4,2021-02-26,2020-12-31,-3700000.0,41500000.0,-6000000.0,-0.43,-1100000.0,-0.02650602409638554,240600000.0,101900000.0,35700000.0,33000000.0,55800000.0,2300000.0,-18400000.0,31061343.040000003,61761343.04000001,11.941402518311714,1.0818181818181818,0.13923524522028263,0.32875368007850836,-0.04155124653739612,11.941402518311714,-0.03631010794896958,0.7484660973493976,-2.098739394594595,0.30482181589793916,0.0,18.52173913043478,0.0,0.17248545303408147,0.9030303030303031,-0.015378221113881962,-11.9466704,-0.02650602409638554,-0.13157894736842102,0.4113214831807865,0.25527481492124965,-0.2800832789607093,-1.75,-0.15625,-0.2,-0.1767171221952541,-0.1849646938170591,-0.03121485644593593,Oil & Gas Equipment & Services,Energy,RNGR
2020Q3,2020,Q3,2020-10-23,2020-09-30,-3200000.0,34600000.0,-5000000.0,-0.38,-400000.0,-0.011560693641618497,241400000.0,103700000.0,28900000.0,30700000.0,50800000.0,1700000.0,-14700000.0,22202698.41,50102698.41,12.190275028827003,0.9413680781758957,0.1296603148301574,0.3018322082931533,-0.034147276604922,12.190275028827003,-0.03085824493731919,0.6416964858381503,-1.7345858132812497,0.21410509556412727,0.0,20.58823529411765,0.0,0.14333057166528584,0.8241042345276873,-0.013256006628003313,8.881079364,-0.011560693641618497,0.3448275862068965,0.0,0.7149453458919479,0.0,0.8461538461538461,0.3469387755102041,0.38271604938271603,0.09579361285006455,-0.16743161888794736,-0.06681725370771993,Oil & Gas Equipment & Services,Energy,RNGR
2020Q2,2020,Q2,2020-07-28,2020-06-30,-4900000.0,30700000.0,-8100000.0,-0.58,-2600000.0,-0.08469055374592833,248100000.0,105900000.0,26900000.0,28300000.0,52900000.0,2000000.0,-11500000.0,24998527.150000002,56298527.150000006,12.496936244501908,0.950530035335689,0.15034260378879485,0.352219074598678,-0.052700065061808715,12.496936244501908,-0.04627006610009443,0.8142842719869707,-1.2754350586734693,0.236057857884797,0.0,16.65,0.0,0.12374042724707779,0.8162544169611308,-0.019750100765820233,1.7122278869863015,-0.08469055374592833,-4.866666666666667,-4.60752150352186,3.3916048509724765,0.0,-1.288888888888889,-4.266666666666667,-3.025,-0.3588500552921576,0.5157765408152089,0.6749695917060543,Oil & Gas Equipment & Services,Energy,RNGR
2020Q1,2020,Q1,2020-05-01,2020-03-31,1500000.0,81000000.0,4000000.0,0.15,9000000.0,0.1111111111111111,296300000.0,110000000.0,64700000.0,71000000.0,92900000.0,4100000.0,-6600000.0,34988190.86,81288190.86,12.764306728147304,0.9112676056338028,0.19473506581167735,0.5245454545454545,0.02146786528914531,12.764306728147304,0.013636363636363636,0.4319529735802469,5.831365143333333,0.31807446236363635,0.0,17.5609756097561,0.0,0.2733715828552143,0.8070422535211268,0.005062436719541006,9.20741864736842,0.1111111111111111,16.0,1.8439818042652578,12.292713417177811,0.0,0.1111111111111111,3.142857142857143,1.5,1.1905765364469936,1.192612522421082,-0.21797113202858184,Oil & Gas Equipment & Services,Energy,RNGR
2019Q4,2019,Q4,2020-02-28,2019-12-31,-700000.0,80200000.0,1600000.0,-0.01,8100000.0,0.10099750623441396,293500000.0,113200000.0,58700000.0,55100000.0,90500000.0,3800000.0,-8100000.0,56422714.04000001,105122714.04,12.920470282290589,1.0653357531760435,0.18943781942078364,0.4911660777385159,-0.002197802197802198,12.920470282290589,-0.006183745583038869,0.7035251127182046,-20.1509693,0.4984338696113075,0.0,18.973684210526315,0.0,0.27325383304940376,0.9001814882032668,-0.002385008517887564,5.129337640000001,0.10099750623441396,0.8333333333333333,0.8915261027170538,1.3627394247942086,-0.2210577789628586,-0.024096385542168676,-0.4,0.0,0.8915261027170538,1.3627394247942086,-0.2210577789628586,Oil & Gas Equipment & Services,Energy,RNGR
2019Q3,2019,Q3,2019-10-25,2019-09-30,-500000.0,84100000.0,1600000.0,-0.06,8300000.0,0.09869203329369798,308400000.0,114000000.0,68500000.0,58900000.0,105900000.0,2500000.0,-7400000.0,56562559.050000004,115762559.05000001,12.999765434057036,1.162988115449915,0.2178988326848249,0.5894736842105263,-0.03680981595092025,12.999765434057036,-0.0043859649122807015,0.6725631278240191,-28.281279525000002,0.4961627986842106,0.0,30.32,0.0,0.2726977950713359,1.0373514431239388,-0.001621271076523995,3.0574356243243246,0.09869203329369798,-1.5454545454545454,0.0,3.043580542123069,0.0,-0.1941747572815534,-1.5,-0.6,0.0,3.043580542123069,0.0,Oil & Gas Equipment & Services,Energy,RNGR
2019Q2,2019,Q2,2019-07-26,2019-06-30,1000000.0,84300000.0,4000000.0,0.11,10300000.0,0.1221826809015421,317900000.0,113200000.0,73100000.0,57900000.0,115800000.0,7700000.0,-6900000.0,67264510.5,143364510.5,13.294975215793773,1.2625215889464594,0.2447310474992136,0.6872791519434629,0.01670843776106934,13.294975215793773,0.0088339222614841,0.7979182740213523,16.816127625,0.5942094567137809,0.0,9.61038961038961,0.0,0.2651777288455489,1.0656303972366148,0.0031456432840515887,-74.738345,0.1221826809015421,-0.47619047619047616,2.138959755435542,11.00178842290202,0.0,-0.1693548387096774,-0.5,-0.23076923076923078,2.138959755435542,11.00178842290202,0.0,Oil & Gas Equipment & Services,Energy,RNGR
2019Q1,2019,Q1,2019-05-01,2019-03-31,2000000.0,88300000.0,5200000.0,0.21,12400000.0,0.1404303510758777,323600000.0,104500000.0,74700000.0,66400000.0,127400000.0,5900000.0,-7900000.0,67505264.81,142605264.81,12.368738976879216,1.125,0.24969097651421507,0.7732057416267942,0.023892483822797413,12.368738976879216,0.019138755980861243,0.7644990352208381,8.43815810125,0.6459833953110048,0.0,12.864406779661017,0.0,0.27286773794808405,0.9804216867469879,0.006180469715698393,-75.0058497888889,0.1404303510758777,0.9090909090909091,2.1478269241594075,13.780662954644367,0.0,0.0782608695652174,1.0,0.5757575757575758,2.1478269241594075,13.780662954644367,0.0,Oil & Gas Equipment & Services,Energy,RNGR
2018Q4,2018,Q4,2019-03-06,2018-12-31,1000000.0,85300000.0,3300000.0,0.11,11500000.0,0.13481828839390386,302500000.0,101900000.0,61100000.0,58900000.0,110500000.0,4900000.0,-9900000.0,43658995.6,112558995.6,12.066768663821483,1.0373514431239388,0.23636363636363636,0.7016683022571149,0.021730709637434148,12.066768663821483,0.009813542688910697,0.5118287878077374,10.914748900000001,0.4284494170755643,0.0,15.061224489795919,0.0,0.28198347107438015,0.8675721561969439,0.003305785123966942,-2.5531576374269007,0.13481828839390386,-0.5217391304347826,1.1607726284477329,1.6072063130402292,-0.27252527358685746,0.045454545454545456,-0.5238095238095238,-0.25,1.1607726284477329,1.6072063130402292,-0.27252527358685746,Oil & Gas Equipment & Services,Energy,RNGR
2018Q3,2018,Q3,2018-11-07,2018-09-30,2100000.0,82100000.0,4400000.0,0.23,11000000.0,0.13398294762484775,305000000.0,100400000.0,63600000.0,75500000.0,115300000.0,0.0,-11000000.0,75559004.8,128059004.8,11.26790912947546,0.8423841059602649,0.17868852459016393,0.5428286852589641,0.03042087978567107,11.26790912947546,0.02091633466135458,0.9203289257003654,8.99511961904762,0.7525797290836653,0.0,0.0,0.0,0.26918032786885243,0.7403973509933774,0.006885245901639345,-8.212935304347825,0.13398294762484775,3.875,0.0,2.8850106868914454,0.0,0.34146341463414637,4.0,3.4,0.0,2.8850106868914454,0.0,Oil & Gas Equipment & Services,Energy,RNGR
2018Q2,2018,Q2,2018-08-08,2018-06-30,-700000.0,73100000.0,1000000.0,-0.08,8200000.0,0.1121751025991792,289900000.0,97700000.0,64500000.0,69700000.0,104800000.0,0.0,-12600000.0,80628004.45,119928004.45,11.11163554290348,0.9253945480631277,0.17178337357709555,0.5097236438075742,-0.015513897866839044,11.11163554290348,-0.007164790174002047,1.102982277017784,-28.795715875000003,0.825261048618219,0.0,0.0,0.0,0.25215591583304586,0.8192252510760402,-0.002414625733011383,-6.348661767716536,0.1121751025991792,0.8823529411764707,0.2279441142735612,9.078086651179051,0.0,0.5769230769230769,0.8771929824561403,1.0925925925925926,0.2279441142735612,9.078086651179051,0.0,Oil & Gas Equipment & Services,Energy,RNGR
2018Q1,2018,Q1,2018-05-10,2018-03-31,-5700000.0,62600000.0,-10800000.0,-0.68,5200000.0,0.08306709265175719,262500000.0,97800000.0,51900000.0,56700000.0,77100000.0,0.0,-12500000.0,68563220.0,92563220.0,11.61106494123234,0.9153439153439153,0.09561904761904762,0.25664621676891614,-0.07876401948566897,11.61106494123234,-0.05828220858895705,1.0952591054313099,-3.0071587719298245,0.7010554192229039,0.0,0.0,0.0,0.23847619047619048,0.7901234567901234,-0.021714285714285714,-7.372389247311828,0.08306709265175719,-0.8888888888888891,-2.281295424093893,9.51069923127152,0.0,4.2,-0.8387096774193549,-1.0,-2.281295424093893,9.51069923127152,0.0,Oil & Gas Equipment & Services,Energy,RNGR
2017Q4,2017,Q4,2018-03-13,2017-12-31,-3100000.0,50200000.0,-5400000.0,-0.36,1000000.0,0.0199203187250996,259700000.0,103700000.0,49700000.0,52900000.0,64000000.0,0.0,-6600000.0,77651990.0,88951990.0,12.326161892309521,0.9395085066162571,0.06391990758567578,0.1600771456123433,-0.04160246533127889,12.326161892309521,-0.029893924783027964,1.546852390438247,-6.262257258064516,0.7488137897782063,0.0,0.0,0.0,0.19329996149403159,0.8204158790170132,-0.011936850211782826,-5.176799333333333,0.0199203187250996,0.14285714285714285,0.499728094615476,0.5401477769105301,-0.2568871169945692,-0.6774193548387096,0.11428571428571428,-0.125,0.499728094615476,0.5401477769105301,-0.2568871169945692,Oil & Gas Equipment & Services,Energy,RNGR
2017Q3,2017,Q3,2017-11-09,2017-09-30,-3500000.0,41100000.0,-4800000.0,-0.42,3100000.0,0.07542579075425791,257000000.0,109900000.0,56000000.0,44600000.0,52700000.0,0.0,-3500000.0,123671100.0,118971100.0,13.063116605253773,1.2556053811659194,0.0622568093385214,0.14558689717925385,-0.03401787241668636,13.063116605253773,-0.03184713375796178,3.009029197080292,-8.83365,1.1253057324840765,0.0,0.0,0.0,0.15992217898832684,1.0896860986547086,-0.013618677042801557,-25.239,0.07542579075425791,0.013000197399960606,0.0,1.0598252165201298,0.0,-0.11428571428571428,0.4166666666666667,0.02040816326530612,0.0,1.0598252165201298,0.0,Oil & Gas Equipment & Services,Energy,RNGR
2017Q2,2017,Q2,2017-09-01,2017-06-30,-6000000.0,33700000.0,-4900000.0,-0.425532,3500000.0,0.10385756676557864,165300000.0,105200000.0,31600000.0,58400000.0,60100000.0,0.0,0.0,200502000.0,234302000.0,7.460992907801418,0.541095890410959,0.2189957652752571,0.344106463878327,-0.03277591973244147,7.460992907801418,-0.057034220532319393,5.949614243323442,-8.35425,1.9059125475285172,0.0,0.0,0.0,0.20387174833635813,0.3938356164383562,-0.036297640653357534,-40.1004,0.10385756676557864,0.3453353846153846,-3.126666869300912,1.897264031155015,0.0,1.1875,0.03225806451612903,0.14035087719298245,-3.126666869300912,1.897264031155015,0.0,Oil & Gas Equipment & Services,Energy,RNGR
2017Q1,2017,Q1,2017-03-31,2017-03-31,-6200000.0,29100000.0,-5700000.0,-0.65,1600000.0,0.054982817869415807,159700000.0,110800000.0,30200000.0,47700000.0,48900000.0,0.0,0.0,96530578.74000001,124830578.74000001,16.322040337536258,0.6331236897274634,0.1897307451471509,0.27346570397111913,-0.038280725319006045,16.322040337536258,-0.05595667870036101,3.3172020185567015,-3.892362045967742,0.8712146095667871,0.0,0.0,0.0,0.18221665623043207,0.5073375262054507,-0.038822792736380715,-6.846140336170214,0.054982817869415807,0.11751228999999995,-3.428571428571429,5.062500000000001,0.0,-0.3333333333333333,-0.24,-0.9655172413793104,-3.428571428571429,5.062500000000001,0.0,Oil & Gas Equipment & Services,Energy,RNGR
2016Q4,2016,Q4,2016-12-31,2016-12-31,-5000000.0,26300000.0,-2900000.0,-0.7365541668563294,2400000.0,0.09125475285171103,135700000.0,112600000.0,22300000.0,11900000.0,23100000.0,0.0,0.0,96530578.74000001,107830578.74000001,16.587199837604537,1.8739495798319328,0.0950626381724392,0.11456483126110124,-0.022961203483768806,16.587199837604537,-0.04440497335701599,3.670364210646388,-4.826528937,0.8572875554174068,0.0,0.0,0.0,0.19380987472365513,1.361344537815126,-0.036845983787767135,-11.630190209638556,0.09125475285171103,0.0,0.0,0.0,0.0,-0.2,0.0,-10.666666666666666,0.0,0.0,0.0,Oil & Gas Equipment & Services,Energy,RNGR
2016Q3,2016,Q3,2016-09-30,2016-09-30,0.0,16100000.0,300000.0,0.0,3000000.0,0.18633540372670807,,,,,,,,96530578.74000001,,,0.0,0.0,0.0,0.0,,0.0,5.995688120496895,0.0,0.0,0.0,0.0,0.0,0.0,0.0,0.0,-40.221074475,0.18633540372670807,1.0,0.0,0.0,0.0,1.7272727272727273,1.0,1.5,0.0,0.0,0.0,Oil & Gas Equipment & Services,Energy,RNGR
2016Q2,2016,Q2,2016-06-30,2016-06-30,-700000.0,5600000.0,-600000.0,-0.103118,1100000.0,0.19642857142857142,,,,,,,,96530578.74000001,,,0.0,0.0,0.0,0.0,,0.0,17.237603346428575,-34.47520669285715,0.0,0.0,0.0,0.0,0.0,0.0,0.0,-24.132644685000002,0.19642857142857142,0.4999975755812544,0.0,0.0,0.0,1.75,0.5,0.5384615384615384,0.0,0.0,0.0,Oil & Gas Equipment & Services,Energy,RNGR
2016Q1,2016,Q1,2016-03-31,2016-03-31,-1400000.0,4800000.0,-1300000.0,-0.206235,400000.0,0.08333333333333333,,,,,,,,96530578.74000001,,,0.0,0.0,0.0,0.0,,0.0,20.1105372375,-17.237603346428575,0.0,0.0,0.0,0.0,0.0,0.0,0.0,-56.7826933764706,0.08333333333333333,0.0,0.0,0.0,0.0,0.0,0.0,0.0,0.0,0.0,0.0,Oil & Gas Equipment & Services,Energy,RNGR
