Quarters,Year,Quarter,FillingDate,Date,NetIncome,Revenue,OperatingIncome,EPSDiluted,GrossProfit,GrossProfitRatio,TotalAssets,CommonStockEquity,CurrentAssets,CurrentLiability,TotalLiability,Inventory,RetainedEarnings,MarketCap,EnterpriseValue,bookValuePerShare,currentRatio,debtToAssets,debtToEquity,roic,shareholdersEquityPerShare,roe,priceToSalesRatio,peRatio,pbRatio,payoutRatio,inventoryTurnover,dividendYield,assetTurnover,quickRatio,returnOnAssets,priceToFreeCashFlowsRatio,grossProfitMargin,epsdilutedGrowth,fiveYNetIncomeGrowthPerShare,fiveYRevenueGrowthPerShare,fiveYShareholdersEquityGrowthPerShare,grossProfitGrowth,netIncomeGrowth,operatingIncomeGrowth,threeYNetIncomeGrowthPerShare,threeYRevenueGrowthPerShare,threeYShareholdersEquityGrowthPerShare,Industry,Sector,Symbol
2023Q1,2023,Q1,2023-05-15,2023-03-31,-1379641.0,0.0,-1512581.0,-0.17,-127210.0,0.0,31006539.0,16191821.0,87496.0,3484318.0,14814718.0,0.0,-14727912.0,470480.166,591355.166,1.9961003372031627,0.025111370431745897,0.005526124666800122,0.0105822563132337,-0.08818926856090256,1.9961003372031627,-0.08520604322392152,0.0,-0.08525409255016342,0.029056655579381717,0.0,0.0,0.0,0.0,0.014485187632127722,-0.04449516277840619,0.6498910347171094,0.0,-1.0000000048984843,0.0,0.0,0.0,0.6445486374038443,-1.090349593288291,-0.23364317528050116,0.0,0.0,0.0,Shell Companies,Financial Services,ESACW
2022Q4,2022,Q4,2023-03-31,2022-12-31,15270030.0,0.0,-1226109.0,34704613.64,-357883.0,0.0,286152445.0,273513690.0,645877.0,2182531.0,12638755.0,0.0,-11993568.0,789360.0,345939.0,9.909916304347826,0.29593027544625944,0.0005987927169379943,0.0006264622439922477,-0.02536504769743002,9.909916304347826,0.05582912504306457,0.0,0.012923353785159557,0.002885998137789739,0.0,0.0,0.0,0.0,0.2816761823772492,0.05336326935805144,0.21282716690146067,0.0,-0.49041135278905107,0.0,0.0,0.0,-10.929433333333334,0.7247615750532421,-2.72366259205831,0.0,0.0,0.0,Shell Companies,Financial Services,ESACW
2022Q3,2022,Q3,2022-11-10,2022-09-30,8853415.0,0.0,-329275.0,68103192.31,-30000.0,0.0,284219357.0,270816682.0,1064530.0,1375075.0,13402675.0,0.0,-12338835.0,2208000.0,1489073.0,9.812198623188406,0.7741614093776703,0.0006028653424896743,0.000632701053474985,-0.002524055485610214,9.812198623188406,0.032691542244063086,0.0,0.06234882246003378,0.008153116653279136,0.0,0.0,0.0,0.0,0.6474359580386524,0.03114993677225158,-38.59869939165093,0.0,126117021.79629628,0.0,0.0,0.0,0.9253253945930607,1.3547700543037238,0.1803839768210025,0.0,0.0,0.0,Shell Companies,Financial Services,ESACW
2022Q2,2022,Q2,2022-08-12,2022-06-30,3759779.0,0.0,-401743.0,0.54,-401743.0,0.0,283179156.0,266554612.0,1270074.0,1251344.0,16624544.0,0.0,-15355160.0,4968000.0,4191869.0,9.657775797101449,1.0149679065069237,0.0006050798456366612,0.000642817615175985,-0.0037888845028751783,9.657775797101449,0.014105098282823934,0.0,0.3303385651124707,0.018637831710073733,0.0,0.0,0.0,0.0,0.757167493510977,0.013277033003092926,-35.84234562467985,0.0,0.0,0.0,0.0,0.0,0.0,-0.702836959422926,0.539808016128478,0.0,0.0,0.0,Shell Companies,Financial Services,ESACW
2022Q1,2022,Q1,2022-05-12,2022-03-31,12652243.0,0.0,-872990.0,0.0,0.0,0.0,283105211.0,265059981.0,1564903.0,1144430.0,18045230.0,0.0,-16481017.0,0.0,-914738.0,0.0,1.3674082294242549,0.000605237888044385,0.000646442361285765,-0.007081653821039052,0.0,0.04773350904299657,0.0,0.0,0.0,0.0,0.0,,0.0,0.949017414782905,0.04469095766661815,0.0,0.0,0.0,0.0,0.0,0.0,0.0,-0.3581435770541649,-0.14770456457719816,0.0,0.0,0.0,Shell Companies,Financial Services,ESACW
2021Q4,2021,Q4,2022-04-01,2021-12-31,19711952.0,0.0,-760640.0,0.0,0.0,0.0,283422555.0,-22340560.0,1874337.0,606955.0,24243115.0,0.0,-22341250.0,0.0,-1323903.0,0.0,3.088098788213294,0.0,0.0,0.07082807719120743,0.0,-0.8823392072535334,0.0,0.0,0.0,0.0,0.0,,0.0,2.1812210130899325,0.06954969409544699,0.0,0.0,0.0,0.0,0.0,0.0,0.0,11664.876923076923,-449.08284023668637,0.0,0.0,0.0,Shell Companies,Financial Services,ESACW
2021Q3,2021,Q3,2021-12-03,2021-09-30,-1690.0,0.0,-1690.0,0.0,0.0,0.0,738287.0,9607.0,6662.0,728680.0,728680.0,0.0,-15393.0,0.0,262268.0,0.0,0.009142559148048526,0.3552385454437096,27.29967731862184,-0.006216091954022988,0.0,-0.17591339648173207,0.0,0.0,0.0,,0.0,,0.0,0.0,-0.002289082700900869,0.0,0.0,0.0,0.0,0.0,0.0,0.0,0.0,0.0,0.0,0.0,0.0,Shell Companies,Financial Services,ESACW
2021Q2,2021,Q2,2021-06-30,2021-06-30,,,,,,,541247.0,11297.0,0.0,439028.0,529950.0,0.0,-13703.0,0.0,90922.0,0.0,0.0,0.16798615050060323,8.048331415420023,,0.0,,0.0,0.0,0.0,0.0,0.0,,,0.0,,0.0,0.0,0.0,0.0,0.0,0.0,0.0,0.0,0.0,0.0,0.0,0.0,Shell Companies,Financial Services,ESACW
2021Q1,2021,Q1,2021-04-30,2021-04-30,,,,,,,113636.0,21300.0,0.0,92336.0,92336.0,0.0,-3700.0,0.0,0.0,0.0,0.0,0.0,0.0,,0.0,,0.0,0.0,0.0,0.0,0.0,,,0.0,,0.0,0.0,0.0,0.0,0.0,0.0,0.0,0.0,0.0,0.0,0.0,0.0,Shell Companies,Financial Services,ESACW
