Quarters,Year,Quarter,FillingDate,Date,NetIncome,Revenue,OperatingIncome,EPSDiluted,GrossProfit,GrossProfitRatio,TotalAssets,CommonStockEquity,CurrentAssets,CurrentLiability,TotalLiability,Inventory,RetainedEarnings,MarketCap,EnterpriseValue,bookValuePerShare,currentRatio,debtToAssets,debtToEquity,roic,shareholdersEquityPerShare,roe,priceToSalesRatio,peRatio,pbRatio,payoutRatio,inventoryTurnover,dividendYield,assetTurnover,quickRatio,returnOnAssets,priceToFreeCashFlowsRatio,grossProfitMargin,epsdilutedGrowth,fiveYNetIncomeGrowthPerShare,fiveYRevenueGrowthPerShare,fiveYShareholdersEquityGrowthPerShare,grossProfitGrowth,netIncomeGrowth,operatingIncomeGrowth,threeYNetIncomeGrowthPerShare,threeYRevenueGrowthPerShare,threeYShareholdersEquityGrowthPerShare,Industry,Sector,Symbol
2023Q2,2023,Q2,2023-03-17,2023-04-30,10263000.0,26685000.0,42708000.0,0.38,26685000.0,1.0,3729393000.0,356519000.0,243621000.0,4045000.0,3372874000.0,0.0,125398000.0,259616150.92920122,144607150.92920122,13.622871234121652,60.22768850432633,0.029133963623570912,0.3047579511891372,0.06806501154454342,13.622871234121652,0.028786684580625437,9.728917029387341,6.324080457205525,0.7281972375362918,0.08749878203254409,0.0,0.0034589527530777143,0.0071553199139913655,60.22768850432633,0.0027519223637734076,8.996020337821866,1.0,0.11764705882352934,0.946371665126605,0.7273830198875132,0.3368991171229867,0.029593332818890348,0.08983752787511946,0.10973106405092893,0.6088090516175628,0.4869685105265724,0.15887418002026282,Banks—Regional,Financial Services,VBNK
2023Q1,2023,Q1,2023-01-31,2023-01-31,9417000.0,25918000.0,38485000.0,0.34,25918000.0,1.0,3531690000.0,351177000.0,220412000.0,5482000.0,3180513000.0,0.0,116638000.0,279791485.38197994,185479485.38197994,12.994371166858098,40.20649398029916,0.030314098915816507,0.3048605119355767,0.05936823706396651,12.994371166858098,0.026815537464013873,10.795257557758312,7.427829600243707,0.7967249716865853,0.09663374747796538,0.0,0.003252422062657268,0.007338696204933049,40.20649398029916,0.002666428820196563,2.217434777710694,1.0,0.4782608695652174,0.8512776442602645,0.6328265945240695,0.29629517798514526,0.06869536533069437,0.4647690153989734,0.2885027454131512,0.4317304506257835,0.49153708051059314,0.12387041120820962,Banks—Regional,Financial Services,VBNK
2022Q4,2022,Q4,2022-10-31,2022-10-31,6429000.0,24252000.0,29868000.0,0.23,24252000.0,1.0,3264386000.0,349063000.0,88581000.0,0.0,2915323000.0,0.0,109335000.0,263988466.7362427,280358466.7362427,12.487865881201227,0.0,0.03215030330359216,0.3006649229508713,0.041170205551161916,12.487865881201227,0.018417878721033166,10.885224589157295,10.265533781935089,0.7562774248093974,0.14419038730751282,0.0,0.003511517042622124,0.007429268474990396,0.0,0.0019694362125067316,19.69034584442774,1.0,0.15,0.7216583929431649,0.5908086751610712,0.26494875767592324,0.1418616695701304,0.12395104895104896,0.3593664664117968,-0.1011251517324834,0.34413818291045556,0.0983714049443132,Banks—Regional,Financial Services,VBNK
2022Q3,2022,Q3,2022-07-31,2022-07-31,5720000.0,21239000.0,21972000.0,0.2,21239000.0,1.0,3075343000.0,346648000.0,100628000.0,8317000.0,2728695000.0,0.0,104071000.0,263632983.7986504,282768983.7986504,12.632446490265945,12.09907418540339,0.03360600752501428,0.29814105374904804,0.03518352205618865,12.632446490265945,0.016500888509381275,12.412683450193061,11.522420620570385,0.7605207120729108,0.1632867132867133,0.0,0.0035428040396999114,0.0069062215174047255,12.09907418540339,0.00185995513345991,10.30621516022871,1.0,0.1764705882352941,0.6417352223053369,0.5190308188813862,0.0,0.13973705393077543,0.15719198867084766,0.4271239282930631,-0.11280800599981602,0.16133887651799697,0.1319824746594647,Banks—Regional,Financial Services,VBNK
2022Q2,2022,Q2,2022-04-30,2022-04-30,4943000.0,18635000.0,15396000.0,0.17,18635000.0,1.0,2692146000.0,341414000.0,211512000.0,5849000.0,2350732000.0,0.0,99285000.0,360571811.08202803,265489811.08202803,12.441710571033605,36.16207898786117,0.03828729942581123,0.30190619013865866,0.024953614808604047,12.441710571033605,0.01447802374829386,19.349171509633916,18.236486500203725,1.0561131385415596,0.18895407647177828,0.0,0.0025903300571311723,0.006921987143342152,36.16207898786117,0.0018360816983922863,8.864921352265036,1.0,-0.15,0.8084676125345547,0.4166329354514928,0.0,0.020201467206832364,-0.1119295724038807,-0.004332923753476039,-0.2228317286003466,0.12534910993816717,0.13409140156879948,Banks—Regional,Financial Services,VBNK
2022Q1,2022,Q1,2022-03-02,2022-01-31,5566000.0,18266000.0,15463000.0,0.2,18266000.0,1.0,2415346000.0,336951000.0,166813000.0,6155000.0,2078395000.0,0.0,95276000.0,405700194.9203385,353131194.9203385,12.279071211550622,27.102030869212022,0.04250736747447364,0.3047030577146232,0.025379964203325472,12.279071211550622,0.01651872230680425,22.210675294007363,18.222250939648692,1.2040332123078386,0.16780452748832195,0.0,0.002302192633117655,0.007562477591202254,27.102030869212022,0.0023044317460107163,-3.5935745723527717,1.0,-0.09090909090909087,-0.6564429674227202,0.17005968692691636,0.21800909255026218,0.001645097609124808,-0.05820642978003384,-0.028461925106810757,-0.13126764914031044,0.044711849564719644,0.13907024374156193,Banks—Regional,Financial Services,VBNK
2021Q4,2021,Q4,2021-12-01,2021-10-31,5910000.0,18236000.0,15916000.0,0.22,18236000.0,1.0,2415086000.0,332106000.0,282361000.0,117657000.0,2082980000.0,0.0,90644000.0,407786920.3065788,236648920.30657881,12.102511118184042,2.3998657113473914,0.04156580759442935,0.30226795059408745,0.026413286539229985,12.102511118184042,0.01779552311611353,22.361642920957383,17.249869725320593,1.2278818217875582,0.15752961082910322,0.0,0.002283055080089532,0.0075508698240973615,2.3998657113473914,0.0024471178252037404,-4.160157110715746,1.0,-0.12,1.2826321341709577,0.2857840800142265,0.308342627229392,0.1593871193337148,0.08719646799116998,0.04087371656529985,-0.11901785256938106,0.015237103048624533,0.14349661467531688,Banks—Regional,Financial Services,VBNK
2021Q3,2021,Q3,2021-07-31,2021-07-31,5436000.0,15729000.0,15291000.0,0.25,15729000.0,1.0,2285771000.0,252032000.0,305960000.0,108959000.0,2033739000.0,0.0,85626000.0,277271109.585645,81225109.58564502,11.931322747270004,2.808028708046146,0.04416846656992324,0.40058008506856274,0.031213638511357073,11.931322747270004,0.02156868969019807,17.628018919552737,12.751614679251517,1.1001424802630022,0.1425680647534952,0.0,0.002795098274602655,0.006881266758568553,2.808028708046146,0.0023781909911360323,10.384296827296543,1.0,0.0,1.1055812473097169,0.4699985843906078,0.29925126455069034,-0.01509079524107702,-0.05362116991643454,0.05498827100869325,0.1620350577169731,0.21160067786165454,0.14996988556514756,Banks—Regional,Financial Services,VBNK
2021Q2,2021,Q2,2021-04-30,2021-04-30,5744000.0,15970000.0,14494000.0,0.25,15970000.0,1.0,2139757000.0,247366000.0,280581000.0,107716000.0,1892391000.0,0.0,80965000.0,272500248.1677,99902248.1677,11.710431939996475,2.604821939173382,0.04665483043167986,0.40357203496034216,0.029734319407443505,11.710431939996475,0.02322065279787845,17.06325912133375,11.860212751031511,1.101607529602694,0.18628133704735375,0.0,0.003926601928602681,0.007463464309265024,2.604821939173382,0.0026844169688427237,-26.07158899423077,1.0,0.13636363636363635,1.98213359981172,0.5533649497139875,0.2706664718583725,0.035533653222668916,0.08582230623818525,0.005201470282266454,0.3496240601503759,0.280776325286711,0.14921926902581684,Banks—Regional,Financial Services,VBNK
2021Q1,2021,Q1,2021-01-31,2021-01-31,5290000.0,15422000.0,14419000.0,0.22,15422000.0,1.0,2044976000.0,259508000.0,221617000.0,106008000.0,1785468000.0,0.0,77414000.0,284987440.07054996,83460440.07054996,12.28524038018404,2.0905686363293334,0.005129155549991785,0.04041879248423941,0.03802834528631178,12.28524038018404,0.02038472802379888,18.479278956720915,13.4682155042793,1.098183640082579,0.20226843100189035,0.0,0.0037545514277229778,0.007541408798929669,2.0905686363293334,0.002586827424869534,-10.735607627158515,1.0,0.0,1.1062885609387059,0.4989614512832103,0.3538742517017089,0.12356112487250473,0.1146228402865571,0.03696512046026609,0.33051067409360685,0.24303392984760125,0.22555356167123658,Banks—Regional,Financial Services,VBNK
2020Q4,2020,Q4,2020-10-31,2020-10-31,4746000.0,13726000.0,13905000.0,0.22,13726000.0,1.0,1943885000.0,255288000.0,264451000.0,100297000.0,1688597000.0,0.0,73194000.0,293513330.95413,52587330.954129994,12.08546343918655,2.6366790631823482,0.008600303001463564,0.06548682272570587,0.03665340054970828,12.08546343918655,0.01859076807370499,21.383748430287774,15.461089915409293,1.1497341471362932,0.22545301306363252,0.0,0.0036454902968861016,0.007061117298605628,2.6366790631823482,0.0024415024551349487,-3.1019893147835047,1.0,0.22222222222222227,0.5765585618329723,0.35153355151425236,0.34522083624897754,0.10765009683666882,0.08628976882581826,0.006587519907340379,0.6818210783200235,0.19141450915280672,0.22418771219748948,Banks—Regional,Financial Services,VBNK
2020Q3,2020,Q3,2020-07-31,2020-07-31,4369000.0,12392000.0,13814000.0,0.18,12392000.0,1.0,1930256000.0,251612000.0,360332000.0,92183000.0,1678644000.0,0.0,69518000.0,297492375.76296,-39381624.23703998,11.911439734184945,3.908876907889741,0.008765676677083247,0.0672463952434701,0.03688784974491094,11.911439734184945,0.017364036691413762,24.00680888984506,17.022910034502175,1.1823457377349251,0.24490730144197756,0.0,0.003596730831356058,0.006419873840568298,3.908876907889741,0.002263430342918245,19.826216312093305,1.0,-0.18181818181818185,1.3551071241463126,0.2537208369701729,0.34286093679805557,-0.1444943044528823,-0.15148572538356964,-0.09759602822053828,0.6290082028337063,0.15135185357242403,0.0,Banks—Regional,Financial Services,VBNK
2020Q2,2020,Q2,2020-04-30,2020-04-30,5149000.0,14485000.0,15308000.0,0.22,14485000.0,1.0,1966369000.0,248313000.0,347852000.0,104223000.0,1718056000.0,0.0,66219000.0,312452608.335735,-10888391.664264977,11.755263400452547,3.3375742398510884,0.008637748052374708,0.0684015738201383,0.04139045928131886,11.755263400452547,0.02073592602884263,21.57077033729617,15.17054808388692,1.2583014515379178,0.20780734123130706,0.0,0.0034245193397466184,0.007366369180962474,3.3375742398510884,0.0026185319235606337,1.3459836576492976,1.0,0.0,1.297716132449071,0.5572474046998721,0.3325735273184079,0.06648505374760713,0.0015561174868702586,-0.024595386772014782,1.4472433460076044,0.4304760023701363,0.0,Banks—Regional,Financial Services,VBNK
2020Q1,2020,Q1,2020-01-31,2020-01-31,5141000.0,13582000.0,15694000.0,0.22,13582000.0,1.0,1854765000.0,244234000.0,142419000.0,107826000.0,1610531000.0,0.0,62140000.0,293023158.767535,200205158.76753497,11.562161470990755,1.320822436147126,0.02233975732774772,0.16965287388324313,0.03942707749006789,11.562161470990755,0.021049485329642882,21.574374817223898,14.249326919253793,1.1997639917764724,0.2081307138688971,0.0,0.0036515885109574785,0.007322760565354641,1.320822436147126,0.002771779713332956,-22.247601455283196,1.0,-0.15384615384615388,1.8174683773554543,0.49331800302993306,0.45955636998225224,-0.003887055372203887,-0.048843663274745604,-0.022241604884430877,-0.5877720977464105,0.1302185443072794,0.14689601180533035,Banks—Regional,Financial Services,VBNK
2019Q4,2019,Q4,2019-10-31,2019-10-31,5405000.0,13635000.0,16051000.0,0.26,13635000.0,1.0,1785381000.0,240163000.0,146305000.0,100984000.0,1545218000.0,0.0,58069000.0,291399602.022795,190501602.02279502,11.369438265587727,1.4487938683355779,0.021422318261480323,0.15925433976091238,0.04186633495441281,11.369438265587727,0.02250554831510266,21.371441292467548,13.478242461738898,1.213340947701332,0.17983348751156336,0.0,0.003335625694931335,0.007637025374415881,1.4487938683355779,0.0030273650274087157,9.060651162053263,1.0,0.2380952380952382,1.008663558188869,0.49361270377915817,0.4489196202979868,-0.03146753800255718,0.08905903687285915,0.02001779359430605,1.7119288032934592,0.24890022104384743,0.22909374635248514,Banks—Regional,Financial Services,VBNK
2019Q3,2019,Q3,2019-07-31,2019-07-31,4963000.0,14078000.0,15736000.0,0.21,14078000.0,1.0,1776659000.0,235730000.0,116384000.0,98090000.0,1540929000.0,0.0,53636000.0,293211686.53161,223309686.53161,11.15957779652567,1.1865021918646141,0.02161191314709238,0.16288550460272344,0.04166978205209842,11.15957779652567,0.02105374793195605,20.8276521190233,14.769881449305359,1.243845444074195,0.19584928470683055,0.0,0.003315011115340427,0.0079238615851438,1.1865021918646141,0.002793445450139841,-23.500175244979562,1.0,0.0,3.490404504457597,0.7730600134449033,0.5904497193989636,0.10441672550404017,0.013684640522875817,0.040121620728402405,0.9223693396611709,0.31569966755998313,0.21521275311283578,Banks—Regional,Financial Services,VBNK
2019Q2,2019,Q2,2019-04-30,2019-04-30,4896000.0,12747000.0,15129000.0,0.21,12747000.0,1.0,1796192000.0,231739000.0,129042000.0,95312000.0,1564453000.0,0.0,49645000.0,298091228.66060996,214215228.66060996,10.970641831710273,1.3538903810642942,0.02127500846234701,0.1649010309011431,0.04066799520626004,10.970641831710273,0.021127216394305662,23.38520661023064,15.221161594189644,1.2863230990925565,0.17708333333333334,0.0,0.002908505573597799,0.007096680087652099,1.3538903810642942,0.0027257665104844027,8.961645932736372,1.0,0.0,2.7293798282021076,0.5578758007564502,0.5748507417445409,-0.05290140426480422,-0.0072992700729927005,-0.012015934173578005,1.5418743218450877,0.2398711968693926,0.19039390022067462,Banks—Regional,Financial Services,VBNK
2019Q1,2019,Q1,2019-01-31,2019-01-31,4932000.0,13459000.0,15313000.0,0.21,13459000.0,1.0,1746278000.0,227710000.0,102500000.0,98629000.0,1518568000.0,0.0,45616000.0,290539028.229135,238685028.22913498,10.779906927615748,1.039248091332164,0.02482365350763166,0.19036932941021475,0.041010397249963304,10.779906927615748,0.02165912783803961,21.586969925636005,14.727241901314628,1.2759168601692286,0.17579075425790755,0.0,0.0029841085560327416,0.007707249361212819,1.039248091332164,0.0028242925811354205,-8.69642995088554,1.0,-0.125,3.6545810260040423,0.7030251653026734,0.5616800524120124,-0.026614594633687712,-0.044926413632842756,-0.014734268433920988,0.963745781200321,0.30816510004024944,0.1879815106085211,Banks—Regional,Financial Services,VBNK
2018Q4,2018,Q4,2018-10-31,2018-10-31,5164000.0,13827000.0,15542000.0,0.24,13827000.0,1.0,1809130000.0,223567000.0,137167000.0,99635000.0,1585563000.0,0.0,41473000.0,290454745.228725,203827745.22872502,10.583775205683853,1.3766949365182917,0.02385345442284413,0.19302490975859585,0.04171766528287316,10.583775205683853,0.023098221114923042,21.00634593394988,14.061519424318599,1.2991843394987856,0.14736638264910923,0.0,0.002620029496852371,0.007642900178538856,1.3766949365182917,0.002854410683588244,18.53690377361191,1.0,0.1999999999999999,25.16871831912516,0.7027528087649958,0.4932859130611156,0.06509012478816824,0.10389055151774262,0.11596180081855388,0.7154126450285438,0.3614785383059571,0.1780694223687568,Banks—Regional,Financial Services,VBNK
2018Q3,2018,Q3,2018-07-31,2018-07-31,4678000.0,12982000.0,13927000.0,0.2,12982000.0,1.0,1815234000.0,219164000.0,129547000.0,97309000.0,1596070000.0,0.0,37070000.0,288582775.43014497,209616775.43014497,10.37533495184216,1.331295152555262,0.023848715923126165,0.1975278786662043,0.03850992218023836,10.37533495184216,0.021344746399956198,22.229454277472268,15.422337293188596,1.31674351367079,0.16267635741769987,0.0,0.0026370250229442727,0.007151695043173497,1.331295152555262,0.0025770782169130813,-16.15985975082008,1.0,0.11111111111111122,3.3855418893842852,0.5161189339615505,0.4430059737923723,0.041142032239955086,0.09915413533834587,0.0852489675056495,1.521673409648993,0.313412193798159,0.1696849687312571,Banks—Regional,Financial Services,VBNK
2018Q2,2018,Q2,2018-04-30,2018-04-30,4256000.0,12469000.0,12833000.0,0.18,12469000.0,1.0,1750697000.0,215247000.0,150789000.0,94044000.0,1535450000.0,0.0,33153000.0,284546063.305245,183423063.30524498,10.189902184570318,1.6033877759346689,0.024617052522509605,0.20022114129349072,0.03582054826422374,10.189902184570318,0.019772633300347973,22.82027935722552,16.71440691407689,1.3219513549793724,0.1788063909774436,0.0,0.0026744351728515818,0.007122306144352792,1.6033877759346689,0.002431031754781096,4.689366392083669,1.0,0.12499999999999993,83.8604347426152,0.4572328520993599,0.31656576663328984,0.00499717901184815,0.07042253521126761,0.05830446973445489,0.8992192386294906,0.34051210833294476,0.15512459691882965,Banks—Regional,Financial Services,VBNK
2018Q1,2018,Q1,2018-01-31,2018-01-31,3976000.0,12407000.0,12126000.0,0.16,12407000.0,1.0,1706613000.0,211752000.0,91170000.0,93128000.0,1494861000.0,0.0,29658000.0,272406126.3,230982126.3,10.024237833743609,0.9789751739541277,0.025333218485971924,0.204172805923911,0.034681011560607655,10.024237833743609,0.018776682156484946,21.95584156524543,17.128151804577467,1.2864394494503004,0.1913983903420523,0.0,0.0027936229274150505,0.007269955168512135,0.9789751739541277,0.00232976076005515,-3.6620125331039026,1.0,0.23076923076923075,1.9351425309277779,0.4166071969359977,0.8495989996691529,0.07690304661053728,0.408929836995039,0.15167632253775287,1.1789574794691973,0.36410025533813173,0.2654156596209394,Banks—Regional,Financial Services,VBNK
2017Q4,2017,Q4,2017-10-31,2017-10-31,2822000.0,11521000.0,10529000.0,0.13,11521000.0,1.0,1725049000.0,208541000.0,166223000.0,92515000.0,1516508000.0,0.0,26443000.0,284678430.96,167811430.95999998,9.872230638136717,1.7967140463708589,0.024951175299948003,0.20639586460216455,0.030244179387488464,9.872230638136717,0.013532111191564248,24.70952443017099,25.219563338058112,1.3650957411731985,0.1952515946137491,0.0,0.001935517201432871,0.006678650867308697,1.7967140463708589,0.0016358955600681488,4.951359787111922,1.0,0.3,3.560933007116899,0.20447674793221957,0.8436208337481,0.0704264610238781,0.05219985085756898,-0.001611985586952399,0.048719745152785196,0.2620134004652798,0.2581156899367513,Banks—Regional,Financial Services,VBNK
2017Q3,2017,Q3,2017-07-31,2017-07-31,2682000.0,10763000.0,10546000.0,0.1,10763000.0,1.0,,,,,,,,278919064.04103005,,,0.0,0.0,0.0,0.0,,0.0,25.91462083443557,25.999167043347317,0.0,0.20507084265473527,0.0,0.0019718981988233438,0.0,0.0,0.0,29.62811387731358,1.0,0.4285714285714285,0.23812642403596498,0.026312150749188554,0.0,0.06290736717361248,0.2747148288973384,0.07645197509441666,1.4266098893724106,0.3555508541488489,0.0,Banks—Regional,Financial Services,VBNK
2017Q2,2017,Q2,2017-04-30,2017-04-30,2104000.0,10126000.0,9797000.0,0.07,10126000.0,1.0,,,,,,,,302857654.13116497,,,0.0,0.0,0.0,0.0,,0.0,29.90891310795625,35.98593799087036,0.0,0.26140684410646386,0.0,0.0018160346700757308,0.0,0.0,0.0,-8.709563573208092,1.0,-0.875,0.5602001623012569,0.01483085312232249,0.0,-0.1142407277816655,-0.8226567768037761,-0.1584779247551967,0.6026583248646313,0.23755003988858672,0.0,Banks—Regional,Financial Services,VBNK
2017Q1,2017,Q1,2017-01-31,2017-01-31,11864000.0,11432000.0,11642000.0,0.56,11432000.0,1.0,1773004000.0,202583000.0,142197000.0,92585000.0,1570421000.0,0.0,20486000.0,274592146.49999994,186463146.49999994,10.08126399601891,1.5358535399902793,0.02677771736555586,0.23435826303292973,0.13148064459768882,10.08126399601891,0.05856365045438166,24.019606936668993,5.7862471868678345,1.3554550307775084,0.04635873229939312,0.0,0.0020029706129996694,0.006447813992523424,1.5358535399902793,0.006691468265159018,6.312318027171788,1.0,4.957446808510639,4.584988388939264,0.20966429394338018,0.0,0.10071249759291354,5.257383966244726,0.16048644338118023,10.76976377591058,0.5205810354610977,0.4604679791205088,Banks—Regional,Financial Services,VBNK
2016Q4,2016,Q4,2016-10-31,2016-10-31,1896000.0,10386000.0,10032000.0,0.094,10386000.0,1.0,1704400000.0,185884000.0,101235000.0,87104000.0,1518516000.0,0.0,9172000.0,282641701.125,246329701.125,9.250261259019657,1.162231355620867,0.03382539310021122,0.31015041638871554,0.02962901964670446,9.250261259019657,0.010199909621053991,27.2137205011554,37.268156793908226,1.5205273241645325,0.29061181434599154,0.0,0.0019494646324546318,0.006093639990612533,1.162231355620867,0.0011124149260736916,-6.133983704262338,1.0,0.04444444444444449,-0.7365512690582908,-0.3331069553202991,0.6653650235107561,0.020335985853227233,-0.2280130293159609,-0.10388566324251898,10.327919749610404,0.34446977190708084,0.3051377756786465,Banks—Regional,Financial Services,VBNK
2016Q3,2016,Q3,2016-07-31,2016-07-31,2456000.0,10179000.0,11195000.0,0.09,10179000.0,1.0,1685294000.0,184537000.0,147253000.0,85070000.0,1500757000.0,0.0,7827000.0,276879359.40000004,192555359.40000004,9.183229659119183,1.7309627365698836,0.034251590523671244,0.31280447823471713,0.03335085757494786,9.183229659119183,0.01330898410616841,27.201037371058064,28.183973880293163,1.5004002416859494,0.22394136807817588,0.0,0.0019864247056618984,0.006039895709591323,1.7309627365698836,0.0014573124926570676,25.168562803381516,1.0,0.5,7.5790393463863985,0.9536998834065255,0.0,0.05536547433903577,0.35915882678472605,0.0660889439101038,1.420307185515725,0.24961394358635297,0.2772074654287139,Banks—Regional,Financial Services,VBNK
2016Q2,2016,Q2,2016-04-30,2016-04-30,1807000.0,9645000.0,10501000.0,0.06,9645000.0,1.0,1698305000.0,182633000.0,124247000.0,80083000.0,1515672000.0,0.0,5921000.0,260289557.22,198764557.22,9.215976182065903,1.5514778417391957,0.033896149396015436,0.31520042927619873,0.03141084549865905,9.215976182065903,0.00989415932498508,26.98699400933126,36.01128351134477,1.4252055062338131,0.30437188710570007,0.0,0.002113031371193786,0.005679191900159276,1.5514778417391957,0.0010640020491018986,-7.802912561304635,1.0,-0.3333333333333333,0.4283081638433102,0.03035564284504805,0.0,0.018802154853702336,-0.21808740804846388,-0.06972005669737774,38.50014297488688,0.20151374455985974,0.19073162113257042,Banks—Regional,Financial Services,VBNK
2016Q1,2016,Q1,2016-01-31,2016-01-31,2311000.0,9467000.0,11288000.0,0.09,9467000.0,1.0,1702015000.0,176374000.0,153103000.0,71500000.0,1525641000.0,0.0,4664000.0,285168779.28000003,194825779.28000003,9.074136955291454,2.1413006993006993,0.03386515394987706,0.32679986846133785,0.034792405362330005,9.074136955291454,0.013102838286822321,30.122401952043944,30.84906742535699,1.6168413670949233,0.23799221116399827,0.0,0.0019286823802684547,0.005562230650141156,2.1413006993006993,0.0013578023695443341,13.131736013998896,1.0,-0.3571428571428572,0.12473408830728647,0.03565188225130305,0.0,0.013055109684323168,-0.16570397111913357,0.10797016097369454,0.8540852093148589,0.17474055757091606,0.674293339177495,Banks—Regional,Financial Services,VBNK
2015Q4,2015,Q4,2015-10-31,2015-10-31,2770000.0,9345000.0,10188000.0,0.14,9345000.0,1.0,1625806000.0,174622000.0,133730000.0,64578000.0,1451184000.0,0.0,2903000.0,266968166.85000002,197374166.85000002,8.98399958841385,2.0708290749171545,0.035357232043675565,0.32919105267377535,0.04934482744728926,8.98399958841385,0.01586283515250083,28.568022134831462,24.09459989620939,1.5288346648761326,0.19855595667870035,0.0,0.0020601707180655194,0.005747918263310629,2.0708290749171545,0.0017037703145393731,-38.93366878372466,1.0,1.8,-0.6020794915988993,-0.37963690885438073,0.6174287695053803,0.02748763056624519,0.622729935559461,0.002459903571779986,3.7319195212939955,0.061779836553692374,0.6777453261272515,Banks—Regional,Financial Services,VBNK
2015Q3,2015,Q3,2015-07-31,2015-07-31,1707000.0,9095000.0,10163000.0,0.05,9095000.0,1.0,1563102000.0,172410000.0,139707000.0,57610000.0,1390692000.0,0.0,683000.0,265429339.56,188105339.56,8.870196017903998,2.4250477347682695,0.0368235726139433,0.3338495446899832,0.03173634935591994,8.870196017903998,0.009900817817991996,29.184094509070917,38.87365840070299,1.5395240389768574,0.4446397188049209,0.0,0.0028595180972012663,0.00581855822588673,2.4250477347682695,0.0010920592514116162,45.44244813559322,1.0,-0.4444444444444444,5.727444274596135,0.8047382189284984,0.0,0.06262413833391751,-0.17216294859359846,0.09953478307908688,-0.14359814879722296,-0.057488427834838894,0.6408951916000469,Banks—Regional,Financial Services,VBNK
2015Q2,2015,Q2,2015-04-30,2015-04-30,2062000.0,8559000.0,9243000.0,0.09,8559000.0,1.0,1525619000.0,171463000.0,133648000.0,51480000.0,1354156000.0,0.0,-265000.0,248098144.14,176419144.14,8.821474507382826,2.5961149961149963,0.03762734994779168,0.33479526195155807,0.0445799592961751,8.821474507382826,0.012025918128109271,28.98681436382755,30.079794391367606,1.4469485786437892,0.12415130940834142,0.0,0.0010318497177292107,0.005610181834389844,2.5961149961149963,0.0013515825379731112,-7.789580663736263,1.0,0.28571428571428553,0.6617324532434886,-0.0677838489407668,0.0,0.0227028318795555,0.2281119714115545,-0.06899677679290894,0.6617324532434886,-0.0677838489407668,0.0,Banks—Regional,Financial Services,VBNK
2015Q1,2015,Q1,2015-01-31,2015-01-31,1679000.0,8369000.0,9928000.0,0.07,8369000.0,1.0,1518795000.0,153974000.0,165460000.0,0.0,1364821000.0,0.0,-2071000.0,257653567.70999998,154219567.70999998,7.9216957349385195,0.0,0.03784645064014564,0.3733162741761596,0.03383285011888303,7.9216957349385195,0.010904438411679894,30.786661215198947,38.36414051667659,1.6733576299245325,0.15306730196545562,0.0,0.0009974633857554977,0.005510289407062836,0.0,0.00110548164828038,-10.48608390826584,1.0,-0.4615384615384615,-0.18285221364433835,-0.08446491997875198,0.0,-0.0036904761904761906,-0.3218901453957997,0.07608931281161933,-0.18285221364433835,-0.08446491997875198,0.0,Banks—Regional,Financial Services,VBNK
2014Q4,2014,Q4,2014-10-31,2014-10-31,2476000.0,8400000.0,9226000.0,0.13,8400000.0,1.0,1445860000.0,152519000.0,151218000.0,39481000.0,1293341000.0,0.0,-3493000.0,228456666.9,140645666.9,7.846838503884344,3.830146146247562,0.039650450251061654,0.3758810377723431,0.061956588270834924,7.846838503884344,0.01623404297169533,27.19722225,23.067110955169632,1.4978898819163515,0.0,0.0,0.0,0.005809691118088888,3.830146146247562,0.0017124756200462008,6.571834044817766,1.0,1.5999999999999999,-0.6443136538624096,-0.44237025515000516,0.4127006820228327,0.14973993977552696,1.4346116027531957,0.0384961728950923,-0.6443136538624096,-0.44237025515000516,0.4127006820228327,Banks—Regional,Financial Services,VBNK
2014Q3,2014,Q3,2014-07-31,2014-07-31,1017000.0,7306000.0,8884000.0,0.05,7306000.0,1.0,1355087000.0,136382000.0,101136000.0,0.0,1218705000.0,0.0,-5969000.0,222678921.46499997,183068921.46499997,7.016617790811339,0.0,0.042364069613242544,0.4209279816984646,0.03294912920024652,7.016617790811339,0.007456995791233447,30.47891068505338,54.739164568584066,1.6327588792142655,0.0,0.0,0.0,0.00539153574641333,0.0,0.0007505053181087266,-2.125549301423212,1.0,-0.1666666666666666,3.8165265537576274,0.44974353243448156,0.0,-0.029618807278523045,-0.15811258278145696,-0.014531336661120355,3.8165265537576274,0.44974353243448156,0.0,Banks—Regional,Financial Services,VBNK
2014Q2,2014,Q2,2014-04-30,2014-04-30,1208000.0,7529000.0,9015000.0,0.06,7529000.0,1.0,1386038000.0,135401000.0,202792000.0,0.0,1250637000.0,0.0,-6986000.0,223652423.61,81928423.61000001,6.9661470391521325,0.0,0.04130911273716882,0.422862460395418,0.0336463989666313,6.9661470391521325,0.008921647550608931,29.705462028157793,46.285683694122525,1.651778226231712,0.0,0.0,0.0,0.005432030002063435,0.0,0.0008715489762906933,-10.44128961764706,1.0,0.1999999999999999,-0.026492335830196723,-0.17996782318904456,0.0,0.03534103410341034,0.23897435897435898,-0.037784181876400896,-0.026492335830196723,-0.17996782318904456,0.0,Banks—Regional,Financial Services,VBNK
2014Q1,2014,Q1,2014-01-31,2014-01-31,975000.0,7272000.0,9369000.0,0.05,7272000.0,1.0,1437288000.0,134169000.0,213238000.0,0.0,1303119000.0,0.0,-8194000.0,227679089.71500003,75804089.71500003,6.902762772032721,0.0,0.03989110046142457,0.42733418300799736,0.035203083827563146,6.902762772032721,0.007266954363526597,31.309005736386144,58.37925377307693,1.6969574917827517,0.0,0.0,0.0,0.005059528779200829,0.0,0.0006783609130529163,3.648761834564657,1.0,5.9504950495049505,-0.5254799930334901,-0.20447232621406186,0.0,0.007062733693394266,6.131578947368421,0.16024767801857584,-0.5254799930334901,-0.20447232621406186,0.0,Banks—Regional,Financial Services,VBNK
2013Q4,2013,Q4,2013-10-31,2013-10-31,-190000.0,7221000.0,8075000.0,-0.0101,7221000.0,1.0,1404608000.0,133133000.0,184827000.0,2521000.0,1271475000.0,0.0,-9169000.0,205527577.92,92946577.91999999,7.087574531516184,73.31495438318127,0.045380632888321865,0.4787843735212156,0.03260676097496181,7.087574531516184,-0.0014271442842871413,28.462481362692145,-270.4310235789474,1.5437763583784636,0.0,0.0,0.0,0.005140936118831731,73.31495438318127,-0.00013526905727434275,8.093867519395108,1.0,-1.202,-1.0282430314596898,-0.5039731955194964,0.276007065725148,0.024545970488081725,-1.216400911161731,-0.17051874678993323,-1.0282430314596898,-0.5039731955194964,0.276007065725148,Banks—Regional,Financial Services,VBNK
2013Q3,2013,Q3,2013-07-31,2013-07-31,878000.0,7048000.0,9735000.0,0.05,7048000.0,1.0,1407342000.0,125014000.0,98759000.0,0.0,1282328000.0,0.0,-8979000.0,188874720.195,158312720.195,7.190084545925116,0.0,0.04533937024546983,0.5104068344345434,0.036922186207357606,7.190084545925116,0.0070232134000991885,26.79834281994892,53.77981782317768,1.5108285487625386,0.0,0.0,0.0,0.005008022214927146,0.0,0.000623871098851594,12.040206552878178,1.0,21.833333333333336,3.7182662538699693,0.5634427684117127,0.0,0.08480837309527474,23.512820512820515,0.12582398519717822,3.7182662538699693,0.5634427684117127,0.0,Banks—Regional,Financial Services,VBNK
2013Q2,2013,Q2,2013-04-30,2013-04-30,-39000.0,6497000.0,8647000.0,-0.0024,6497000.0,1.0,1390015000.0,124138000.0,82896000.0,0.0,1265877000.0,0.0,-9857000.0,169780353.33,154887353.33,7.739759336616996,0.0,0.04578799509357813,0.5127036040535533,0.05612049615515699,7.739759336616996,-0.0003141664921297266,26.132115334769896,-1088.3355982692308,1.3676743086726064,0.0,0.0,0.0,0.004674050280032949,0.0,-2.8057251180742654e-05,-2.6238328670777507,1.0,-1.0374414976599065,-1.0380880724854789,-0.1424520547432527,0.0,-0.09876543209876543,-1.0349775784753363,-0.23586072817249912,-1.0380880724854789,-0.1424520547432527,0.0,Banks—Regional,Financial Services,VBNK
2013Q1,2013,Q1,2013-01-31,2013-01-31,1115000.0,7209000.0,11316000.0,0.0641,7209000.0,1.0,1433585000.0,94234000.0,100129000.0,0.0,1339351000.0,0.0,-9818000.0,181911947.16324002,179405947.16324002,5.419681690753885,0.0,0.0651094982160109,0.9905129783305389,0.04339737572818573,5.419681690753885,0.011832247384171319,25.234005709979193,40.787432099381164,1.9304279470598724,0.0,0.0,0.0,0.005028651945995529,0.0,0.0007777704147295068,-2.8027416557004856,1.0,2.2279693486590038,-0.3933751897395751,-0.11839948354827835,0.0,-0.0843388797154833,2.229327453142227,0.015525441981513058,-0.3933751897395751,-0.11839948354827835,0.0,Banks—Regional,Financial Services,VBNK
2012Q4,2012,Q4,2012-10-31,2012-10-31,-907000.0,7873000.0,11143000.0,-0.0522,7873000.0,1.0,1534168000.0,93104000.0,132852000.0,5633000.0,1441064000.0,0.0,-10933000.0,181895317.59,102244317.59,5.354805314315293,23.584590804189595,0.03247036830386242,0.5350468293521223,-0.06892425618693461,5.354805314315293,-0.009741794122701495,23.10368570938651,-50.13652634785005,1.9536788708326174,0.0,0.0,0.0,0.0051317717485959815,23.584590804189595,-0.0005911999207387979,4.037004629469339,1.0,-1.522,-1.1456560141320058,-0.41573283858998145,-0.03595096090125916,-0.0879286376274328,-1.5086932136848008,-0.10913015669971218,-1.1456560141320058,-0.41573283858998145,-0.03595096090125916,Banks—Regional,Financial Services,VBNK
2012Q3,2012,Q3,2012-07-31,2012-07-31,1783000.0,8632000.0,12508000.0,0.1,8632000.0,1.0,1538769000.0,93989000.0,193800000.0,0.0,1444780000.0,0.0,-10027000.0,183456235.51500002,39429235.515000015,5.4057054120894925,0.0,0.032345985654766894,0.5295619700177681,0.0699728263981534,5.4057054120894925,0.018970305035695665,21.25303933213624,25.72297188937185,1.9518904926640352,0.0,0.0,0.0,0.0056096789056707015,0.0,0.00115871843012174,-0.9802054675653582,1.0,0.5673981191222572,6.520123839009289,0.9148181011535049,0.0,0.05101668087178863,0.6063063063063063,-0.0228125,6.520123839009289,0.9148181011535049,0.0,Banks—Regional,Financial Services,VBNK
2012Q2,2012,Q2,2012-04-30,2012-04-30,1110000.0,8213000.0,12800000.0,0.0638,8213000.0,1.0,,,,,,,,179852432.025,,,0.0,0.0,0.0,0.0,,0.0,21.898506273590648,40.50730451013513,0.0,0.0,0.0,0.0,0.0,0.0,0.0,1.3907549646226416,1.0,-0.42000000000000004,0.0,0.0,0.0,0.004402592637886756,-0.39608269858541895,-0.010360290706664605,0.0,0.0,0.0,Banks—Regional,Financial Services,VBNK
2012Q1,2012,Q1,2012-01-31,2012-01-31,1838000.0,8177000.0,12934000.0,0.11,8177000.0,1.0,,,,,,,,182130824.50500003,,,0.0,0.0,0.0,0.0,,0.0,22.27355075272105,24.772963071953214,0.0,0.0,0.0,0.0,0.0,0.0,0.0,70.64810880721491,1.0,-0.6944444444444444,0.0,0.0,0.0,-0.3931725417439703,-0.7048337883410952,-0.31836627140974966,0.0,0.0,0.0,Banks—Regional,Financial Services,VBNK
2011Q4,2011,Q4,2011-10-31,2011-10-31,6227000.0,13475000.0,18975000.0,0.36,13475000.0,1.0,1485734000.0,96576000.0,193593000.0,3901000.0,1389158000.0,0.0,-14757000.0,186048637.215,46705637.215,5.554494737447518,49.626506024096386,0.03341849886991884,0.5141132372432075,0.08957326347121658,5.554494737447518,0.06447771703114645,13.80694895844156,7.469433002047535,1.926447949956511,,0.0,,0.009069591191963029,49.626506024096386,0.004191194386074492,0.0,1.0,20.35483870967742,0.0,0.0,0.0,1.9891304347826086,20.278637770897834,0.9244421906693712,0.0,0.0,0.0,Banks—Regional,Financial Services,VBNK
2011Q3,2011,Q3,2011-07-31,2011-07-31,-323000.0,4508000.0,9860000.0,-0.0186,4508000.0,1.0,,,,,,,,174512449.64999998,,,0.0,0.0,0.0,0.0,,0.0,38.711723524844714,-135.07155545665634,0.0,,0.0,,0.0,0.0,0.0,0.0,1.0,0.0,0.0,0.0,0.0,0.0,0.0,0.0,0.0,0.0,0.0,Banks—Regional,Financial Services,VBNK
