Quarters,Year,Quarter,FillingDate,Date,NetIncome,Revenue,OperatingIncome,EPSDiluted,GrossProfit,GrossProfitRatio,TotalAssets,CommonStockEquity,CurrentAssets,CurrentLiability,TotalLiability,Inventory,RetainedEarnings,MarketCap,EnterpriseValue,bookValuePerShare,currentRatio,debtToAssets,debtToEquity,roic,shareholdersEquityPerShare,roe,priceToSalesRatio,peRatio,pbRatio,payoutRatio,inventoryTurnover,dividendYield,assetTurnover,quickRatio,returnOnAssets,priceToFreeCashFlowsRatio,grossProfitMargin,epsdilutedGrowth,fiveYNetIncomeGrowthPerShare,fiveYRevenueGrowthPerShare,fiveYShareholdersEquityGrowthPerShare,grossProfitGrowth,netIncomeGrowth,operatingIncomeGrowth,threeYNetIncomeGrowthPerShare,threeYRevenueGrowthPerShare,threeYShareholdersEquityGrowthPerShare,Industry,Sector,Symbol
2023Q1,2023,Q1,2023-05-04,2023-03-31,-3700000.0,492700000.0,-10000000.0,-0.13,54100000.0,0.1098031256,2718100000.0,946400000.0,1474300000.0,397000000.0,1429300000.0,643800000.0,475100000.0,496185000.0,779685000.0,33.20701754385965,3.71360201511335,0.21397299584268423,0.6145393068469992,-0.00243880253477271,33.20701754385965,-0.003909551986475064,1.0070732697381775,-33.52601351351352,0.5242867709213863,-0.6216216216216216,0.6812674743709226,0.004635367856746979,0.1812663257422464,1.8335012594458437,-0.0013612449873073103,-3.4577351916376307,0.1098031256342602,0.6486486486486487,-1.0414332049272117,0.05729190815450625,0.8256099814814816,0.028517110266159697,0.6476190476190476,0.6153846153846154,-1.1516830749209088,0.07302871274746844,0.4990861891958718,Chemicals,Basic Materials,VHI
2022Q4,2022,Q4,2023-03-09,2022-12-31,-10500000.0,402600000.0,-26000000.0,-0.37,52600000.0,0.13065077,2835700000.0,958600000.0,1589500000.0,492800000.0,1528900000.0,640800000.0,482300000.0,627000000.0,729200000.0,33.63508771929825,3.2254464285714284,0.20478188806996508,0.6057792614229084,-0.009305528097241065,33.63508771929825,-0.01095347381598164,1.5573770491803278,-14.928571428571429,0.654078865011475,-0.21904761904761905,0.5461922596754057,0.003668261562998405,0.14197552632506966,1.6954139610389611,-0.00370278943470748,-49.76190476190476,0.13065076999503228,-1.2587412587412588,-1.0749461670235545,-0.07533672576940746,1.2587091555136665,-0.5631229235880398,-1.2573529411764706,-1.4452054794520548,-1.981591406787998,-0.027255786981947614,0.49824444810307017,Chemicals,Basic Materials,VHI
2022Q3,2022,Q3,2022-11-03,2022-09-30,40800000.0,556300000.0,58400000.0,1.43,120400000.0,0.2164299838,2844200000.0,891000000.0,1629000000.0,487500000.0,1619700000.0,545800000.0,494000000.0,717060000.0,698460000.0,31.263157894736842,3.3415384615384616,0.1969622389424091,0.6287317620650954,0.033052568498851416,31.263157894736842,0.04579124579124579,1.288980765773863,4.39375,0.8047811447811448,0.05392156862745098,0.7986441920117259,0.0030680835634396006,0.19559102735391323,1.9858461538461538,0.014344982771956965,-48.779591836734696,0.21642998382167894,-0.040268456375838965,-0.11111466666666664,0.08039964031850852,2.104517198606272,-0.17927743694614862,-0.03773584905660377,-0.26448362720403024,2.1154019959823223,0.17100258651574216,0.37709665002277026,Chemicals,Basic Materials,VHI
2022Q2,2022,Q2,2022-08-04,2022-06-30,42400000.0,634600000.0,79400000.0,1.49,146700000.0,0.2311692405,2913700000.0,882700000.0,1660400000.0,458000000.0,1695800000.0,469100000.0,470000000.0,1292190000.0,1264890000.0,30.971929824561403,3.6253275109170304,0.21179256615300135,0.6991050186926475,0.03930127741759545,30.971929824561403,0.04803443978701711,2.0362275449101794,7.619044811320755,1.4639061968958877,0.054245283018867926,1.040076742698785,0.001779924004983787,0.21779867522394206,2.3558951965065504,0.014551944263307822,38.458035714285714,0.23116924046643555,-0.3288288288288289,3.8181625454545456,0.26363492951015516,2.904009151702786,-0.140597539543058,-0.3312302839116719,-0.13601741022850924,4.973553178156659,0.20087591701349478,0.35215093153327426,Chemicals,Basic Materials,VHI
2022Q1,2022,Q1,2022-05-05,2022-03-31,63400000.0,629000000.0,91900000.0,2.22,170700000.0,0.2713831479,3023300000.0,880000000.0,1704200000.0,451000000.0,1802300000.0,493100000.0,444300000.0,835335000.0,857735000.0,30.87719298245614,3.7787139689578715,0.2190983362550855,0.7527272727272727,0.04473648749554187,30.87719298245614,0.07204545454545455,1.3280365659777424,3.2939077287066247,0.9492443181818181,0.03470031545741325,0.9294260799026567,0.0026336739152555562,0.20805080541130552,2.4068736141906872,0.02097046273939073,-21.418846153846154,0.2713831478537361,-0.28387096774193543,3.992106015748031,0.4734070836261418,3.104461194029851,-0.11828512396694214,-0.2828054298642534,0.09144893111638955,2.4835025494505496,0.3115043452877396,0.3578097207221107,Chemicals,Basic Materials,VHI
2021Q4,2021,Q4,2022-03-10,2021-12-31,88400000.0,683200000.0,84200000.0,3.1,193600000.0,0.2833723653,3005200000.0,829500000.0,1673200000.0,463500000.0,1846800000.0,458700000.0,401100000.0,819375000.0,793475000.0,29.105263157894736,3.6099244875943906,0.2237787834420338,0.8107293550331525,0.04317799681470561,29.105263157894736,0.10657022302591923,1.1993193793911008,2.317236990950226,0.9877938517179023,0.024886877828054297,1.067364290385873,0.002684973302822273,0.2273392785837881,2.3833872707659114,0.029415679488885932,3.336217426710098,0.28337236533957844,1.2794117647058822,8.714246857142857,0.6749136239274331,3.1289033449477355,0.2678454485920105,1.2666666666666666,0.2719033232628399,3.9957905830112,0.7581606001832469,0.3058533461723241,Chemicals,Basic Materials,VHI
2021Q3,2021,Q3,2021-11-04,2021-09-30,39000000.0,578900000.0,66200000.0,1.36,152700000.0,0.2637761271376749,2878300000.0,756500000.0,1516700000.0,336600000.0,1808600000.0,448000000.0,351300000.0,664905000.0,826905000.0,26.54385964912281,4.505941770647653,0.24900114651009275,0.94738929279577,0.03381344507824543,26.54385964912281,0.051553205551883675,1.1485662463292452,4.262211538461538,0.878922670191672,0.05897435897435897,0.9513392857142857,0.003459140779509855,0.20112566445471286,2.8805704099821745,0.013549664732654692,6.868853305785124,0.2637761271376749,0.8133333333333335,11.999948000000002,0.42305232153392336,2.1812320185029437,0.22552166934189405,0.822429906542056,0.5951807228915663,-0.7281446198422886,0.2721154363688218,0.1641817907422403,Chemicals,Basic Materials,VHI
2021Q2,2021,Q2,2021-08-05,2021-06-30,21400000.0,525300000.0,41500000.0,0.75,124600000.0,0.23719779173805444,2809100000.0,722700000.0,1424100000.0,261400000.0,1763700000.0,450100000.0,314600000.0,693405000.0,941205000.0,25.357894736842105,5.447972456006121,0.2733615748816347,1.0625432406254325,0.020466315255961993,25.357894736842105,0.029611180296111803,1.320017133066819,8.100525700934579,0.959464508094645,0.10747663551401869,0.8902466118640302,0.003316964832961978,0.18699939482396497,3.4353481254781943,0.007618098323306397,85.60555555555555,0.23719779173805444,0.44230769230769224,3.517636988235294,0.31785724736578025,2.0871298983340454,0.13998170173833485,0.44594594594594594,0.21700879765395895,0.8290525128205127,0.02959211838494707,0.42067448240613337,Chemicals,Basic Materials,VHI
2021Q1,2021,Q1,2021-05-06,2021-03-31,14800000.0,509000000.0,34100000.0,0.52,109300000.0,0.21473477406679764,2867800000.0,699600000.0,1468000000.0,311500000.0,1839200000.0,491900000.0,295500000.0,584535000.0,810335000.0,24.54736842105263,4.712680577849117,0.26912615942534346,1.103201829616924,0.017191301976963717,24.54736842105263,0.02115494568324757,1.1483988212180747,9.873902027027029,0.8355274442538594,0.14864864864864866,0.8125635291725961,0.0037636754001043565,0.17748796987237603,2.9252006420545746,0.0051607504010042545,12.960864745011087,0.21473477406679764,-0.3953488372093023,1.758971323076923,0.43988108628005645,1.7872398470119524,-0.07919123841617523,-0.39591836734693875,-0.16009852216748768,-0.8342671802911534,0.09227030901287543,0.3495316388888889,Chemicals,Basic Materials,VHI
2020Q4,2020,Q4,2021-03-11,2020-12-31,24500000.0,516800000.0,40600000.0,0.86,118700000.0,0.22968266253869968,2889300000.0,682500000.0,1453400000.0,318100000.0,1882400000.0,538200000.0,282900000.0,433200000.0,709900000.0,23.94736842105263,4.569003458032065,0.2752569826601599,1.1652747252747253,0.03244977652459899,23.94736842105263,0.035897435897435895,0.8382352941176471,4.420408163265306,0.6347252747252747,0.09387755102040816,0.7396878483835005,0.0053093259464450605,0.17886685356314677,2.720213769254951,0.008479562523794691,5.295843520782396,0.22968266253869968,0.5925925925925924,1.8193947157190635,0.5911266403940886,1.5399972832154818,0.3232998885172798,0.5909090909090909,1.8391608391608392,-0.8251256102783727,0.18694977675700497,0.6081462535344013,Chemicals,Basic Materials,VHI
2020Q3,2020,Q3,2020-11-05,2020-09-30,15400000.0,458600000.0,14300000.0,0.54,89700000.0,0.1955952900130833,2806300000.0,656800000.0,1427600000.0,307400000.0,1809300000.0,524200000.0,260700000.0,375060000.0,683360000.0,23.04561403508772,4.644111906310996,0.2872465523999572,1.2273142509135202,0.023285992479183455,23.04561403508772,0.023447015834348356,0.8178368948975142,6.088636363636364,0.571041412911084,0.14935064935064934,0.7037390309042351,0.006132352156988216,0.16341802373231656,2.7081977878985035,0.0054876527812422055,14.65078125,0.1955952900130833,2.6875000000000004,2.316234051282051,0.19675930480167028,1.1255578407766993,-0.1375,2.6923076923076925,-0.5136054421768708,-0.6644893594771241,-0.10934518236550773,1.28849258815331,Chemicals,Basic Materials,VHI
2020Q2,2020,Q2,2020-08-06,2020-06-30,-9100000.0,415000000.0,29400000.0,-0.32,104000000.0,0.25060240963855424,2751100000.0,634600000.0,1398600000.0,295800000.0,1775600000.0,521000000.0,247100000.0,298680000.0,599980000.0,22.266666666666666,4.728194726166328,0.2880665915452001,1.2488181531673495,-0.00499795597038788,22.266666666666666,-0.014339741569492593,0.719710843373494,-8.205494505494507,0.4706586826347306,-0.24175824175824176,0.5969289827255279,0.007365742600776751,0.1508487514085275,2.8079783637592968,-0.003307767801970121,22.124444444444446,0.25060240963855424,-1.3809510204130224,0.912416134744947,0.015162279843444204,0.8797318175355449,0.04312938816449348,-1.3729508196721312,0.21991701244813278,-2.0340867727272727,-0.17363930704898453,1.8067114621848739,Chemicals,Basic Materials,VHI
2020Q1,2020,Q1,2020-05-07,2020-03-31,24400000.0,459300000.0,24100000.0,0.840003,99700000.0,0.21706945351622034,2710600000.0,631500000.0,1371200000.0,277300000.0,1743700000.0,499200000.0,256400000.0,352361586.84,658761586.8399999,22.151506553250485,4.944825099170574,0.29126392680587326,1.250197941409343,0.012801202603042468,22.151506553250485,0.0386381631037213,0.7671708836054866,3.6102621602459015,0.5579755927790974,0.2786885245901639,0.7203525641025641,0.019298357862963474,0.16944587914114956,3.015506671474937,0.00900169704124548,-10.302970375438596,0.21706945351622034,1.3333351851800412,1.049820826829512,0.10349854804933972,0.4607020164180744,0.09440175631174534,1.280373831775701,0.7463768115942029,0.9206982550607239,0.07558150818301773,1.9445681506338235,Chemicals,Basic Materials,VHI
2019Q4,2019,Q4,2020-03-12,2019-12-31,10700000.0,414000000.0,13800000.0,0.360001,91100000.0,0.22004830917874396,2794400000.0,640000000.0,1425400000.0,322500000.0,1814300000.0,522100000.0,239400000.0,639724434.36,916424434.36,22.449666182233273,4.41984496124031,0.28646578872029776,1.25078125,0.01486647330476046,22.449666182233273,0.01671875,1.5452281023188406,14.946832578504674,0.9995694286875,0.6261682242990654,0.6184638958054013,0.010473259485082645,0.14815344975665617,2.6514728682170543,0.0038290867449184084,15.159346785781992,0.22004830917874396,-0.25000104166232634,0.21555367865220645,-0.04194678909966273,0.33964180680842426,-0.0741869918699187,-0.183206106870229,-0.2459016393442623,0.17548048045488102,0.014657972809378948,2.184733334652581,Chemicals,Basic Materials,VHI
2019Q3,2019,Q3,2019-11-08,2019-09-30,13100000.0,475200000.0,18300000.0,0.480002,98400000.0,0.20707070707070707,2682300000.0,647200000.0,1366800000.0,280000000.0,1675600000.0,454500000.0,235500000.0,649987393.2,927387393.2,22.702224926783394,4.881428571428572,0.29146627893971594,1.2079728059332508,0.009854372807491277,22.702224926783394,0.020241038318912236,1.3678185883838385,12.404339564885497,1.004306849814586,0.5190839694656488,0.829042904290429,0.010461741367817039,0.1771613913432502,3.12,0.004883868321962495,9.206620300283287,0.20707070707070707,1.0,-0.5436874268943099,-0.0030197308566845614,0.12250316162332589,-0.2012987012987013,0.8450704225352113,-0.5978021978021978,3.3653902827111017,0.1678001431828659,1.720819269805236,Chemicals,Basic Materials,VHI
2019Q2,2019,Q2,2019-08-08,2019-06-30,7100000.0,528600000.0,45500000.0,0.240001,123200000.0,0.23306848278471434,2779000000.0,653000000.0,1431200000.0,318300000.0,1762000000.0,507200000.0,230200000.0,988665034.92,1317865034.92,22.905675026559884,4.496387056236255,0.2877653832313782,1.224655436447167,0.017885220125786163,22.905675026559884,0.010872894333843797,1.8703462635641317,34.81214911690141,1.5140352755283308,0.9577464788732394,0.7992902208201893,0.006877961452890095,0.19021230658510255,2.8074143889412504,0.0025548758546239656,42.07085254978723,0.23306848278471434,-0.5999996666677777,-0.5420693768936398,0.07473152193950323,0.10551926674005692,0.011494252873563218,-0.6098901098901099,-0.017278617710583154,1.8350499597821863,0.3257538618606467,1.7885908885519166,Chemicals,Basic Materials,VHI
2019Q1,2019,Q1,2019-05-09,2019-03-31,18200000.0,479600000.0,46300000.0,0.600002,121800000.0,0.25396163469557964,2724700000.0,648100000.0,1405100000.0,347700000.0,1718600000.0,515100000.0,231700000.0,820796716.8000001,1152896716.8000002,22.74044183896034,4.041127408685648,0.2921422541931222,1.2282055238389138,0.020905294051247324,22.74044183896034,0.02808208609782441,1.7114193427856548,11.274680175824177,1.2664661576917142,0.37362637362637363,0.6946224034168123,0.008284633528397662,0.17601937828017764,2.461029623238424,0.006679634455169376,-43.1998272,0.25396163469557964,-0.1666673611082175,21.75,0.03719723183391002,0.11052090472926678,0.13619402985074627,0.02824858757062147,0.4559748427672956,1.9333333333333333,0.3567185289957567,1.5820717131474107,Chemicals,Basic Materials,VHI
2018Q4,2018,Q4,2019-03-11,2018-12-31,17700000.0,388700000.0,31800000.0,0.720003,107200000.0,0.2757910985335735,2709600000.0,635400000.0,1408800000.0,351000000.0,1720600000.0,515800000.0,220300000.0,660250352.04,960850352.04,22.28830920654847,4.013675213675214,0.2953941541186891,1.259678942398489,0.020356027626423887,22.28830920654847,0.02785646836638338,1.698611659480319,9.325569944067796,1.0391097765816808,0.3785310734463277,0.54575416828228,0.010147665925960904,0.1434529081783289,2.392877492877493,0.006532329495128432,-13.669779545341614,0.2757910985335735,-0.8571428287982984,0.1270589974812054,-0.02901953437986819,0.056401582437022854,-0.19216277317256972,-0.8766550522648083,-0.37401574803149606,1.5918002093797632,0.19638664513909102,1.364027806175593,Chemicals,Basic Materials,VHI
2018Q3,2018,Q3,2018-11-08,2018-09-30,143500000.0,455200000.0,50800000.0,5.04002,132700000.0,0.2915202108963093,2769400000.0,650000000.0,1470000000.0,381900000.0,1754400000.0,464200000.0,209300000.0,800510789.52,1040310789.52,22.800442216330666,3.8491751767478397,0.29295154185022027,1.2481538461538462,0.0906052186240987,22.800442216330666,0.22076923076923077,1.7585913653778558,1.3946181002090592,1.2315550607999999,0.047386759581881537,0.6947436449806118,0.008494576324295887,0.16436773308297825,2.501702016234616,0.051816277894128696,39.43402904039409,0.2915202108963093,13.000016666620368,5.194679962294383,0.01532116082145049,0.13030092870936047,-0.27880434782608693,11.264957264957266,-0.4955312810327706,13.261372197475886,0.18754421785014122,1.10294499648871,Chemicals,Basic Materials,VHI
2018Q2,2018,Q2,2018-08-08,2018-06-30,11700000.0,510200000.0,100700000.0,0.360001,184000000.0,0.3606428851430811,3000900000.0,508700000.0,1443200000.0,383600000.0,2130500000.0,429400000.0,72600000.0,1627913488.32,2136713488.32,17.849194203794358,3.762252346193952,0.3543270352227665,2.090229998034205,0.030504059130013327,17.849194203794358,0.022999803420483585,3.190735962994904,34.784476246153844,3.200144462984077,0.5811965811965812,0.75966464834653,0.00417712614877193,0.17001566196807624,2.522679874869656,0.0038988303508947315,16.070221997235933,0.3606428851430811,-0.8846155078890722,1.2947103274559193,-0.011240310077519291,-0.16180589883012028,-0.007015650296815974,-0.8689809630459127,-0.006903353057199211,1.1126082771896055,0.24804305283757344,0.5068127962085307,Chemicals,Basic Materials,VHI
2018Q1,2018,Q1,2018-05-09,2018-03-31,89300000.0,466000000.0,101400000.0,3.120012,185300000.0,0.3976394849785408,2997700000.0,518400000.0,1382200000.0,324500000.0,2116900000.0,447300000.0,67300000.0,2072511709.92,2684711709.92,18.189546442396296,4.259476117103236,0.36394569169696767,2.1045524691358026,0.041568987088075604,18.189546442396296,0.1722608024691358,4.447450021287554,5.80210445106383,3.997900675,0.0761478163493841,0.6275430359937402,0.003281042981543628,0.15545251359375523,2.7608628659476118,0.029789505287386997,67.28934123116883,0.3976394849785408,-0.36585379734228723,3.2437185929648242,-0.06650641025641023,-0.21083878824783076,0.08553016988869361,-0.3625981441827266,-0.15640599001663893,6.504201680672269,0.1199230954097573,0.1994447015270708,Chemicals,Basic Materials,VHI
2017Q4,2017,Q4,2018-03-15,2017-12-31,140100000.0,435400000.0,120200000.0,4.92002,170700000.0,0.39205328433624254,2907500000.0,424400000.0,1262200000.0,331100000.0,2140800000.0,398400000.0,-17900000.0,2110131559.4400003,2717531559.4400005,14.89128763532598,3.812141347025068,0.3587618228718831,2.457822808671065,0.07782983817208283,14.89128763532598,0.33011310084825635,4.846420669361508,3.7654024972162743,4.972034777191329,0.04853675945753034,0.6644076305220884,0.0032225478878694304,0.1497506448839209,2.4297795228027788,0.04818572656921754,71.28822835945947,0.39205328433624254,2.1538468441788043,37.91666666666667,0.2768328445747801,-0.42148309705561615,0.012455516014234875,2.052287581699346,0.22653061224489796,14.920454545454549,0.007870370370370479,-0.11139028475711897,Chemicals,Basic Materials,VHI
2017Q3,2017,Q3,2017-11-09,2017-09-30,45900000.0,514900000.0,98000000.0,1.560006,168600000.0,0.327442221790639,2818400000.0,287000000.0,1217500000.0,354100000.0,2212200000.0,352700000.0,-151400000.0,831056675.76,1513356675.76,10.07021571945937,3.4382942671561705,0.3926695997729208,3.8560975609756096,0.05680429187983093,10.07021571945937,0.15993031358885018,1.6140156841328412,4.5264524823529415,2.8956678597909407,0.14814814814814814,0.9818542670825063,0.008182354102121148,0.18269230769230768,2.2843829426715616,0.01628583593528243,8.2939788,0.327442221790639,3.3333379629501025,1.0043668122270741,-0.03341467993241975,-0.6299638989169675,0.17246175243393602,4.215909090909091,0.47147147147147145,0.5993031358885016,0.0805876180482685,-0.5020818875780708,Chemicals,Basic Materials,VHI
2017Q2,2017,Q2,2017-08-08,2017-06-30,8800000.0,502200000.0,66600000.0,0.360001,143800000.0,0.28634010354440464,2572100000.0,226100000.0,988300000.0,320100000.0,2048300000.0,359100000.0,-190300000.0,1019155923.3599999,1791355923.36,7.9333650667936,3.0874726647922524,0.38591034563197385,4.390092879256966,-0.026813237847929428,7.9333650667936,0.038920831490490936,2.02938256344086,28.953293277272728,4.507544994957983,0.7727272727272727,0.9980506822612085,0.006672188076561876,0.19524901831188524,1.8359887535145267,0.0034213288752381324,30.42256487641791,0.28634010354440464,-0.25000104166232634,-0.8018018018018017,-0.17183377308707126,-0.6912045889101339,0.2094196804037006,-0.30708661417322836,0.39330543933054396,-0.4322580645161291,0.021354484441732737,-0.617104149026249,Chemicals,Basic Materials,VHI
2017Q1,2017,Q1,2017-05-09,2017-03-31,12700000.0,426900000.0,47800000.0,0.480002,118900000.0,0.2785195596158351,2542300000.0,214400000.0,921000000.0,320000000.0,2076100000.0,378100000.0,-192600000.0,1121755512.96,1921955512.96,7.522837108892295,2.878125,0.3936592848995005,4.667910447761194,0.021545350187408406,7.522837108892295,0.05923507462686567,2.627677472382291,22.081801436220474,5.232068623880597,0.5354330708661418,0.8145993123512298,0.006061926971998289,0.16791881367265862,1.576875,0.004995476536994061,49.855800576,0.2785195596158351,0.33333518518004107,-0.8571428571428571,-0.29693675889328064,-0.7110901495755289,0.15886939571150097,0.3956043956043956,0.39766081871345027,14.875000000000002,-0.07677335640138411,-0.6326250856751199,Chemicals,Basic Materials,VHI
2016Q4,2016,Q4,2017-03-13,2016-12-31,9100000.0,407900000.0,34200000.0,0.360001,102600000.0,0.2515322382936994,2443200000.0,200900000.0,837400000.0,294100000.0,1998800000.0,360600000.0,-198500000.0,1183315266.72,1988515266.72,7.049151003621558,2.847330839850391,0.39497380484610345,4.803384768541563,0.017600137233038854,7.049151003621558,0.04529616724738676,2.9009935443000736,32.50866117362638,5.890071014036835,0.7362637362637363,0.8466444814198558,0.00566205827680357,0.16695317616240996,1.4838490309418566,0.0037246234446627374,60.99563230515464,0.2515322382936994,2.0000083333333336,-0.8363309352517986,-0.09796550199026975,-0.6943091905051735,0.20281359906213364,2.033333333333333,0.6056338028169014,-0.42038216560509556,0.019240379810094937,-0.6658905704307334,Chemicals,Basic Materials,VHI
2016Q3,2016,Q3,2016-11-08,2016-09-30,3000000.0,406800000.0,21300000.0,0.12,85300000.0,0.20968534906588004,2530000000.0,237800000.0,892400000.0,306300000.0,2032800000.0,334100000.0,-200800000.0,786596853.6,1579596853.6,8.343893024694905,2.9134835128958536,0.39446640316205533,4.1968040370058874,0.013372602418648257,8.343893024694905,0.012615643397813289,1.9336205840707965,65.5497378,3.307808467619849,2.2666666666666666,0.9622867404968573,0.00864483498615408,0.1607905138339921,1.6578517793013385,0.0011857707509881424,21.609803670329672,0.20968534906588004,1.4999979166753472,-0.958041958041958,-0.32782551222736295,-0.6332510795805059,0.37138263665594856,1.3529411764705883,9.875,1.087719298245614,-0.0923694779116466,-0.5863628457122978,Chemicals,Basic Materials,VHI
2016Q2,2016,Q2,2016-08-08,2016-06-30,-8500000.0,398600000.0,-2400000.0,-0.240001,62200000.0,0.15604616156547918,2516900000.0,234100000.0,879600000.0,310700000.0,2030200000.0,354900000.0,-197000000.0,536937852.24,1355737852.24,8.214067943991074,2.831026713871902,0.40100917795701063,4.31140538231525,-0.0019816631815988417,8.214067943991074,-0.03630926954293037,1.347059338283994,-15.792289771764706,2.2936260240922683,-0.8,0.9478726401803325,0.01266440794149961,0.1583694227025309,1.5806243965239781,-0.0033771703285788075,37.81252480563381,0.15604616156547918,0.6666666666666666,-1.1622137404580153,-0.3044843831792008,-0.6185432621802184,0.48095238095238096,0.5641025641025641,0.8867924528301887,0.7858942065491183,-0.22751937984496118,-0.6142692371066073,Chemicals,Basic Materials,VHI
2016Q1,2016,Q1,2016-05-09,2016-03-31,-19500000.0,353500000.0,-21200000.0,-0.720003,42000000.0,0.1188118811881188,2522300000.0,251000000.0,876000000.0,272300000.0,2016100000.0,394900000.0,-181900000.0,403558385.76,1222158385.76,8.807052772070737,3.217040029379361,0.38885144510962216,3.907569721115538,-0.012373624017989509,8.807052772070737,-0.07768924302788845,1.1416078805091938,-5.173825458461539,1.6078023337051794,-0.3487179487179487,0.788807292985566,0.01685010209165626,0.14014986322007691,1.6268821153139919,-0.007731039130951909,-7.97546216916996,0.1188118811881188,0.4,-1.5140581573406626,-0.25053933224179936,-0.5671538236674974,0.5272727272727272,0.34782608695652173,0.39255014326647564,0.5100502512562815,-0.29186698717948717,-0.6179022682295632,Chemicals,Basic Materials,VHI
2015Q4,2015,Q4,2016-03-11,2015-12-31,-29900000.0,324800000.0,-34900000.0,-1.200005,27500000.0,0.08466748768472906,2537400000.0,268700000.0,896200000.0,286600000.0,2010500000.0,405200000.0,-155600000.0,458278166.87999994,1216478166.8799999,9.428107887870148,3.127006280530356,0.3785370852053283,3.5746185336806846,-0.023141791743376917,9.428107887870148,-0.11127651656122069,1.4109549472906402,-3.8317572481605344,1.7055383955340526,-0.22408026755852842,0.7337117472852912,0.014619941520701757,0.12800504453377473,1.5732728541521284,-0.01178371561440845,-15.694457769863012,0.08466748768472906,-2.3333379629501025,0.5509377016334441,2.055115637973465,-0.3721217728801362,-0.44779116465863456,-1.5555555555555556,-1.4405594405594406,-9.305555555555557,-0.04750733137829915,-0.6337241003271538,Chemicals,Basic Materials,VHI
2015Q3,2015,Q3,2015-11-06,2015-09-30,-11700000.0,383200000.0,-14300000.0,-0.360001,49800000.0,0.1299582463465553,2616600000.0,309000000.0,960300000.0,298200000.0,2036500000.0,403700000.0,-119000000.0,646377414.48,1366777414.48,10.842148631752421,3.2203219315895373,0.36413666590231597,3.0834951456310677,-0.0066109261900988,10.842148631752421,-0.037864077669902914,1.6867886599164927,-13.811483215384614,2.0918362928155343,-0.5811965811965812,0.8258607877136488,0.010520169559870047,0.146449591072384,1.6904761904761905,-0.004471451501949094,26.49087764262295,0.1299582463465553,0.900000111110679,-1.8146381379385168,-0.10835829278100696,-0.2868021401813242,-0.11545293072824156,0.8873917228103946,0.34101382488479265,-1.5109170305676856,-0.28064576684813214,-0.6015987622485817,Chemicals,Basic Materials,VHI
2015Q2,2015,Q2,2015-08-07,2015-06-30,-103900000.0,408800000.0,-21700000.0,-3.600014,56300000.0,0.137720156555773,2676500000.0,337600000.0,992200000.0,305800000.0,2053300000.0,418400000.0,-100400000.0,1935712257.1200001,2668212257.12,11.84566141773339,3.2446043165467624,0.35262469643190736,2.795616113744076,-0.08196818150287012,11.84566141773339,-0.307760663507109,4.735108261056752,-4.657632957459096,5.733744837440758,-0.06544754571703561,0.8424952198852772,0.0035129188106279834,0.15273678311227348,1.7119032047089602,-0.03881935363347656,129.047483808,0.137720156555773,-8.499997916675346,-24.149648555709234,-0.023174977519203253,-0.18866631648928908,-0.36954087346024633,-9.731092436974789,-1.900414937759336,-3.34009009009009,-0.32585751978891825,-0.5389237913138487,Chemicals,Basic Materials,VHI
2015Q1,2015,Q1,2015-05-08,2015-03-31,11900000.0,416100000.0,24100000.0,0.480002,89300000.0,0.2146118721461187,2816300000.0,432200000.0,984600000.0,274100000.0,2061100000.0,413800000.0,10000000.0,2130651477.3600001,2869251477.36,15.164972940593517,3.5921196643560744,0.3330966161275432,2.170522906062008,0.014086196318189312,15.164972940593517,0.02753354928273947,5.1205274630136985,44.76158565882353,4.929781298843128,0.5714285714285714,0.7897535041082648,0.0031915121136684406,0.14774704399389268,1.9080627508208683,0.004225402123353336,-48.86815315045872,0.2146118721461187,0.5483935483870968,-0.12269738991236659,0.08418656387723271,0.006824716091011945,-0.07938144329896907,0.3522727272727273,-0.23974763406940064,-0.8661417322834646,-0.3147233201581028,-0.4175987063738041,Chemicals,Basic Materials,VHI
2014Q4,2014,Q4,2015-03-13,2014-12-31,8800000.0,432000000.0,31700000.0,0.31,97000000.0,0.22453703703703703,2967200000.0,477600000.0,1062000000.0,331200000.0,2153300000.0,443000000.0,4900000.0,2192211231.12,2870511231.12,16.75796176868918,3.2065217391304346,0.31480857373955246,1.955820770519263,0.012256421646417093,16.75796176868918,0.018425460636515914,5.074563035,62.27872815681818,4.590057016582914,0.7840909090909091,0.7562076749435666,0.0031475069108531082,0.14559180372067942,1.6980676328502415,0.0029657589646805067,76.91969232,0.22453703703703703,-0.6770846788138383,3.4508771329432295,0.2414354585689148,0.11699750495612309,-0.16234887737478412,-0.6933797909407665,-0.3450413223140496,-0.841726618705036,-0.04467049977885893,-0.27328058429701757,Chemicals,Basic Materials,VHI
2014Q3,2014,Q3,2014-11-07,2014-09-30,28700000.0,476500000.0,48400000.0,0.960004,115800000.0,0.24302203567681008,2996100000.0,576400000.0,1085100000.0,349400000.0,2054800000.0,417700000.0,2900000.0,2233251066.96,2929351066.96,20.22464230207798,3.1056096164854035,0.3126731417509429,1.6252602359472588,0.022503656379210046,20.22464230207798,0.049791811242192924,4.6867808330745016,19.453406506620208,3.874481379181124,0.23344947735191637,0.8635384247067274,0.0030001105111394106,0.15904008544441106,1.7203777904979967,0.009579119522045326,-1015.1141213454546,0.24302203567681008,0.6000013333288887,2.425657810818378,0.35533031394288084,0.3598043010541497,0.11132437619961612,0.8516129032258064,0.6351351351351351,-0.5986013986013985,-0.21265697290152016,-0.11104256631708816,Chemicals,Basic Materials,VHI
2014Q2,2014,Q2,2014-08-08,2014-06-30,15500000.0,491700000.0,29600000.0,0.600002,104200000.0,0.2119178360789099,3054200000.0,590500000.0,1108300000.0,383800000.0,2093800000.0,415200000.0,-23300000.0,2195631217.44,2870431217.44,20.71938112313853,2.8877019280875458,0.30446598127169144,1.574767146486029,0.018309717994011602,20.71938112313853,0.026248941574936496,4.465387873581452,35.413406732903226,3.718257777205758,0.432258064516129,0.9332851637764933,0.003051514273791332,0.16099142164887695,1.6435643564356435,0.005074978717831183,-359.939543842623,0.2119178360789099,20.37520484503028,1.817936268051628,0.48090698495503353,0.4174142515318513,0.21445221445221446,18.375,0.7411764705882353,-0.7041984732824427,-0.1420345489443377,-0.03780348704578771,Chemicals,Basic Materials,VHI
2014Q1,2014,Q1,2014-05-09,2014-03-31,800000.0,462400000.0,17000000.0,0.02807,85800000.0,0.1855536332179931,3082200000.0,583600000.0,1095300000.0,402100000.0,2128400000.0,420900000.0,-38800000.0,3016427934.2400002,3689227934.2400002,20.477274891555705,2.723949266351654,0.3014080851339952,1.59184372858122,0.006154650145130114,20.477274891555705,0.0013708019191226869,6.523416812802768,942.63372945,5.168656501439343,21.25,0.8947493466381563,0.005635805121358953,0.15002271105054832,1.5147973141009698,0.0002595548634092531,-116.46439900540541,0.1855536332179931,-0.9532168226105913,1.0401052621754348,0.5076970105626821,0.34606803574785316,0.5459459459459459,-0.9490445859872612,1.2571860816944025,-0.9789104345706394,-0.019658804041323964,0.006410472142025932,Chemicals,Basic Materials,VHI
2013Q4,2013,Q4,2014-03-17,2013-12-31,15700000.0,400200000.0,-66100000.0,0.600002,55500000.0,0.1386806596701649,2967200000.0,601300000.0,949000000.0,394700000.0,1974400000.0,430600000.0,-39600000.0,6012335950.56,6622035950.56,21.098330007355116,2.4043577400557385,0.25360609328660016,1.2514551804423748,0.04322259868397153,21.098330007355116,0.026110094794611675,15.023328212293855,95.73783360764331,9.998895643705305,1.0828025477707006,0.8005109150023223,0.0028275199755623415,0.13487462928012942,1.1398530529516089,0.005291183607441359,126.30957879327732,0.1386806596701649,1.4999995833350694,-0.44767314372427697,0.14840626235038304,0.28601184652777656,0.1419753086419753,1.45906432748538,-0.259047619047619,1.2357952536573555,2.7643389110744483,0.40507323396789763,Chemicals,Basic Materials,VHI
2013Q3,2013,Q3,2013-11-08,2013-09-30,-34200000.0,448200000.0,-52500000.0,-1.200005,48600000.0,0.10843373493975904,2777400000.0,574900000.0,929700000.0,372800000.0,1866600000.0,407100000.0,-55300000.0,6826292694.72,7441892694.72,20.172010512603453,2.4938304721030042,0.26330380931806724,1.2720473125761003,-0.02748981062276183,20.172010512603453,-0.05948860671421117,15.23046116626506,-49.899800400000004,11.873878404452949,-0.49707602339181284,0.9815770081061165,0.0024903708001195375,0.16137394685677253,1.25456008583691,-0.012313674659753726,144.93190434649682,0.10843373493975904,0.1666666666666666,-0.4793103137929792,0.1216274866411973,0.0905806821913986,1.8255813953488371,0.1385390428211587,0.1984732824427481,-3.3812499416664332,0.0428857337566615,0.32691731265293444,Chemicals,Basic Materials,VHI
2013Q2,2013,Q2,2013-08-09,2013-06-30,-39700000.0,516000000.0,-65500000.0,-1.440006,17200000.0,0.03333333333333333,2864400000.0,606900000.0,1056000000.0,349200000.0,1927500000.0,462900000.0,-21100000.0,4558841764.56,5200041764.56,21.294822021393347,3.0240549828178693,0.2866568914956012,1.3529411764705883,-0.029370246122164288,21.294822021393347,-0.06541440105453947,8.83496466,-28.708071565239297,7.511685227483936,-0.4256926952141058,1.077554547418449,0.003707081945984391,0.18014243820695433,1.604524627720504,-0.013859796117860633,4558.84176456,0.03333333333333333,0.0,-198.19648704910605,0.18736646515154343,0.04572366227217944,0.3333333333333333,0.002512562814070352,-0.15316901408450703,-9.845438379804202,0.2329787465755653,0.4585261034438697,Chemicals,Basic Materials,VHI
2013Q1,2013,Q1,2013-05-10,2013-03-31,-39800000.0,499200000.0,-56800000.0,-1.440006,12900000.0,0.025841346153846152,2996800000.0,656900000.0,1171300000.0,412100000.0,1994200000.0,544000000.0,18600000.0,5468558125.68,6089058125.68,23.04921500387756,2.8422712933753944,0.26701815269620927,1.2181458365047952,-0.0268415737717776,23.04921500387756,-0.060587608463997564,10.954643681250001,-34.350239482914574,8.324795441741513,-0.4271356783919598,0.8939338235294118,0.003108680498460661,0.16657768286171917,1.4338752729919921,-0.013280832888414308,-99.97364032321755,0.025841346153846152,-12.07696923076923,-5.769431912696429,0.3217719483848356,0.10772122072117749,1.9318181818181819,-12.055555555555555,-0.24561403508771928,-3.934171754746875,0.30071120568977305,0.5302710689499902,Chemicals,Basic Materials,VHI
2012Q4,2012,Q4,2013-03-15,2012-12-31,3600000.0,341000000.0,-45600000.0,0.13,4400000.0,0.012903225806451613,3170500000.0,733600000.0,1363400000.0,398500000.0,2078800000.0,650300000.0,75400000.0,4274982900.0,4818182900.0,25.74045383900834,3.4213299874529484,0.28705251537612364,1.2405943293347874,-0.12561091845632819,25.74045383900834,0.004907306434023991,12.536606744868035,296.8738125,5.827403080697928,4.722222222222222,0.5176072581885284,0.003976624093630878,0.10755401356252957,1.6820577164366375,0.0011354675918624822,-515.0581807228916,0.012903225806451613,-0.8452386479572097,1.25441066923645,-0.05808840063557916,0.1904495789835818,-0.9598173515981735,-0.8427947598253275,-2.0293453724604964,2.0026315543858666,-0.020070621824074115,0.7157231357533749,Chemicals,Basic Materials,VHI
2012Q3,2012,Q3,2012-11-06,2012-09-30,22900000.0,532700000.0,44300000.0,0.840003,109500000.0,0.20555659846067204,3023800000.0,775600000.0,1141800000.0,393700000.0,1880700000.0,624300000.0,88800000.0,4179223283.0399995,4859123283.039999,27.214143944295074,2.9001778003556007,0.2656921754084265,1.0358432181536874,0.03003947006480255,27.214143944295074,0.02952552862300155,7.84536002072461,45.624708330131,5.38837452686952,0.7379912663755459,0.6778792247316995,0.004043813612108997,0.17616905880018519,1.176784353568707,0.007573252199219525,39.80212650514285,0.20555659846067204,-0.46153860946688663,1.4368221251306392,0.33675406074389697,0.26080545662597066,-0.4178628389154705,-0.48423423423423423,-0.5994575045207957,1.7333645946948035,0.5151824936775918,0.8297436084274781,Chemicals,Basic Materials,VHI
2012Q2,2012,Q2,2012-08-09,2012-06-30,44400000.0,606400000.0,110600000.0,1.560006,188100000.0,0.31019129287598945,3099200000.0,732200000.0,1263100000.0,480900000.0,2013900000.0,661200000.0,82800000.0,4271562913.68,5032162913.68,25.691330835498782,2.6265335828654606,0.2787170882808467,1.1797323135755258,0.0443739285844549,25.691330835498782,0.060639169625785305,7.044134092480211,24.05159298243243,5.833874506528271,0.38288288288288286,0.632637628554144,0.003979807939982864,0.1956633970056789,1.1669785818257434,0.014326277749096542,192.41274385945945,0.31019129287598945,-0.5,10.132760440816199,0.5226391786081835,0.09655352711241669,-0.311493411420205,-0.500562429696288,-0.4257528556593977,3.342991632354341,0.8263615938107226,0.7575456646428814,Chemicals,Basic Materials,VHI
2012Q1,2012,Q1,2012-05-09,2012-03-31,88900000.0,607200000.0,192600000.0,3.120012,273200000.0,0.4499341238471673,3060700000.0,742100000.0,1160800000.0,400800000.0,1958100000.0,605500000.0,55400000.0,6047675809.2,6842275809.2,26.038700646030655,2.8962075848303392,0.27846571045839186,1.1484975070745183,0.08059930863550063,26.038700646030655,0.119795175852311,9.9599403972332,17.006962343082115,8.149408178412612,0.15860517435320584,0.5516102394715111,0.0023314741803041822,0.19838599013297611,1.2724550898203593,0.029045643153526972,-40.34473521814543,0.4499341238471673,0.6000061538461539,2.4330207583652137,0.538445656309682,0.09222938318729013,0.5487528344671202,0.5989208633093526,0.04164413196322336,5.456697259245177,0.9798305034897504,0.7116468288699143,Chemicals,Basic Materials,VHI
2011Q4,2011,Q4,2012-03-07,2011-12-31,55600000.0,452200000.0,184900000.0,1.95,176400000.0,0.39009287925696595,2838000000.0,657200000.0,944200000.0,415600000.0,1845000000.0,464500000.0,-19400000.0,6893552425.68,7533552425.68,23.059741361772463,2.271896053897979,0.2594785059901339,1.1205112598904443,0.08176413896745167,23.059741361772463,0.08460133901399879,15.24447683697479,30.99618896438849,10.489276362872793,0.25359712230215825,0.593756727664155,0.00204538953638394,0.15933756166314306,1.0464388835418672,0.019591261451726568,475.41740866758624,0.39009287925696595,-0.2261935468510046,-0.30781077862458095,-0.1547778254341331,-0.2358047221417946,-0.24550898203592814,-0.22237762237762237,0.24511784511784512,0.9560110324159364,0.29762446735343123,0.40556624902387284,Chemicals,Basic Materials,VHI
2011Q3,2011,Q3,2011-11-03,2011-09-30,71500000.0,605200000.0,148500000.0,2.52001,233800000.0,0.38631857237276934,2830000000.0,648400000.0,960300000.0,391800000.0,1856100000.0,357500000.0,-60900000.0,6175355298.4800005,6849355298.4800005,22.750968196855244,2.4509954058192958,0.28353356890459364,1.2375077112893276,0.06417149159084642,22.750968196855244,0.11027143738433066,10.20382567495043,21.592151393286716,9.523990281431216,0.1972027972027972,1.038881118881119,0.0022832694344680974,0.21385159010600707,1.420877998979071,0.025265017667844523,51.763246424811406,0.38631857237276934,0.36956544187060164,2.7129222262995927,0.6088610563062522,-0.19476326312243292,0.16492277030393623,0.36450381679389315,0.1388036809815951,4.092710158953158,0.5145224339920854,0.2300095918123202,Chemicals,Basic Materials,VHI
2011Q2,2011,Q2,2011-08-04,2011-06-30,52400000.0,573100000.0,130400000.0,1.840007,200700000.0,0.3502006630605479,2829000000.0,613700000.0,928500000.0,321800000.0,1901600000.0,330200000.0,-118300000.0,5662357350.4800005,6483157350.4800005,21.5334194670112,2.8853325046612803,0.31979498055850125,1.4741730487208733,0.05467810289847736,21.5334194670112,0.08538373798272772,9.880225703158263,27.01506369503817,9.226588480495357,0.26908396946564883,1.1278013325257419,0.0024901289564150763,0.2025804171085189,1.7290242386575512,0.018522446094026156,214.48323297272728,0.3502006630605479,0.393939416896148,1.9323572779812266,0.3609302231556875,-0.23726758338523224,0.2112251056125528,0.37894736842105264,0.2898120672601385,263.9192927298025,0.3187591495704448,0.05744045400632149,Chemicals,Basic Materials,VHI
2011Q1,2011,Q1,2011-05-05,2011-03-31,38000000.0,472500000.0,101100000.0,1.320005,165700000.0,0.3506878306878307,2825900000.0,580900000.0,969400000.0,337700000.0,1961600000.0,347400000.0,-156600000.0,3011441869.8,3831441869.8,20.34684202755983,2.8705952028427597,0.3408471637354471,1.6581167154415561,0.041516946469853065,20.34684202755983,0.06541573420554313,6.373421946666667,19.812117564473684,5.184096866586332,0.3,0.8831318364997122,0.0037855620307082703,0.1672033688382462,1.7145395321291086,0.013447043419795463,-131.5040117816594,0.3506878306878307,1.5650077474253723,0.6979192864486068,0.24550088244393498,-0.26252810211165667,2.6720484359233097,1.5697151424287856,1.6660079051383399,7.451957657711839,0.24888522151688505,-0.022152004534737115,Chemicals,Basic Materials,VHI
2010Q4,2010,Q4,2011-03-09,2010-12-31,-66700000.0,106500000.0,-151800000.0,-2.33626,-99100000.0,-0.9305164319248826,2410300000.0,428700000.0,648200000.0,299200000.0,1911900000.0,312000000.0,-197700000.0,2524951829.4,3447151829.4,15.01582230541384,2.1664438502673797,0.41111065012654024,2.311406578026592,-0.06186582190362476,15.01582230541384,-0.1555866573361325,23.70846788169014,-9.463837441529234,5.88978733240028,-0.16941529235382308,0.658974358974359,0.004475332902760842,0.04418537111562876,0.9949866310160428,-0.02767290378791022,-104.76978545228216,-0.9305164319248826,-5.492790412344568,-5.550348496458264,-0.7122579603790546,-0.4495115815111549,-1.8412563667232598,-5.631944444444445,-3.559865092748735,-3.705409371829763,-0.7063404469103949,-0.3055452925044135,Chemicals,Basic Materials,VHI
2010Q3,2010,Q3,2010-11-05,2010-09-30,14400000.0,430900000.0,59300000.0,0.520002,117800000.0,0.2733812949640288,2399100000.0,434400000.0,651900000.0,278300000.0,1887000000.0,270200000.0,-201100000.0,2320280662.0,3236980662.0,15.202160918582875,2.342436219906576,0.41102913592597223,2.2700276243093924,0.017947746812244526,15.202160918582875,0.03314917127071823,5.384731171965654,40.28265038194444,5.341345906998159,0.7916666666666666,1.1587712805329387,0.004913198729232007,0.1796090200491851,1.2378727991376213,0.006002250844066525,36.88840480127186,0.2733812949640288,2.2499921875488273,0.10650191228287645,0.19105965811532558,-0.45713581975987183,0.26259378349410506,2.2,0.6846590909090909,1.273961962574917,0.07845974957617836,-0.29569831489506193,Chemicals,Basic Materials,VHI
2010Q2,2010,Q2,2010-08-05,2010-06-30,4500000.0,419600000.0,35200000.0,0.160001,93300000.0,0.22235462345090562,2313000000.0,417200000.0,612100000.0,271800000.0,1826700000.0,258300000.0,-204100000.0,1410456323.6,2332056323.6,14.6002337367237,2.2520235467255336,0.422568093385214,2.3427612655800574,0.008875679031996256,14.6002337367237,0.010786193672099712,3.3614307044804574,78.35868464444445,3.3807677938638543,2.511111111111111,1.2632597754548973,0.008011591575666995,0.18140942498919152,1.2030905077262692,0.0019455252918287938,-328.0130985116279,0.22235462345090562,-0.5999995000025,-0.8634879918896919,0.09872161242165726,-0.5674561667756811,-0.008501594048884165,-0.6691176470588235,13.08,1.9231881923084355,0.05082868344894851,-0.3768350147689323,Chemicals,Basic Materials,VHI
2010Q1,2010,Q1,2010-05-06,2010-03-31,13600000.0,384800000.0,2500000.0,0.400002,94100000.0,0.24454261954261955,2403200000.0,430400000.0,639500000.0,291000000.0,1899800000.0,294600000.0,-197500000.0,2249414947.2,3201214947.2,15.06217785303423,2.1975945017182132,0.4153212383488682,2.3190055762081783,-0.0017735786118164973,15.06217785303423,0.031598513011152414,5.8456729397089395,41.34953947058823,5.2263358438661704,0.8382352941176471,0.9867617107942973,0.005067984461555373,0.16011984021304926,1.0666666666666667,0.005659121171770972,-88.55964359055118,0.24454261954261955,4.175123035402445,-0.5236196587517187,0.1001844274839564,-0.5535096832744232,0.48657187993680884,4.777777777777778,3.7777777777777777,-0.47619190178429854,-0.0276019214784642,-0.3681960766969113,Chemicals,Basic Materials,VHI
2009Q4,2009,Q4,2009-12-31,2009-12-31,-3600000.0,348900000.0,-900000.0,-0.12598,63300000.0,0.18142734307824593,2410300000.0,428700000.0,648200000.0,299200000.0,1911900000.0,312000000.0,-197700000.0,1596764573.8000002,2518964573.8,15.002685050176055,2.1664438502673797,0.41111065012654024,2.311406578026592,-0.0001253635543074917,15.002685050176055,-0.008397480755773267,4.576567995987389,-110.88642873611111,3.724666605551668,-3.4722222222222223,0.9153846153846154,0.007828329989969872,0.14475376509148238,0.9949866310160428,-0.0014935900095423807,354.8365719555556,0.18142734307824593,-1.4499269645465553,-1.1355437849359782,0.17057491495452465,-0.5442921850381078,-0.10845070422535211,-1.4285714285714286,-1.069767441860465,-1.044700375669772,-0.34957095672564803,-0.5028139782372134,Chemicals,Basic Materials,VHI
2009Q3,2009,Q3,2009-09-30,2009-09-30,8400000.0,352500000.0,12900000.0,0.280001,71000000.0,0.20141843971631207,2417000000.0,425000000.0,634900000.0,366900000.0,1923200000.0,274100000.0,-174200000.0,1385310424.8,2305110424.8,14.873200714543557,1.7304442627418914,0.4093090608191974,2.3277647058823527,-0.019939192533408753,14.873200714543557,0.01976470588235294,3.9299586519148937,41.22947692857143,3.2595539407058824,1.5,1.0269974461875229,0.009095434333296877,0.14584195283409185,0.8642681929681112,0.003475382705833678,307.84676106666666,0.20141843971631207,1.437499511721039,-0.49216386010620616,0.04788548007097592,-0.5165384151908456,0.918918918918919,1.4421052631578948,1.7633136094674555,-0.5649414299257182,-0.06537504457647111,-0.4735851456220839,Chemicals,Basic Materials,VHI
2009Q2,2009,Q2,2009-06-30,2009-06-30,-19000000.0,332900000.0,-16900000.0,-0.640003,37000000.0,0.11114448783418444,2390500000.0,417700000.0,640700000.0,398900000.0,1907600000.0,267700000.0,-171200000.0,849245582.1999999,1742745582.1999998,14.617731619917281,1.6061669591376284,0.4156034302447187,2.3785013167344986,-0.007192357020553606,14.617731619917281,-0.04548719176442423,2.5510531156503453,-11.174283976315788,2.0331471922432365,-0.6631578947368421,1.1053418005229734,0.014836697728069736,0.13925956912779752,0.849837051892705,-0.00794812800669316,22.173513895561356,0.11114448783418444,0.11111064815007711,-1.0757767035099615,-0.05535321736829936,-0.5152236552156115,0.06321839080459771,0.05,-0.018072289156626505,-2.0604686374579946,-0.21154324705916172,-0.4822272523429772,Chemicals,Basic Materials,VHI
2009Q1,2009,Q1,2009-03-31,2009-03-31,-20000000.0,307500000.0,-16600000.0,-0.720003,34800000.0,0.11317073170731708,2320400000.0,434700000.0,619300000.0,322400000.0,1818300000.0,316200000.0,-141000000.0,1072129685.2,1976329685.2,15.212659648499022,1.9209057071960298,0.4103602827098776,2.1904761904761907,-0.008591345751902,15.212659648499022,-0.04600874166091557,3.486600602276423,-13.401621065,2.466366885668277,-0.63,0.8624288425047438,0.011752309607628799,0.13252025512842613,0.8232009925558312,-0.008619203585588691,-28.066222125654452,0.11317073170731708,-1.720003,-7.185476800179393,0.01927554283590744,-0.30155755067719203,-0.7161500815660685,-1.7017543859649122,-1.2488755622188905,-1.8928598877796248,-0.19014509141529526,-0.4486166960105179,Chemicals,Basic Materials,VHI
2008Q4,2008,Q4,2008-12-31,2008-12-31,28500000.0,349400000.0,66700000.0,1.0,122600000.0,0.35088723526044646,2389400000.0,468800000.0,696400000.0,294200000.0,1847300000.0,408500000.0,-109800000.0,1223005078.0,2106405078.0,16.406015282301222,2.3670972127804215,0.3852013057671382,1.963310580204778,0.033174505918548265,16.406015282301222,0.06079351535836178,3.5003007384087006,10.728114719298246,2.6087992278156995,0.4,0.555201958384333,0.009321302262000912,0.14622917887335732,0.8531611148878314,0.011927680589269272,-35.65612472303207,0.35088723526044646,2.2499953125175782,1.8105256585266019,0.19107114228814714,-0.25279315744361086,0.7819767441860465,2.228448275862069,5.53921568627451,0.9426007730033724,-0.05681587465379544,-0.39854633181150195,Chemicals,Basic Materials,VHI
2008Q3,2008,Q3,2008-09-30,2008-09-30,-23200000.0,401000000.0,10200000.0,-0.800003,68800000.0,0.171571072319202,2520900000.0,529000000.0,724500000.0,307700000.0,1910800000.0,328100000.0,-127000000.0,2059191720.0,2937591720.0,18.496577870855074,2.354566135846604,0.3715339759609663,1.7705103969754252,0.010083521486701072,18.496577870855074,-0.04385633270321361,5.13514144638404,-22.18956594827586,3.8926119470699434,-0.49137931034482757,1.0124961901859189,0.005536152796884789,0.1590701733507874,1.1368215794605134,-0.009203062398349796,162.14108031496062,0.171571072319202,-113.399968998275,-3.7498678070459484,0.3516476003498811,-0.19387158236151802,0.03614457831325301,-115.0,13.571428571428571,-2.7811392170460656,0.1074435499269406,-0.33949327093128445,Chemicals,Basic Materials,VHI
2008Q2,2008,Q2,2008-06-30,2008-06-30,-200000.0,436100000.0,700000.0,-0.006993035111854471,66400000.0,0.15225865627149737,2646300000.0,582400000.0,772800000.0,314400000.0,1971600000.0,337200000.0,-92400000.0,3117387465.0,4044887465.0,20.363718245720218,2.4580152671755724,0.3714242527302271,1.6876717032967032,-0.00010931521824002499,20.363718245720218,-0.00034340659340659343,7.148331724375144,-3896.7343312499997,5.35265704842033,-56.5,1.0963819691577699,0.00362483012678695,0.1647961304462835,1.2668575063613232,-7.557722102558288e-05,-100.88632572815534,0.15225865627149737,0.9650349992657313,-1.0118161128239356,0.4432471406422399,-0.10544297018333548,-0.03206997084548105,0.9661016949152542,-0.9320388349514563,-1.0060618968423143,0.1409286317903873,-0.396708237173716,Chemicals,Basic Materials,VHI
2008Q1,2008,Q1,2008-03-31,2008-03-31,-5900000.0,379000000.0,10300000.0,-0.200001,68600000.0,0.18100263852242743,2634700000.0,595100000.0,775000000.0,307600000.0,1948100000.0,357900000.0,-81000000.0,2675805240.6,3555205240.6,20.80777597532298,2.5195058517555267,0.364481724674536,1.6136783733826248,0.005409595285484283,20.80777597532298,-0.009914300117627289,7.060172138786279,-113.38157799152543,4.4963959680725925,-1.9322033898305084,0.8672813635093601,0.004260399758184105,0.14384939461798307,1.2473992197659298,-0.002239344137852507,-47.02645414059754,0.18100263852242743,0.5971863607983727,-3.7957429739153854,0.2831873310668666,-0.06701399963467063,0.023880597014925373,0.5845070422535211,2.3225806451612905,-1.2064843490316774,0.08265439806196104,-0.38319208707887686,Chemicals,Basic Materials,VHI
2007Q4,2007,Q4,2007-12-31,2007-12-31,-14200000.0,363300000.0,3100000.0,-0.49651,67000000.0,0.1844205890448665,2603000000.0,618400000.0,770900000.0,297700000.0,1894100000.0,337900000.0,-74100000.0,1823528667.6,2591828667.6,21.622464565854024,2.589519650655022,0.3482904341144833,1.4660413971539457,0.002180090282727489,21.622464565854024,-0.02296248382923674,5.019346731626754,-32.104377950704226,2.948785038163001,-0.8028169014084507,0.8768866528558745,0.006251615454449574,0.13956972723780253,1.3409472623446423,-0.005455243949289282,-178.77732035294116,0.1844205890448665,0.7301586352660615,-3.5807883367242725,0.1626093014743319,0.040079847294838926,-0.21728971962616822,0.7305502846299811,-0.8830188679245283,-1.5341775806241722,0.21782208573898762,-0.3432158278040607,Chemicals,Basic Materials,VHI
2007Q3,2007,Q3,2007-09-30,2007-09-30,-52700000.0,400600000.0,26500000.0,-1.840007,85600000.0,0.21367948077883175,2661600000.0,618400000.0,837500000.0,337000000.0,1918200000.0,316000000.0,-57600000.0,2827170651.8,3490970651.8,21.584728874129862,2.4851632047477743,0.3162383528704539,1.3610931435963778,-0.10129117053300328,21.584728874129862,-0.08521992238033635,7.057340618572142,-13.411625482922203,4.571750730595085,-0.21631878557874762,0.9968354430379747,0.004032299922447858,0.15051097084460474,1.4127596439169139,-0.019800120228434026,57.34626068559838,0.21367948077883175,-10.49997187517578,-6.472521120829149,0.422111896728575,-0.014452966755067922,0.0035169988276670576,-9.755102040816327,0.06854838709677419,-4.177726687440656,0.18775605880629506,-0.2983764941087203,Chemicals,Basic Materials,VHI
2007Q2,2007,Q2,2007-06-30,2007-06-30,-4900000.0,401400000.0,24800000.0,-0.160001,85300000.0,0.21250622820129547,2664500000.0,673000000.0,809400000.0,263800000.0,1864200000.0,321100000.0,-4900000.0,1872862502.0,2541062502.0,23.42916255365339,3.0682335102350264,0.3059485832238694,1.2112927191679048,-0.008238593036758078,23.42916255365339,-0.007280832095096583,4.66582586447434,-95.5542092857143,2.782856615156018,-2.326530612244898,0.9844285269386484,0.006086939104085923,0.15064740101332333,1.7247915087187262,-0.0018389941827735034,-292.6347659375,0.21250622820129547,-1.1818184917341286,-1.7713785990973885,0.4429160287255306,0.03663516641317469,-0.28259041211101765,-1.1877394636015326,-0.6125,-1.0194403634478086,0.13307645550828295,-0.22300504076544048,Chemicals,Basic Materials,VHI
2007Q1,2007,Q1,2007-03-31,2007-03-31,26100000.0,397800000.0,64000000.0,0.880004,118900000.0,0.29889391654097536,2661500000.0,684800000.0,811900000.0,259000000.0,1850200000.0,327800000.0,0.0,1516673928.0,2160473928.0,23.839956191295457,3.1347490347490345,0.3065940259252301,1.191588785046729,0.025198681915099823,23.839956191295457,0.038113317757009345,3.812654419306184,14.52752804597701,2.2147691705607477,0.4367816091954023,0.850823672971324,0.007516447530045496,0.1494645876385497,1.7355212355212355,0.009806500093931993,-45.959816,0.29889391654097536,-0.6868313167259786,8.05413991954409,0.5723831425234761,0.12862738372411112,-0.5757026421342621,-0.6776145950419348,-0.7143226992933951,7.029895372846882,0.31170886855257934,0.09453821874202754,Chemicals,Basic Materials,VHI
