Year,Date,FillingDate,NetIncome,Revenue,OperatingIncome,EPSDiluted,GrossProfit,GrossProfitRatio,TotalAssets,CommonStockEquity,CurrentAssets,CurrentLiability,TotalLiability,Inventory,RetainedEarnings,EnterpriseValue,bookValuePerShare,currentRatio,debtToAssets,debtToEquity,roic,shareholdersEquityPerShare,roe,priceToSalesRatio,peRatio,pbRatio,payoutRatio,inventoryTurnover,dividendYield,assetTurnover,quickRatio,returnOnAssets,priceToFreeCashFlowsRatio,grossProfitMargin,epsdilutedGrowth,fiveYNetIncomeGrowthPerShare,fiveYRevenueGrowthPerShare,fiveYShareholdersEquityGrowthPerShare,grossProfitGrowth,netIncomeGrowth,operatingIncomeGrowth,threeYNetIncomeGrowthPerShare,threeYRevenueGrowthPerShare,threeYShareholdersEquityGrowthPerShare,Industry,Sector,Price,MarketCap,AvgVolume,Symbol
2022,2022-12-31,2023-03-09,136100000.0,2222500000.0,139300000.0,4.78,490400000.0,0.2206524184,2835700000.0,958600000.0,1589500000.0,492800000.0,1528900000.0,640800000.0,482300000.0,729200000.0,33.63508771929825,3.2254464285714284,0.20478188806996508,0.6057792614229084,0.07150758149949299,33.63508771929825,0.14197788441477155,0.28211473565804274,4.6069066862601025,0.654078865011475,0.06612784717119764,2.703027465667915,0.014354066985645932,0.7837570970130832,1.6954139610389611,0.04799520400606552,-19.174311926605505,0.22065241844769404,-0.3112391930835735,-0.3440990091566265,0.18255353304246033,1.2587091555136665,-0.15477421578765943,-0.3115832068791098,-0.396969696969697,0.7404092071611253,0.17127799736495383,0.4978125000000002,Chemicals,Basic Materials,13.82,390822690,15314,VHI
2021,2021-12-31,2022-03-10,197700000.0,2296400000.0,231000000.0,6.94,580200000.0,0.2526563316,3005200000.0,829500000.0,1673200000.0,463500000.0,1846800000.0,458700000.0,401100000.0,793475000.0,29.105263157894736,3.6099244875943906,0.2237787834420338,0.8107293550331525,0.1164297002850531,29.105263157894736,0.2383363471971067,0.35680848284271033,4.14453717754173,0.9877938517179023,0.04552352048558422,3.7414432090691085,0.010983981693363844,0.7641421536004259,2.3833872707659114,0.06578597098362837,2.071220930232558,0.25265633164953843,1.3367003367003367,13.433912528301889,0.46565663415879494,3.1289033449477355,0.40791070128609563,1.334120425029516,2.382137628111274,-0.24599843935926777,0.26168387143563526,0.30547164305949004,Chemicals,Basic Materials,13.82,390822690,15314,VHI
2020,2020-12-31,2021-03-11,84700000.0,1849700000.0,68300000.0,2.97,412100000.0,0.2227928853,2889300000.0,682500000.0,1453400000.0,318100000.0,1882400000.0,538200000.0,282900000.0,728700000.0,23.94736842105263,4.569003458032065,0.28176374900494927,1.1928205128205127,0.03778008644800274,23.94736842105263,0.12410256410256411,0.2342001405633346,5.114521841794569,0.6347252747252747,0.16056670602125148,2.6711259754738017,0.03139427516158818,0.6401896653168587,2.720213769254951,0.029315059010833075,4.996539792387543,0.22279288533275665,0.08394160583941604,1.6339795,0.20666227490377712,1.5399972832154818,-0.051771744132535664,0.08312020460358056,-0.22998872604284104,-0.591808861686747,-0.015806852612536015,0.6081462535344013,Chemicals,Basic Materials,13.82,390822690,15314,VHI
2019,2019-12-31,2020-03-12,78200000.0,1897500000.0,88700000.0,2.74,434600000.0,0.2290382082,2794400000.0,640000000.0,1425400000.0,322500000.0,1814300000.0,522100000.0,239400000.0,938440000.0,22.45614035087719,4.41984496124031,0.2944102490695677,1.28546875,0.04443006217661916,22.45614035087719,0.1221875,0.33704347826086956,8.178260869565218,0.9992812500000001,0.34654731457800514,2.8019536487262977,0.042374206460893765,0.6790366447180074,2.6514728682170543,0.02798454050959061,5.452173913043478,0.22903820816864295,-0.7034643908893438,0.45352578438661717,0.018733174057768767,0.3400281407035174,-0.2866053841103086,-0.7017543859649122,-0.7607229565686539,5.918219320754718,0.21106229895328063,2.1856517670482827,Chemicals,Basic Materials,13.82,390822690,15314,VHI
2018,2018-12-31,2019-03-11,262200000.0,1820100000.0,370700000.0,9.240037,609200000.0,0.33470688423712985,2709600000.0,635400000.0,1408800000.0,351000000.0,1720600000.0,515800000.0,220300000.0,960657359.76,22.29482602140935,4.013675213675214,0.2953941541186891,1.259678942398489,0.2917408994316026,22.29482602140935,0.4126534466477809,0.3626489532223504,2.517381234782609,1.03880604305949,0.10335621662852784,2.3476153547886778,0.041057037845701305,0.6717227635075288,2.392877492877493,0.09676705048715678,6.340608643227665,0.33470688423712985,0.2622951357159923,3.6755102040816325,-0.02334191886670965,0.056710460668551545,0.011960132890365448,0.2636144578313253,-0.8343018058287145,2.962574850299401,0.18735729662730785,1.3647190174916264,Chemicals,Basic Materials,13.82,390822690,15314,VHI
2017,2017-12-31,2018-03-15,207500000.0,1879400000.0,2237200000.0,7.320029,602000000.0,0.3203149941470682,2907500000.0,424400000.0,1262200000.0,331100000.0,2140800000.0,398400000.0,-17900000.0,2717531559.4400005,14.89128763532598,3.812141347025068,0.3587618228718831,2.457822808671065,2.1514326514741957,14.89128763532598,0.48892554194156457,1.1227687344045973,10.169308720192772,4.972034777191329,0.1310843373493976,3.2063253012048194,0.012890191551477722,0.6463972484952708,2.4297795228027788,0.07136715391229578,11.35700516383208,0.3203149941470682,13.20000766664111,0.29849812265331666,-0.09960235711205868,-0.42148309705561615,1.060938034919548,14.050314465408805,32.794561933534744,2.856877323420074,0.00901964995168048,-0.11139028475711897,Chemicals,Basic Materials,13.82,390822690,15314,VHI
2016,2016-12-31,2017-03-13,-15900000.0,1566800000.0,66200000.0,-0.600002,292100000.0,0.1864309420474853,2443200000.0,200900000.0,837400000.0,294100000.0,1998800000.0,360600000.0,-198500000.0,1988515266.72,7.049151003621558,2.847330839850391,0.39497380484610345,4.803384768541563,-0.05678016982588558,7.049151003621558,-0.07914385266301642,0.7552433410262956,-74.42234381886793,5.890071014036835,-1.7044025157232705,3.5349417637271214,0.022901758104683097,0.6412901113294041,1.4838490309418566,-0.006507858546168959,60.99563230515464,0.1864309420474853,0.8717949649349714,-1.0731034482758621,-0.25807368121981256,-0.6943091905051735,0.3104531179901301,0.8809880239520959,5.472972972972973,0.8377551020408164,-0.15926164412964167,-0.6658905704307334,Chemicals,Basic Materials,13.82,390822690,15314,VHI
2015,2015-12-31,2016-03-11,-133600000.0,1532900000.0,-14800000.0,-4.680019,222900000.0,0.1454106595342162,2537400000.0,268700000.0,896200000.0,286600000.0,2010500000.0,405200000.0,-155600000.0,1216478166.8799999,9.428107887870148,3.127006280530356,0.3785370852053283,3.5746185336806846,-0.027914690145925215,9.428107887870148,-0.4972087830294008,0.2989615544914867,-3.4302257999999997,1.7055383955340526,-0.2028443113772455,3.2329713721618956,0.05913439033000263,0.6041223299440373,1.5732728541521284,-0.05265232127374478,-13.720903199999999,0.1454106595342162,-3.4374997395844185,-2.91671273877052,0.1454269710225779,-0.3715719648624157,-0.44662363455809334,-3.483271375464684,-1.0877296976882038,-1.8360450563204003,-0.2656062856321565,-0.6337241003271538,Chemicals,Basic Materials,13.82,390822690,15314,VHI
2014,2014-12-31,2015-03-13,53800000.0,1862600000.0,168700000.0,1.920008,402800000.0,0.21625684527005262,2967200000.0,477600000.0,1062000000.0,331200000.0,2153300000.0,443000000.0,4900000.0,2870511231.12,16.75796176868918,3.2065217391304346,0.31480857373955246,1.955820770519263,0.08482459091875044,16.75796176868918,0.11264656616415411,1.1769629717169547,40.74742065278811,4.590057016582914,0.6933085501858736,3.295259593679458,0.017014783735481293,0.6277298463197627,1.6980676328502415,0.01813157185225128,-384.5984616,0.21625684527005262,1.551724217201425,2.5772391118701643,0.39178829423096984,0.11699750495612309,2.0014903129657227,1.5489795918367346,-0.9035944911137779,-0.7526436781609195,-0.11800359882564644,-0.27328058429701757,Chemicals,Basic Materials,13.82,390822690,15314,VHI
2013,2013-12-31,2014-03-17,-98000000.0,1863600000.0,1749900000.0,-3.480014,134200000.0,0.07201116119338914,2967200000.0,601300000.0,949000000.0,394700000.0,1974400000.0,430600000.0,-39600000.0,6622035950.56,21.098330007355116,2.4043577400557385,0.25360609328660016,1.2514551804423748,0.7527714045573011,21.098330007355116,-0.1629802095459837,3.2261944358016743,-61.350366842448985,9.998895643705305,-0.6928571428571428,4.016256386437529,0.011293447431804883,0.628066864383931,1.1398530529516089,-0.03302777028848746,146.642340257561,0.07201116119338914,-1.6170212426438686,-121.92982198244583,0.1851323879179849,0.28713697078158174,-0.7666898470097357,-1.6132665832290363,3.6977181208053693,-1.8730377874214892,0.3925355229941135,0.40630360077495126,Chemicals,Basic Materials,13.82,390822690,15314,VHI
2012,2012-12-31,2013-03-15,159800000.0,2087300000.0,372500000.0,5.640023,575200000.0,0.2755713122215302,3170500000.0,733600000.0,1363400000.0,398500000.0,2078800000.0,650300000.0,75400000.0,4818182900.0,25.74045383900834,3.4213299874529484,0.28705251537612364,1.2405943293347874,0.14782367244921682,25.74045383900834,0.2178298800436205,2.0480922244047335,26.752083229036295,5.827403080697928,0.4067584480600751,2.325234507150546,0.015204739181529826,0.6583504179151554,1.6820577164366375,0.05040214477211796,-137.9026741935484,0.2755713122215302,-0.2617800896357619,4.518188761226772,0.34355878217279656,0.19357139987285363,-0.26763432645785584,-0.2652873563218391,-0.29954870251974425,5.684810596224021,0.5596905973093007,0.7157231357533749,Chemicals,Basic Materials,13.82,390822690,15314,VHI
2011,2011-12-31,2012-03-07,217500000.0,2111800000.0,531800000.0,7.640031,785400000.0,0.37191021877071695,2838000000.0,657200000.0,944200000.0,415600000.0,1845000000.0,464500000.0,-19400000.0,7533552425.68,23.059741361772463,2.271896053897979,0.2594785059901339,1.1205112598904443,0.23956687415965824,23.059741361772463,0.3309494826536823,3.264301745278909,31.694493911172415,10.489276362872793,0.24689655172413794,2.8555435952637245,0.007789887808781389,0.7441155743481325,1.0464388835418672,0.07663847780126849,50.207956487108525,0.37191021877071695,7.366665972225116,0.5635412480244801,0.2831600440829554,-0.22775708180619184,2.8107714701601165,7.359649122807017,25.73488372093023,273.82894164471395,0.34297197725112705,0.4067959707261858,Chemicals,Basic Materials,13.82,390822690,15314,VHI
2010,2010-12-31,2011-03-09,-34200000.0,1341800000.0,-21500000.0,-1.200005,206100000.0,0.1535996422715755,2410300000.0,428700000.0,648200000.0,299200000.0,1911900000.0,312000000.0,-197700000.0,3449362829.4,15.002685050176055,2.1664438502673797,0.41111065012654024,2.311406578026592,-0.00649076198526748,15.002685050176055,-0.07977606717984605,1.8834124529736176,-73.89364998245614,5.8949447851644505,-1.327485380116959,3.6400641025641027,0.017964809972604294,0.5566941874455462,0.9949866310160428,-0.014189105090652616,277.71020103296706,0.1535996422715755,0.0,-1.4340457995806264,-0.09301734139515318,-0.4429830608032412,0.0,0.0,0.0,0.24902219866424308,-0.1385735193309262,-0.3043333303605795,Chemicals,Basic Materials,13.82,390822690,15314,VHI
2009,2009-12-31,2009-12-31,-34200000.0,1341800000.0,-21500000.0,-1.200005,206100000.0,0.1535996422715755,2410300000.0,428700000.0,648200000.0,299200000.0,1911900000.0,312000000.0,-197700000.0,2518964573.8,15.002685050176055,2.1664438502673797,0.41111065012654024,2.311406578026592,-0.00649076198526748,15.002685050176055,-0.07977606717984605,1.190016823520644,-46.689022625731,3.724666605551668,-1.4707602339181287,3.6400641025641027,0.03150119987963876,0.5566941874455462,0.9949866310160428,-0.014189105090652616,175.4686344835165,0.1535996422715755,-41.900006249281255,-1.115126048723595,0.03419488694473527,-0.54439073898277,-0.39185600472115667,-41.75,-1.2141434262948207,-1.2452081039864917,-0.18684289435180665,-0.4975781773902753,Chemicals,Basic Materials,13.82,390822690,15314,VHI
2008,2008-12-31,2008-12-31,-800000.0,1578000000.0,100400000.0,-0.027972140447417883,338900000.0,0.214765525982256,2389400000.0,468800000.0,696400000.0,294200000.0,1847300000.0,408500000.0,-109800000.0,2107475078.0,16.39167430218688,2.3670972127804215,0.3852013057671382,1.963310580204778,0.01639499418796856,16.39167430218688,-0.0017064846416382253,0.7757129771863118,-1530.0938474999998,2.611081651023891,-56.875,3.0332925336597305,0.037170922615581595,0.6604168410479618,0.8531611148878314,-0.00033481208671633044,-11.18898608775137,0.214765525982256,0.9825174777798222,-1.021198272149412,0.3106745487767183,-0.25651475470761875,-0.05016816143497758,0.9824945295404814,-0.15202702702702703,-1.0101442429799075,0.06570842525509986,-0.39141292258167093,Chemicals,Basic Materials,13.82,390822690,15314,VHI
TTM,,,,,,,,,,,,,,,,674322690.0,33.20701754385965,3.71360201511335,0.21397299584268423,0.6145393068469992,0.05907947645500937,33.20701754385965,0.07502650392801805,0.18733711532930686,5.708260869565217,0.4161770921386306,0.1318840579710145,2.6598322460391426,0.023154848046309694,0.7675214304109488,1.8335012594458437,0.02538537949302822,-2.8485618804664723,0.17917745182628703,,,,,,,,,,,Chemicals,Basic Materials,13.82,390822690,15314,VHI
