Quarters,Year,Quarter,FillingDate,Date,NetIncome,Revenue,OperatingIncome,EPSDiluted,GrossProfit,GrossProfitRatio,TotalAssets,CommonStockEquity,CurrentAssets,CurrentLiability,TotalLiability,Inventory,RetainedEarnings,MarketCap,EnterpriseValue,bookValuePerShare,currentRatio,debtToAssets,debtToEquity,roic,shareholdersEquityPerShare,roe,priceToSalesRatio,peRatio,pbRatio,payoutRatio,inventoryTurnover,dividendYield,assetTurnover,quickRatio,returnOnAssets,priceToFreeCashFlowsRatio,grossProfitMargin,epsdilutedGrowth,fiveYNetIncomeGrowthPerShare,fiveYRevenueGrowthPerShare,fiveYShareholdersEquityGrowthPerShare,grossProfitGrowth,netIncomeGrowth,operatingIncomeGrowth,threeYNetIncomeGrowthPerShare,threeYRevenueGrowthPerShare,threeYShareholdersEquityGrowthPerShare,Industry,Sector,Symbol
2023Q1,2023,Q1,2023-05-02,2023-03-31,-87000000.0,1612000000.0,253000000.0,-0.0957,1099000000.0,0.6817617866,17546000000.0,3315000000.0,1625000000.0,1999000000.0,14231000000.0,399000000.0,-4032463000.0,6572070000.0,16227070000.0,3.6468646864686467,0.8129064532266133,0.5608685740339678,2.9686274509803923,0.012843498974539007,3.6468646864686467,-0.026244343891402715,4.076966501240695,-18.885258620689655,1.9825248868778282,-0.367816091954023,1.2857142857142858,0.004869089951872088,0.09187279151943463,0.3921960980490245,-0.004958395075800752,73.84348314606741,0.6817617866004962,-1.5981249999999998,0.5570800796613894,0.15728228036481307,-0.43750343455705726,-0.01699463327370304,-1.576158940397351,-0.2118380062305296,0.7580617275895086,-0.01722607446092026,-0.043705629084146054,Security & Protection Services,Industrials,ADT
2022Q4,2022,Q4,2023-02-28,2022-12-31,151000000.0,1646000000.0,321000000.0,0.16,1118000000.0,0.6792223572,17873000000.0,3433000000.0,1722000000.0,2661000000.0,14440000000.0,410000000.0,-3909624000.0,7718570000.0,17290570000.0,4.034077555816686,0.6471251409244645,0.5499356571364629,2.863093504223711,0.023996413149323746,4.034077555816686,0.043984852898339644,4.689289185905225,12.779089403973511,2.248345470434023,0.2119205298013245,1.2878048780487805,0.004145845668303843,0.09209422033234488,0.32093198045847426,0.008448497734012198,21.204862637362638,0.6792223572296476,2.230769230769231,-0.7917662031957298,0.3103322116276994,-0.1199471860420904,0.007207207207207207,2.2479338842975207,3.791044776119403,2.8312427979068273,0.10692886914484477,-0.05873985584842789,Security & Protection Services,Industrials,ADT
2022Q3,2022,Q3,2022-11-03,2022-09-30,-121000000.0,1604000000.0,67000000.0,-0.13,1110000000.0,0.6920199501,17568000000.0,3207000000.0,1364000000.0,2686000000.0,14361000000.0,424000000.0,-4028519000.0,6366500000.0,16123500000.0,3.7729411764705882,0.5078183172002978,0.5580031876138434,3.0567508574992206,0.005223980944144412,3.7729411764705882,-0.03772996570003118,3.969139650872818,-13.15392561983471,1.9851886498285003,-0.2644628099173554,1.1650943396226414,0.005026309589256262,0.0913023679417122,0.21816827997021593,-0.00688752276867031,24.869140625,0.6920199501246883,-2.3,-0.5941142710832521,0.21039468116691296,-0.0628941963447956,0.015351938361734221,-2.322158724608543,-0.6818266002459907,0.42013924882841974,0.07348642880112741,-0.24783624975368568,Security & Protection Services,Industrials,ADT
2022Q2,2022,Q2,2022-08-04,2022-06-30,91517000.0,1601030000.0,210577000.0,0.1,1093217000.0,0.6828210589,17315138000.0,3379399000.0,1183693000.0,2364850000.0,13935739000.0,396618000.0,-3874045000.0,5216688300.0,15055665300.0,3.9840033858262145,0.5005361862274563,0.5707483243852864,2.9243619945440003,0.0112264418505321,3.9840033858262145,0.02708085076665999,3.2583326358656617,14.250599069025427,1.5436733868951256,0.34629631653135484,1.280357926266584,0.006075118576664816,0.0924641778771847,0.24175825105186374,0.0052853751439924995,19.405156790536772,0.6828210589433052,0.893939393939394,1.8088411565581382,0.22787088514800993,0.0,0.05726982591876209,0.7944509803921569,1.77075,1.7771874792045137,0.10208822939146697,-0.2322833969224373,Security & Protection Services,Industrials,ADT
2022Q1,2022,Q1,2022-05-06,2022-03-31,51000000.0,1544000000.0,76000000.0,0.0528,1034000000.0,0.6696891192,17015000000.0,3280000000.0,1067000000.0,1579000000.0,13735000000.0,381000000.0,-3933140000.0,6405960000.0,16249960000.0,3.8862559241706163,0.675744141861938,0.5795474581251837,3.00640243902439,0.004142166068737264,3.8862559241706163,0.015548780487804878,4.1489378238341965,31.401764705882353,1.9530365853658536,0.6274509803921569,1.3385826771653544,0.004995348082098546,0.09074346165148399,0.2982900569981001,0.0029973552747575667,72.795,0.6696891191709845,1.3299999999999998,1.2979535654360652,0.19969316113029978,0.0,0.07039337474120083,1.3805970149253732,1.5846153846153845,1.6874934849274552,0.11295932839027498,-0.29147375823230903,Security & Protection Services,Industrials,ADT
2021Q4,2021,Q4,2022-03-01,2021-12-31,-134000000.0,1381000000.0,-130000000.0,-0.16,966000000.0,0.6994931209,16894000000.0,3249000000.0,993000000.0,1703000000.0,13646000000.0,277000000.0,-3716069000.0,6618670000.0,16287670000.0,4.1283354510800505,0.5830886670581327,0.5737539955013614,2.9833795013850417,-0.014020888064698912,4.1283354510800505,-0.041243459526008004,4.792664735698769,-12.348264925373135,2.0371406586642045,-0.2177910447761194,1.4981949458483754,0.00440934507990276,0.08174499822422161,0.2737275396359366,-0.00793181011009826,23.902226748427264,0.6994931209268646,-0.23076923076923075,-0.3923455516436638,0.15960001306680383,-0.24633587411467572,0.02220383337019334,-0.2279045899806651,-6.6286802909594735,0.1376673763963907,0.12055088961708152,-0.2602854009906734,Security & Protection Services,Industrials,ADT
2021Q3,2021,Q3,2021-11-09,2021-09-30,-109129000.0,1317002000.0,23096000.0,-0.13,945017000.0,0.7175516817742115,16021922000.0,2740316000.0,871663000.0,1408836000.0,13281606000.0,269381000.0,-3862964000.0,6203525260.0,15884576260.0,3.573638457305161,0.61871147528882,0.6080580095197068,3.555158602146614,0.0013639310783908193,3.573638457305161,-0.039823509405484625,4.710338526441114,-14.211449889580223,2.2637992333730854,-0.26679434430811244,1.3808880359045368,0.004693299177442214,0.08220000072400802,0.3011471881752028,-0.006811230263135721,42.06464278933522,0.7175516817742115,0.13333333333333328,-0.5936874306356358,0.10163561913372829,-0.11239609051132422,0.024040128647467796,0.13286452125546286,13.291644491750931,0.5436643944772607,0.12964307579308423,-0.3915485609047104,Security & Protection Services,Industrials,ADT
2021Q2,2021,Q2,2021-08-04,2021-06-30,-125850000.0,1304417000.0,-1879000.0,-0.15,922832000.0,0.7074670139993575,16075886000.0,2854622000.0,948647000.0,1421272000.0,13221264000.0,242505000.0,-3724139000.0,8264298379.999999,17810074380.0,3.7270400902441763,0.6674633708396422,0.6031527593564672,3.3966721338236727,-0.00011115466068361525,3.7270400902441763,-0.04408639742845112,6.335626091962922,-16.416961422328168,2.895058743329239,-0.2309813269765594,1.5735139481660172,0.0035174189826384272,0.08114121983696575,0.35684583950151694,-0.00782849542476228,43.741489824542825,0.7074670139993575,-1.5,-0.23182755429051424,0.10791109163682387,0.0,-0.0007644514898141712,-1.6276777884494926,0.8852869352869353,-0.8474451388607496,0.1288970757878957,-0.4003915045419531,Security & Protection Services,Industrials,ADT
2021Q1,2021,Q1,2021-05-05,2021-03-31,-47894000.0,1304704000.0,-16380000.0,-0.06,923538000.0,0.7078525090748553,16011648000.0,2977910000.0,867821000.0,1314956000.0,13033738000.0,224639000.0,-3568615000.0,6437221760.0,15871761760.0,3.9044111477060564,0.6599620063332917,0.596883843561887,3.209329361867887,-0.0009995697380988885,3.9044111477060564,-0.016083091832862644,4.933856077700383,-33.60139975779847,2.1616575920696057,-0.6050862320958784,1.6967935220509351,0.004501942154622928,0.0814846791535762,0.34545034206467745,-0.0029911974082867674,37.10556454773927,0.7078525090748553,0.5714285714285715,0.6903679250900587,0.12181515717056283,0.0,-0.017955730606619993,0.5726077761219336,-1.9815436241610738,0.7094004552856172,0.11633391489779712,-0.3977791748592544,Security & Protection Services,Industrials,ADT
2020Q4,2020,Q4,2021-02-25,2020-12-31,-112061000.0,1314724000.0,16688000.0,-0.14,940424000.0,0.715301462512284,16116936000.0,3039336000.0,967394000.0,1296092000.0,13077600000.0,216151000.0,-3491069000.0,5973850000.0,15261396000.0,3.9938712220762156,0.7463930029658389,0.5889794437354594,3.123229547506429,0.0011910109355696918,3.9938712220762156,-0.03687022428583085,4.543805391854108,-13.327228027592115,1.9655115459429295,-0.25905533593310787,1.7316598118907616,0.004859512709559162,0.0815740659390842,0.41743255879983826,-0.0069529965248977844,32.68632053533812,0.715301462512284,0.06666666666666654,0.0,0.0,0.0,-0.000642913236467739,0.009169039240304868,-0.7346309194415291,-1.1728119089176363,0.17039128889420405,-0.1287183850727616,Security & Protection Services,Industrials,ADT
2020Q3,2020,Q3,2020-11-05,2020-09-30,-113098000.0,1298924000.0,62886000.0,-0.15,941029000.0,0.7244680982105188,16366067000.0,3138476000.0,1179911000.0,1249448000.0,13227591000.0,200397000.0,-3349356000.0,6216659210.0,15471691210.0,4.124618714623091,0.9443458231154878,0.5954066422922502,3.10483973750317,0.003921032818149177,4.124618714623091,-0.03603596140292295,4.786006887238976,-13.74175319192205,1.9807891505303847,-0.23850996480928044,1.7859299290907549,0.00433914729580295,0.07936689981777541,0.6235657666425494,-0.006910517963784457,32.22586406025639,0.7244680982105188,-0.07142857142857129,-0.6644583270070481,0.09493995988639259,0.024453855639988434,-0.014670589713519852,-0.059555372349893665,0.24719368529610092,-0.6644583270070481,0.09493995988639259,0.024453855639988434,Security & Protection Services,Industrials,ADT
2020Q2,2020,Q2,2020-08-05,2020-06-30,-106741000.0,1331387000.0,50422000.0,-0.14,955040000.0,0.7173271182608814,15958240000.0,2794115000.0,651110000.0,1236862000.0,13164125000.0,170191000.0,-3206845000.0,6069564060.0,15772442060.0,3.6735814103921,0.5264208941660428,0.6108662985391873,3.4888868210506727,0.003188700250573419,3.6735814103921,-0.03820207829670576,4.558827793872105,-14.21563424551016,2.172267089937243,-0.2532485174394094,2.211321397723734,0.004453697124336802,0.08342943833405188,0.24608565870727697,-0.006688770190196413,22.929713905773642,0.7173271182608814,0.65,-0.052102125036709954,0.13873510214414558,0.0,-0.006993385085353402,0.6445438288604796,1.5642821970544787,-0.052102125036709954,0.13873510214414558,0.0,Security & Protection Services,Industrials,ADT
2020Q1,2020,Q1,2020-05-07,2020-03-31,-300293000.0,1369752000.0,-89356000.0,-0.4,961766000.0,0.7021460819184787,16262743000.0,2894826000.0,718956000.0,1248057000.0,13367917000.0,164735000.0,-3072852000.0,3279277440.0,13118999440.0,3.8135377529996366,0.5760602280184318,0.6123114040478903,3.4398830879645272,-0.005519350259618428,3.8135377529996366,-0.1037343867990684,2.3940665463529163,-2.7300648366761795,1.1328064070172092,-0.08755115836865994,2.476620026102528,0.008017314936304993,0.08422638173646352,0.3113583754588132,-0.018465089191903237,21.741834672607208,0.7021460819184787,-3.0000000000000004,-0.9506154127980232,0.1833490393451804,0.0,0.035713901111563404,-3.171141638770436,-2.3939006317759923,-0.9506154127980232,0.1833490393451804,0.0,Security & Protection Services,Industrials,ADT
2019Q4,2019,Q4,2020-03-10,2019-12-31,-71993000.0,1298283000.0,64105000.0,-0.1,928602000.0,0.7152539161338476,16083652000.0,3184369000.0,625483000.0,1119728000.0,12899283000.0,138402000.0,-2742193000.0,5891990000.0,15535529000.0,4.285826379542396,0.5586026249231957,0.6026165574833378,3.0437034778318717,0.004051701678978101,4.285826379542396,-0.022608246720150837,4.538294039127062,-20.46028780575889,1.8502849387115625,-7.374494742544414,2.671066892096935,0.09010741701869827,0.08072065971086666,0.30005412028635525,-0.004476160016394287,22.36533139996128,0.7152539161338476,0.6,0.0,0.0,0.0,-0.0163260290631283,0.6036282552441777,2.2512198930397784,0.20764751705778745,0.15470174461772582,-0.2175845131022394,Security & Protection Services,Industrials,ADT
2019Q3,2019,Q3,2019-11-12,2019-09-30,-181630000.0,1300570000.0,-51234000.0,-0.25,944014000.0,0.7258463596730664,16947089000.0,3711184000.0,1319167000.0,1474017000.0,13235905000.0,145889000.0,-2112318000.0,4638872040.0,14334093040.0,5.016116736860885,0.8949469375183597,0.5812794751948255,2.6544075960663767,-0.003147500862207965,5.016116736860885,-0.04894125432745992,3.56679920342619,-6.385057589605241,1.249970909553393,-0.01898364807575841,2.444022510264653,0.0007432841368049463,0.07674297338026607,0.29893142345034013,-0.01071747484184452,15.07179375213217,0.7258463596730664,-0.7857142857142856,-1.7491329045161657,0.12753608121407278,0.24588004054745566,-0.001735305158858146,-0.7454856472894663,-1.550092873938392,-1.7491329045161657,0.12753608121407278,0.24588004054745566,Security & Protection Services,Industrials,ADT
2019Q2,2019,Q2,2019-08-06,2019-06-30,-104057000.0,1283744000.0,93137000.0,-0.14,945655000.0,0.7366383017174764,16977169000.0,3889859000.0,582475000.0,1390978000.0,13087310000.0,136248000.0,-1904242000.0,4632373500.0,14400264500.0,5.189419337624654,0.4187521297964454,0.5778904009260908,2.5221847372873927,0.005574023845678055,5.189419337624654,-0.02675084109732512,3.6084869724804944,-11.129413446476448,1.1908846824525003,-0.03772932142960109,2.4814235805296225,0.0008475136989709487,0.0756159051017281,0.22904531919268314,-0.00612923155798237,16.90209288833915,0.7366383017174764,-0.5555555555555558,-0.04072849627740199,0.11413120329394641,0.0,0.03113394148088217,-0.5654731457800511,0.029866424875049757,-0.04072849627740199,0.11413120329394641,0.0,Security & Protection Services,Industrials,ADT
2019Q1,2019,Q1,2019-05-07,2019-03-31,-66470000.0,1243060000.0,90436000.0,-0.09,917102000.0,0.7377777420237157,17033697000.0,4148031000.0,606545000.0,1382169000.0,12885666000.0,131671000.0,-1773662000.0,4930763040.0,14549159040.0,5.4849851636756,0.4388356271917544,0.5702858281440606,2.3418523149899313,0.004881724046454556,5.4849851636756,-0.016024470405356178,3.966633179412096,-18.54506935459606,1.1886996601520095,-0.39839025124116145,2.475548905985373,0.005370568365418753,0.07297652412156914,0.2467426197519985,-0.0039022650220912115,15.094157169227378,0.7377777420237157,0.55,0.5666088887118612,0.07793081968724948,0.0,0.016721377265889077,0.5552924017689287,7.462243847665388,0.5666088887118612,0.07793081968724948,0.0,Security & Protection Services,Industrials,ADT
2018Q4,2018,Q4,2019-03-11,2018-12-31,-149469000.0,1185450000.0,10687000.0,-0.2,902019000.0,0.7609085157535114,17208608000.0,4224805000.0,854017000.0,1012490000.0,12983803000.0,115315000.0,-1680432000.0,4549570000.0,14188689000.0,5.580984147952444,0.8434819109324536,0.5812379478921247,2.3675166072753653,0.0007333951387963714,5.580984147952444,-0.03537891097932331,3.837842169640221,-7.6095544895597085,1.0768710035137716,-0.17716048143762253,2.4578849239040887,0.005820330272970852,0.0688870360693904,0.6013797667137453,-0.008685711244047165,22.635014452952035,0.7609085157535114,0.3548387096774193,0.0,0.0,0.0,0.01919595945900139,0.36543066263628027,-0.9122916444393379,0.0,0.0,0.0,Security & Protection Services,Industrials,ADT
2018Q3,2018,Q3,2018-11-08,2018-09-30,-235544000.0,1148316000.0,121847000.0,-0.31,885030000.0,0.7707199063672369,16967584000.0,4435994000.0,626723000.0,1009800000.0,12531590000.0,107813000.0,-1504054000.0,6948548399.999999,16259462400.0,5.873333889420703,0.6206407209348386,0.5638888247142315,2.156862926324968,0.008425511776687126,5.873333889420703,-0.053098358564055766,6.051076881276582,-7.375000424549128,1.5664016678110924,-0.1133291444485956,2.4420617179746413,0.0038416656923624514,0.0676770481878858,0.407551990493167,-0.01388199993587773,26.054679010540283,0.7707199063672369,-2.4444444444444446,-2.492358280502883,-0.024793191105688714,0.45879170046579204,-0.00023044754268362942,-2.531129600479724,0.6483407962554619,-2.492358280502883,-0.024793191105688714,0.45879170046579204,Security & Protection Services,Industrials,ADT
2018Q2,2018,Q2,2018-08-09,2018-06-30,-66705000.0,1131459000.0,73921000.0,-0.09,885234000.0,0.78238274652462,17815632000.0,4661842000.0,1450872000.0,1671279000.0,13153790000.0,108328000.0,-1241639000.0,6487500000.0,15713988000.0,6.215789333333333,0.8681207626015764,0.5372122639264215,2.0530030833305806,0.0048606920770232365,6.215789333333333,-0.014308721745610426,5.733747312098804,-24.31414436698898,1.391617304919386,-0.39374859455812905,2.272958053319548,0.004048554913294798,0.0635093383159239,0.29508538071740265,-0.0037441837595208523,22.88690780677276,0.78238274652462,0.5909090909090909,0.3332264496632705,-0.018589811773960883,0.0,0.019791395466180674,0.5763067131614551,0.03552567065910205,0.3332264496632705,-0.018589811773960883,0.0,Security & Protection Services,Industrials,ADT
2018Q1,2018,Q1,2018-05-09,2018-03-31,-157437000.0,1116448000.0,71385000.0,-0.22,868054000.0,0.7775140445412594,17858924000.0,4723636000.0,621632000.0,979210000.0,13135288000.0,105855000.0,-1148059000.0,5777631470.0,15095907470.0,6.483354584746472,0.6348301181564731,0.5362288903855574,2.027351599488191,0.004762964865572885,6.483354584746472,-0.03332962150343507,5.175011706770042,-9.174513408538017,1.2231322375390483,0.0,2.3465495252940345,0.0,0.06251485251855039,0.4182402140501016,-0.008815592697521978,17.330936014230392,0.7775140445412594,-1.2582583992674854,-0.06549401243647776,0.00491003829554666,0.0,0.00018781160306997077,-1.2466937642199478,-0.24879244846201606,-0.06549401243647776,0.00491003829554666,0.0,Security & Protection Services,Industrials,ADT
2017Q4,2017,Q4,2018-03-15,2017-12-31,638188000.0,1105532000.0,95027000.0,0.85186,867891000.0,0.785043761736431,17014820000.0,3433112000.0,455886000.0,896252000.0,13581708000.0,106924000.0,-998212000.0,9279482793.42,19297126793.42,4.583903933758258,0.5086582791447049,0.5959829724910402,2.953746629879829,-0.05108016491707757,4.583903933758258,0.1858919837162318,8.393680864434499,3.635089814216187,2.702936226205262,0.0,2.222522539373761,0.0,0.06497465150968391,0.3031747767368999,0.03750777263585509,56.54256340626999,0.785043761736431,10.53941253541473,0.0,0.0,0.0,0.010559813325694964,11.288376591971627,0.030091814722875632,0.0,0.0,0.0,Security & Protection Services,Industrials,ADT
2017Q3,2017,Q3,2017-09-30,2017-09-30,-62030000.0,1082962000.0,92251000.0,-0.089299,858822000.0,0.79303059571804,17086997000.0,2796702000.0,492743000.0,958463000.0,14290295000.0,110107000.0,-1636400000.0,8606490480.0,18610298480.0,4.026163493763605,0.5140970491297003,0.5954507395301819,3.6380225708709757,0.0063789821617775,4.026163493763605,-0.02217969594186295,7.947176798447222,-34.68680670643238,3.0773713037713706,0.0,2.0356562253081094,0.0,0.06337930532790519,0.3181134796022382,-0.0036302458530308164,25.35691067545829,0.79303059571804,0.3305370008021651,0.0,0.0,0.0,0.007380385440981549,0.3305344500086341,0.029276892007988664,0.0,0.0,0.0,Security & Protection Services,Industrials,ADT
2017Q2,2017,Q2,2017-06-30,2017-06-30,-92656000.0,1067780000.0,89627000.0,-0.133389,852530000.0,0.798413530877147,,,,,,,,8606490480.0,,,0.0,0.0,0.0,0.0,,0.0,8.06017202045365,-23.22162212916595,0.0,-2.1585110516318426,0.0,0.023238159673186556,0.0,0.0,0.0,57.7442415377906,0.798413530877147,0.3422795295973965,0.0,0.0,0.0,0.014285153410436121,0.34228216503992903,15.195699313335743,0.0,0.0,0.0,Security & Protection Services,Industrials,ADT
2017Q1,2017,Q1,2017-03-31,2017-03-31,-140875000.0,1059228000.0,5534000.0,-0.202805,840523000.0,0.7935241515518849,,,,,,,,8606490480.0,,,0.0,0.0,0.0,0.0,,0.0,8.125248275158889,-15.273275031055901,0.0,-3.904170363797693,0.0,0.06390525862755617,0.0,0.0,0.0,38.08029981106947,0.7935241515518849,-0.6583939815193395,0.0,0.0,0.0,0.021193591380657264,-0.6584260403790688,-0.9262271042738689,0.0,0.0,0.0,Security & Protection Services,Industrials,ADT
2016Q4,2016,Q4,2016-12-31,2016-12-31,-84945000.0,1051152000.0,75014000.0,-0.12229,823079000.0,0.7830256708829931,17176481000.0,3804976000.0,388356000.0,852539000.0,13371505000.0,108889000.0,-590840000.0,8606490480.0,18007512480.0,5.477686026557947,0.45552872068022693,0.5517377511726645,2.490663016008511,0.003938271659496669,5.477686026557947,-0.02232471374326671,8.187674551349376,-25.329597033374537,2.2619040120095373,0.0,2.0945458218920185,0.0,0.06119716838390821,0.24762386236875966,-0.004945425084451233,141.99552028509677,0.7830256708829931,0.0,0.0,0.0,0.0,0.0,0.0,0.0,0.0,0.0,0.0,Security & Protection Services,Industrials,ADT
2015Q4,2015,Q4,2015-12-31,2015-12-31,,,,,,,2319515000.0,702897000.0,141693000.0,107084000.0,1616618000.0,24034000.0,-54253000.0,0.0,1331199000.0,0.0,1.3231948750513616,0.007248498069639558,0.02391957854422483,,0.0,,0.0,0.0,0.0,0.0,,,,0.8148743042844869,,0.0,0.0,0.0,0.0,0.0,0.0,0.0,0.0,0.0,0.0,0.0,0.0,Security & Protection Services,Industrials,ADT
