Quarters,Year,Quarter,FillingDate,Date,NetIncome,Revenue,OperatingIncome,EPSDiluted,GrossProfit,GrossProfitRatio,TotalAssets,CommonStockEquity,CurrentAssets,CurrentLiability,TotalLiability,Inventory,RetainedEarnings,MarketCap,EnterpriseValue,bookValuePerShare,currentRatio,debtToAssets,debtToEquity,roic,shareholdersEquityPerShare,roe,priceToSalesRatio,peRatio,pbRatio,payoutRatio,inventoryTurnover,dividendYield,assetTurnover,quickRatio,returnOnAssets,priceToFreeCashFlowsRatio,grossProfitMargin,epsdilutedGrowth,fiveYNetIncomeGrowthPerShare,fiveYRevenueGrowthPerShare,fiveYShareholdersEquityGrowthPerShare,grossProfitGrowth,netIncomeGrowth,operatingIncomeGrowth,threeYNetIncomeGrowthPerShare,threeYRevenueGrowthPerShare,threeYShareholdersEquityGrowthPerShare,Industry,Sector,Symbol
2023Q1,2023,Q1,2023-05-15,2023-03-31,4623736.0,0.0,-495190.0,0.8,-495190.0,0.0,243651103.0,233367463.0,978009.0,156640.0,10283640.0,0.0,-9306206.0,1632999.9999999998,863491.9999999998,10.146411434782609,6.243673391215526,0.0,0.0,-0.0047528866612878504,10.146411434782609,0.019813113364479606,0.0,0.08829440089140037,0.006997547897240499,0.0,0.0,0.0,0.0,1554.1534856996936,0.01897687284428177,-5.257210555628885,0.0,1.4242424242424243,-0.7037509420596119,0.0,-0.045247746950919814,0.0,-0.3768308828117745,-0.2769770722285402,-0.7037509420596119,0.0,-0.045247746950919814,Shell Companies,Financial Services,CITEW
2022Q4,2022,Q4,2023-03-31,2022-12-31,7419713.0,0.0,-387783.0,0.33,0.0,0.0,241533221.0,231303190.0,1419590.0,103031.0,10230031.0,0.0,-8811016.0,1509190.6776,427711.67760000005,10.253299096445465,13.778280323397812,0.0,0.0,-0.0035379338408396805,10.253299096445465,0.03207786714917334,0.0,0.05085070937379923,0.006524729198935822,0.0,0.0,0.0,0.0,10.496636934514855,0.03071922350590439,-4.918141306515633,0.0,19.0,0.0,0.0,894.5648909807118,0.0,18.582297657159295,0.11415113088888026,0.0,0.0,894.5648909807118,Shell Companies,Financial Services,CITEW
2022Q3,2022,Q3,2022-11-09,2022-09-30,378899.0,0.0,-437753.0,0.0165,0.0,0.0,240470489.0,227787225.0,1904160.0,205264.0,12683264.0,0.0,-10774233.0,3450000.0,2060309.0,9.903792391304348,9.276638865071323,0.0,0.0,0.024744417632571517,9.903792391304348,0.0016633900342743102,0.0,2.276332215181354,0.015145713285720917,0.0,0.0,0.0,0.0,1168.9851800607998,0.0015756569613828997,-14.811952601751674,0.0,-0.9282608695652175,1705.5320777919408,0.0,10651.659215664908,0.0,-0.9291629540528282,-0.08479024228261597,1705.5320777919408,0.0,10651.659215664908,Shell Companies,Financial Services,CITEW
2022Q2,2022,Q2,2022-08-10,2022-06-30,5348882.0,0.0,-403537.0,0.23,0.0,0.0,239505777.0,227816652.0,2161775.0,192125.0,11689125.0,0.0,-9355480.0,2760000.0,1137389.0,9.905071826086957,11.251919323357189,0.0,0.0,-0.003947066106332451,9.905071826086957,0.023478889506285957,0.0,0.1289989197742631,0.012115005535240682,0.0,0.0,0.0,0.0,8.44560052049447,0.022332997838294313,-9.594093375556614,0.0,-0.661764705882353,4320.490208935583,0.0,0.0,0.0,-0.6283865834662216,0.5822135578164455,4320.490208935583,0.0,0.0,Shell Companies,Financial Services,CITEW
2022Q1,2022,Q1,2022-05-16,2022-03-31,14393673.0,0.0,-965893.0,0.68,0.0,0.0,239835116.0,225416236.0,2470444.0,262440.0,14418880.0,0.0,-11511383.0,4878555.53,2968267.5300000003,10.627271527644167,9.413366864807195,0.0,0.0,-0.009274057393754191,10.627271527644167,0.06385375452724709,0.0,0.08473437478397627,0.021642431869903108,0.0,0.0,0.0,0.0,7.278951379362902,0.060014868715055056,-2.6111474038419855,0.0,0.0,0.0,0.0,0.0,0.0,0.0,0.0,0.0,0.0,0.0,Shell Companies,Financial Services,CITEW
2021Q4,2021,Q4,2022-03-28,2021-12-31,0.0,0.0,0.0,0.0,0.0,0.0,172600.0,-243389.0,965.0,659378.0,659378.0,0.0,-268389.0,5302777.75,5301812.75,-0.011474599326739651,0.001463500450424491,0.0,0.0,,-0.011474599326739651,0.0,0.0,0.0,-21.787253121546165,0.0,0.0,,0.0,0.001463500450424491,0.0,0.0,0.0,0.0,0.0,0.0,0.0,0.0,1.0,1.0,0.0,0.0,0.0,Shell Companies,Financial Services,CITEW
2021Q3,2021,Q3,2021-09-30,2021-09-30,-205.0,0.0,-205.0,0.0,0.0,0.0,316140.0,19720.0,62.0,296420.0,296420.0,0.0,-5280.0,5302777.75,5475690.75,0.000929701419223161,0.00020916267458336143,0.5471468336812805,8.77155172413793,-0.0010638573912140948,0.000929701419223161,-0.01039553752535497,0.0,-6466.802134146341,268.9035370182556,,0.0,,0.0,0.00020916267458336143,-0.0006484468906180806,0.0,0.0,1.0,0.0,0.0,0.0,0.0,0.8204903677758318,0.8204903677758318,0.0,0.0,0.0,Shell Companies,Financial Services,CITEW
2021Q2,2021,Q2,2021-06-30,2021-06-30,-1142.0,0.0,-1142.0,-5e-05,0.0,0.0,,,,,,,,5302777.75,,,0.0,0.0,0.0,0.0,,0.0,0.0,-1160.8532727670754,0.0,,0.0,,0.0,0.0,0.0,0.0,0.0,0.0,0.0,0.0,0.0,0.0,0.0,0.0,0.0,0.0,0.0,Shell Companies,Financial Services,CITEW
