Quarters,Year,Quarter,FillingDate,Date,NetIncome,Revenue,OperatingIncome,EPSDiluted,GrossProfit,GrossProfitRatio,TotalAssets,CommonStockEquity,CurrentAssets,CurrentLiability,TotalLiability,Inventory,RetainedEarnings,MarketCap,EnterpriseValue,bookValuePerShare,currentRatio,debtToAssets,debtToEquity,roic,shareholdersEquityPerShare,roe,priceToSalesRatio,peRatio,pbRatio,payoutRatio,inventoryTurnover,dividendYield,assetTurnover,quickRatio,returnOnAssets,priceToFreeCashFlowsRatio,grossProfitMargin,epsdilutedGrowth,fiveYNetIncomeGrowthPerShare,fiveYRevenueGrowthPerShare,fiveYShareholdersEquityGrowthPerShare,grossProfitGrowth,netIncomeGrowth,operatingIncomeGrowth,threeYNetIncomeGrowthPerShare,threeYRevenueGrowthPerShare,threeYShareholdersEquityGrowthPerShare,Industry,Sector,Symbol
2024Q1,2024,Q1,2023-06-07,2023-04-29,36000000.0,1931000000.0,97000000.0,0.38,582000000.0,0.3013982393,7701000000.0,3283000000.0,2455000000.0,1518000000.0,4418000000.0,1758000000.0,2923000000.0,3923099288.29,6726099288.29,35.1388430090148,1.6172595520421607,0.404622776262823,0.9491318915625951,0.006758953871881823,35.1388430090148,0.01096558026195553,2.031641267887105,27.243745057569445,1.194973892260128,1.0555555555555556,0.767349260523322,0.009686219289281215,0.2507466562784054,0.20619235836627142,0.004674717569146864,-22.164402758700565,0.3013982392542724,0.8999999999999999,-0.7261645106518727,0.19681885375382116,0.620300994040654,-0.17446808510638298,0.8947368421052632,-0.21774193548387097,1.3650791678580583,0.8316909024170965,0.5826495713120696,Apparel Retail,Consumer Cyclical,FL
2023Q4,2023,Q4,2023-03-27,2023-01-28,19000000.0,2337000000.0,124000000.0,0.2,705000000.0,0.3016688062,7907000000.0,3293000000.0,2521000000.0,1610000000.0,4614000000.0,1643000000.0,2925000000.0,4178099999.9999995,6868100000.0,34.66315789473684,1.5658385093167702,0.4079929176678892,0.9796538111144852,0.006115714336956132,34.66315789473684,0.005769814758578804,1.7878048780487803,54.974999999999994,1.2687822654114789,1.9473684210526316,0.9933049300060864,0.008855699959311649,0.29556089540913116,0.4322981366459627,0.002402934109017326,30.276086956521734,0.30166880616174585,-0.801980198019802,1.4890980530612243,0.333843423438914,0.6489290768642527,0.01293103448275862,-0.8020833333333334,-0.21019108280254778,-0.844496552238806,0.15398821521837022,0.46035631910954083,Apparel Retail,Consumer Cyclical,FL
2023Q3,2023,Q3,2022-12-07,2022-10-29,96000000.0,2173000000.0,157000000.0,1.01,696000000.0,0.3202945237,7762000000.0,3259000000.0,2338000000.0,1522000000.0,4503000000.0,1685000000.0,3110000000.0,2933694000.0,5787694000.0,34.892933618843685,1.5361366622864652,0.4129090440608091,0.9834305001534213,0.011437721258665372,34.892933618843685,0.02945688861613992,1.3500662678324897,7.639828125,0.9001822644983123,0.3854166666666667,0.8765578635014837,0.012612085650377988,0.27995362020097914,0.23061760840998685,0.012367946405565575,366.71175,0.320294523699954,0.02020202020202022,0.3436067111726917,0.6588962405558291,0.7510312998471173,0.06422018348623854,0.02127659574468085,0.12949640287769784,-0.13608553250535338,0.2652085879983686,0.5105117609000812,Apparel Retail,Consumer Cyclical,FL
2023Q2,2023,Q2,2022-09-07,2022-07-30,94000000.0,2065000000.0,139000000.0,0.99,654000000.0,0.3167070218,7868000000.0,3217000000.0,2315000000.0,1585000000.0,4651000000.0,1644000000.0,3051000000.0,2669617000.0,5573617000.0,34.18703506907545,1.4605678233438486,0.4181494661921708,1.0226919490208268,0.009780628277738105,34.18703506907545,0.029219769972023624,1.2927927360774818,7.1000452127659575,0.8298467516319553,0.40425531914893614,0.8582725060827251,0.01423425157990828,0.2624555160142349,0.24353312302839117,0.011947127605490595,-18.80011971830986,0.3167070217917676,-0.2773722627737227,1.6077044933425018,0.7175778873276395,0.5727265990869744,-0.11621621621621622,-0.2932330827067669,-0.35944700460829493,0.8250761795961743,0.3560347972604644,0.4918866216020697,Apparel Retail,Consumer Cyclical,FL
2023Q1,2023,Q1,2022-06-08,2022-04-30,133000000.0,2175000000.0,217000000.0,1.37,740000000.0,0.3402298851,7878000000.0,3215000000.0,2233000000.0,1556000000.0,4663000000.0,1401000000.0,2995000000.0,2816691000.0,5601691000.0,33.454734651404785,1.4350899742930592,0.42345773038842344,1.0376360808709175,0.015985356243965868,33.454734651404785,0.04136858475894246,1.2950303448275862,5.294531954887217,0.8761091757387247,0.2857142857142857,1.0242683797287653,0.01349100771082096,0.2760853008377761,0.35411311053984573,0.01688245747651688,-24.281818965517243,0.34022988505747126,0.35643564356435653,0.02328383917215867,0.5053211102565263,0.5777600212320173,-0.042690815006468305,0.30392156862745096,0.4,-0.09569287116133862,0.22407063218154818,0.4449953364537484,Apparel Retail,Consumer Cyclical,FL
2022Q4,2022,Q4,2022-03-24,2022-01-29,102000000.0,2341000000.0,155000000.0,1.01,773000000.0,0.3302007689,8135000000.0,3239000000.0,2363000000.0,1735000000.0,4892000000.0,1266000000.0,2900000000.0,4310633966.28,6898633966.28,33.38459519544655,1.3619596541786743,0.4169637369391518,1.0472368014819389,0.011243050429454659,33.38459519544655,0.031491200987959246,1.8413643597949594,10.565279329117647,1.3308533393887003,0.28431372549019607,1.2385466034755135,0.006727548714841702,0.28776889981561155,0.5417867435158501,0.01253841425937308,44.902437148749996,0.33020076890217853,-0.3355263157894737,-0.26854969631033854,0.5015796489388148,0.6198996594313139,0.017105263157894738,-0.35443037974683544,-0.20918367346938777,-0.2532826269117538,0.19180789372382606,0.49500640144589103,Apparel Retail,Consumer Cyclical,FL
2022Q3,2022,Q3,2021-12-08,2021-10-30,158000000.0,2189000000.0,196000000.0,1.52,760000000.0,0.34719049794426676,8211000000.0,3342000000.0,2893000000.0,1757000000.0,4869000000.0,1301000000.0,0.0,4817903360.76,7036903360.76,33.066902357889795,1.6465566306203756,0.433321154548776,1.0646319569120288,0.014093301222014094,33.066902357889795,0.04727707959305805,2.2009608774600276,7.623264811329114,1.4416227889766606,0.189873417721519,1.0983858570330516,0.006226774958654971,0.26659359395932286,0.7620944792259533,0.019242479600535867,104.73702958173914,0.34719049794426676,-0.628361858190709,0.31797125795206865,0.5200314648044932,0.6622796617899944,-0.047619047619047616,-0.6325581395348837,-0.25757575757575757,0.36357855074088696,0.3203809316194848,0.5297820500929245,Apparel Retail,Consumer Cyclical,FL
2022Q2,2022,Q2,2021-09-09,2021-07-31,430000000.0,2275000000.0,264000000.0,4.09,798000000.0,0.3507692307692308,7585000000.0,3336000000.0,3178000000.0,1681000000.0,4244000000.0,1081000000.0,2916000000.0,5922897156.72,7118897156.72,32.13835306662893,1.8905413444378347,0.4009228740936058,0.9115707434052758,0.020781229233873405,32.13835306662893,0.1288968824940048,2.603471277679121,3.44354485855814,1.7754487879856118,0.04883720930232558,1.366327474560592,0.0035455621538479395,0.2999340804218853,1.0975609756097562,0.05669083717864205,-185.09053614750002,0.3507692307692308,1.1191709844559588,3.3407237387495057,0.6385466504026664,0.6589776713907307,0.06542056074766354,1.1287128712871286,-0.06382978723404255,4.4431171285360325,0.4221178831374648,0.4972218664524726,Apparel Retail,Consumer Cyclical,FL
2022Q1,2022,Q1,2021-06-09,2021-05-01,202000000.0,2153000000.0,282000000.0,1.93,749000000.0,0.3478866697631212,7442000000.0,2925000000.0,3267000000.0,1913000000.0,4512000000.0,1021000000.0,2507000000.0,6098501920.2,7296501920.2,28.2883406871736,1.7077888133821224,0.4247514109110454,1.0806837606837607,0.021949821053702384,28.2883406871736,0.06905982905982906,2.832560111565258,7.547650891336633,2.0849579214358975,0.10396039603960396,1.3751224289911852,0.003443468621439953,0.28930395055092717,1.0261369576581285,0.027143241064230047,17.574933487608067,0.3478866697631212,0.6495726495726496,0.3909249437450642,0.42505575383975186,0.4380956656736814,0.034530386740331494,0.6422764227642277,0.7515527950310559,0.3883649126608875,0.20574426940035945,0.3044147903056747,Apparel Retail,Consumer Cyclical,FL
2021Q4,2021,Q4,2021-03-25,2021-01-30,123000000.0,2189000000.0,161000000.0,1.17,724000000.0,0.33074463225216993,7043000000.0,2771000000.0,2835000000.0,1644000000.0,4267000000.0,923000000.0,2326000000.0,4540589969.86,6049589969.86,26.74216804556433,1.7244525547445255,0.45279000425954846,1.1508480692890652,0.013692748091603053,26.74216804556433,0.04438830747022735,2.074275911311101,9.228841402154472,1.6386105990111872,0.12195121951219512,1.5872156013001084,0.0033035354655603258,0.3108050546642056,1.0979318734793186,0.017464148800227175,13.085273688357347,0.33074463225216993,-0.5357142857142857,0.029095697624135212,0.441803671587163,0.4348068751967352,0.11384615384615385,-0.5358490566037736,-0.09550561797752809,3.902893731619916,0.14544856913248638,0.2721269828510493,Apparel Retail,Consumer Cyclical,FL
2021Q3,2021,Q3,2020-12-09,2020-10-31,265000000.0,2106000000.0,178000000.0,2.52,650000000.0,0.30864197530864196,7018000000.0,2646000000.0,2823000000.0,1542000000.0,4366000000.0,1193000000.0,2245000000.0,3852173754.0800004,3154173754.0800004,25.33231526658011,1.8307392996108949,0.09903106298090623,0.26266061980347694,0.019846604303645893,25.33231526658011,0.10015117157974301,1.8291423333713202,3.6341261830943394,1.4558479796220711,0.06037735849056604,1.220452640402347,0.004153499042729763,0.3000854944428612,1.1238651102464332,0.03776004559703619,116.73253800242425,0.30864197530864196,4.8604651162790695,3.394244670778799,0.5572712861168507,0.378127003889824,0.20817843866171004,4.888888888888889,1.5797101449275361,2.3164902585323706,0.4376387961171538,0.27125100497201216,Apparel Retail,Consumer Cyclical,FL
2021Q2,2021,Q2,2020-09-09,2020-08-01,45000000.0,2077000000.0,69000000.0,0.43,538000000.0,0.2590274434280212,6912000000.0,2403000000.0,2833000000.0,1672000000.0,4509000000.0,1194000000.0,1996000000.0,3068059278.35,2406059278.35,23.019167360410854,1.694377990430622,0.10286458333333333,0.2958801498127341,0.007059866760646642,23.019167360410854,0.018726591760299626,1.47715901701974,17.044773768611112,1.2767620800457762,0.0,1.2889447236180904,0.0,0.30049189814814814,0.8211722488038278,0.006510416666666667,4.440027899204052,0.2590274434280212,1.4056603773584906,-0.49528587907983984,0.635485496807467,0.24360463466430782,0.985239852398524,1.4090909090909092,1.6571428571428573,0.12530046568213396,0.5572500153937084,0.058964508721051724,Apparel Retail,Consumer Cyclical,FL
2021Q1,2021,Q1,2020-06-10,2020-05-02,-110000000.0,1176000000.0,-105000000.0,-1.06,271000000.0,0.2304421768707483,6796000000.0,2314000000.0,2738000000.0,1643000000.0,4482000000.0,1458000000.0,1951000000.0,2483617456.66,2503617456.66,22.202541640271964,1.6664637857577602,0.151854031783402,0.445980985306828,-0.016876342436330162,22.202541640271964,-0.04753673292999136,2.111919606003401,-5.644585128772727,1.07330054306828,-0.38181818181818183,0.620713305898491,0.01691081687615537,0.17304296645085343,0.6159464394400487,-0.016185991759858742,-14.783437242023808,0.2304421768707483,-1.791044776119403,-1.801554797702052,-0.17705620921445803,0.21431345150823294,-0.6128571428571429,-1.8208955223880596,-1.5965909090909092,-1.7803687789927682,-0.24951859008137203,0.04709491600434196,Apparel Retail,Consumer Cyclical,FL
2020Q4,2020,Q4,2020-03-27,2020-02-01,134000000.0,2221000000.0,176000000.0,1.34,700000000.0,0.31517334533993696,6589000000.0,2473000000.0,2386000000.0,1194000000.0,4116000000.0,1208000000.0,2103000000.0,3955992160.7,3688992160.7,23.736096075424157,1.998324958123953,0.09713158294126574,0.2587949858471492,0.020539295860265906,23.736096075424157,0.05418520016174687,1.7811761191805493,7.380582389365672,1.5996733363121713,0.291044776119403,1.2591059602649006,0.009858462407341848,0.3370769464258613,0.7596314907872697,0.020336925178327515,16.621815801260503,0.31517334533993696,0.1551724137931036,0.24090099827225955,0.571350481133393,0.33956788364124535,0.12903225806451613,0.072,0.07317073170731707,-0.1051722177588274,0.3266169036158349,0.1517316212374769,Apparel Retail,Consumer Cyclical,FL
2020Q3,2020,Q3,2019-12-11,2019-11-02,125000000.0,1932000000.0,164000000.0,1.16,620000000.0,0.32091097308488614,6621000000.0,2427000000.0,2347000000.0,1237000000.0,4194000000.0,1304000000.0,2310000000.0,4652260399.440001,4538260399.440001,23.100074108692635,1.8973322554567502,0.09515178975985501,0.2595797280593325,0.019077504922926883,23.100074108692635,0.05150391429748661,2.4080022771428573,9.30452079888,1.9168769672187886,0.328,1.0061349693251533,0.008812920275257,0.291798821930222,0.6014551333872271,0.018879323365050597,193.84418331000003,0.32091097308488614,1.1208907741251324,0.41922862938729066,0.5206653515292866,0.27082596778710066,0.16104868913857678,1.0833333333333333,1.0246913580246915,0.0030334000365566526,0.29053702240801055,0.1612452524619202,Apparel Retail,Consumer Cyclical,FL
2020Q2,2020,Q2,2019-09-11,2019-08-03,60000000.0,1774000000.0,81000000.0,0.54694,534000000.0,0.30101465614430667,6720000000.0,2512000000.0,2446000000.0,1229000000.0,4208000000.0,1227000000.0,2226000000.0,4314685118.4,3995685118.3999996,22.915303732909365,1.9902359641985354,0.09226190476190477,0.24681528662420382,0.00926200861281964,22.915303732909365,0.02388535031847134,2.4321787589627957,17.97785466,1.7176294261146496,0.6833333333333333,1.0105949470252649,0.009502431550602675,0.26398809523809524,0.7640358014646054,0.008928571428571428,-165.9494276307692,0.30101465614430667,-0.6401710526315789,-0.1452487970819016,0.41684170552363387,0.2750866382596449,-0.22496371552975328,-0.6511627906976745,-0.6447368421052632,-0.42647368592586915,0.20987201786772958,0.18288504539168304,Apparel Retail,Consumer Cyclical,FL
2020Q1,2020,Q1,2019-06-12,2019-05-04,172000000.0,2078000000.0,228000000.0,1.52,689000000.0,0.33156881616939365,6928000000.0,2602000000.0,2592000000.0,1290000000.0,4326000000.0,1211000000.0,2207000000.0,6211630484.860001,5707630484.860001,23.152140223170615,2.0093023255813955,0.08978060046189376,0.23904688700999233,0.02567638173582712,23.152140223170615,0.06610299769408147,2.9892350745235805,9.02853268148256,2.3872523000999233,0.25,1.1469859620148637,0.006922498063078062,0.29994226327944573,0.8728682170542635,0.024826789838337183,22.753225219267403,0.33156881616939365,0.09352517985611519,0.36696381462408895,0.4322283212358537,0.29195789871569383,-0.06258503401360545,0.08860759493670886,0.0410958904109589,0.08963995984042132,0.265422691625635,0.17698640843601893,Apparel Retail,Consumer Cyclical,FL
2019Q4,2019,Q4,2019-04-02,2019-02-02,158000000.0,2272000000.0,219000000.0,1.39,735000000.0,0.32350352112676056,3820000000.0,2506000000.0,2518000000.0,764000000.0,1314000000.0,1269000000.0,2104000000.0,6178943320.0,5411943320.0,22.33073728858869,3.2958115183246073,0.032460732984293195,0.04948124501197127,0.057504816791420145,22.33073728858869,0.06304868316041501,2.719605334507042,9.776809050632911,2.465659744612929,0.24050632911392406,1.211189913317573,0.006149918850526047,0.5947643979057592,1.1662303664921465,0.041361256544502616,19.01213329230769,0.32350352112676056,0.22850340003782713,0.6921496072351278,0.6439166042032364,0.301078578392463,0.25,0.2153846153846154,0.5208333333333334,0.22058954572187273,0.38175358638769047,0.19811884119820317,Apparel Retail,Consumer Cyclical,FL
2019Q3,2019,Q3,2018-12-11,2018-11-03,130000000.0,1860000000.0,144000000.0,1.131458,588000000.0,0.3161290322580645,3680000000.0,2451000000.0,2378000000.0,695000000.0,1229000000.0,1305000000.0,2323000000.0,5533490657.599999,4909490657.599999,21.615433620678967,3.42158273381295,0.03369565217391304,0.05059159526723786,0.040984173427317465,21.615433620678967,0.053039575683394534,2.9749949772043007,10.641328187692308,2.2576461271317827,0.3,0.9747126436781609,0.007047992381885612,0.5054347826086957,1.0762589928057553,0.035326086956521736,-128.68582924651162,0.3161290322580645,0.5086106666666668,0.6165202018936179,0.48297291024519334,0.28534988316018073,0.09090909090909091,0.4772727272727273,0.2857142857142857,0.9857167974989806,0.2669353377405382,0.17592144499894333,Apparel Retail,Consumer Cyclical,FL
2019Q2,2019,Q2,2018-09-12,2018-08-04,88000000.0,1782000000.0,112000000.0,0.75,539000000.0,0.30246913580246915,3832000000.0,2482000000.0,2524000000.0,721000000.0,1350000000.0,1254000000.0,2232000000.0,5453032891.679999,4627032891.679999,21.46532440297426,3.5006934812760058,0.032359081419624215,0.0499597099113618,0.03251359738396343,21.46532440297426,0.035455278001611606,3.060063351111111,15.491570714999998,2.1970317855278,0.45454545454545453,0.9912280701754386,0.007335367454142861,0.4650313152400835,1.317614424410541,0.022964509394572025,-139.82135619692306,0.30246913580246915,-0.45652173913043476,0.7120960798759604,0.5737389344939621,0.3137126350738254,-0.1906906906906907,-0.4666666666666667,-0.5,-0.10892254974874294,0.2668282511757916,0.1596586659351351,Apparel Retail,Consumer Cyclical,FL
2019Q1,2019,Q1,2018-06-06,2018-05-05,165000000.0,2025000000.0,224000000.0,1.38,666000000.0,0.3288888888888889,3963000000.0,2543000000.0,2540000000.0,653000000.0,1420000000.0,1210000000.0,2184000000.0,4886277204.24,3982277204.24,21.68661448598306,3.889739663093415,0.03154176129195054,0.04915454187966968,0.06049377058195793,21.68661448598306,0.06488399528116398,2.4129763971555556,7.403450309454546,1.9214617397719231,0.24848484848484848,1.1231404958677687,0.00839084609535104,0.5109765329295988,1.5758039816232772,0.041635124905374715,13.921017675897435,0.3288888888888889,4.413543356947797,0.5363312318198435,0.5885143106229151,0.3202347462686622,-0.03896103896103896,4.36734693877551,1.9473684210526316,0.06863781328824616,0.2594877245245794,0.1860960837130518,Apparel Retail,Consumer Cyclical,FL
2018Q4,2018,Q4,2018-03-29,2018-02-03,-49000000.0,2210000000.0,76000000.0,-0.404272,693000000.0,0.31357466063348416,3961000000.0,2519000000.0,2551000000.0,616000000.0,1442000000.0,1278000000.0,2019000000.0,5797328132.740001,5073328132.740001,21.021618443805554,4.141233766233766,0.03155768745266347,0.04962286621675268,0.01796520423600605,21.021618443805554,-0.01945216355696705,2.6232253994298644,-29.578204758877554,2.301440306764589,-0.7551020408163265,1.1870109546165883,0.006382250435514443,0.5579399141630901,1.3782467532467533,-0.01237061348144408,23.470964100161947,0.31357466063348416,-1.5284711837110319,-1.5900578668016654,0.6157225074245537,0.32718312152372725,0.19482758620689655,-1.4803921568627452,-0.5096774193548387,-1.394531080943577,0.35946986380946544,0.18637390243118007,Apparel Retail,Consumer Cyclical,FL
2018Q3,2018,Q3,2017-12-06,2017-10-28,102000000.0,1870000000.0,155000000.0,0.764984,580000000.0,0.31016042780748665,3813000000.0,2657000000.0,2498000000.0,567000000.0,1156000000.0,1313000000.0,2467000000.0,4206756195.05,3442756195.05,19.927075902007115,4.405643738977072,0.03304484657749803,0.04742190440346255,0.03641615301694353,19.927075902007115,0.03838916070756492,2.2496022433422462,10.310676948651961,1.583272937542341,0.37254901960784315,0.9824828636709825,0.009033088260430634,0.4904274849200105,1.5696649029982364,0.02675059008654603,22.0249015447644,0.31016042780748665,0.9969718486341992,0.0876489301305125,0.3869189113431514,0.3120192051491693,0.15308151093439365,1.0,0.27049180327868855,-0.08746202633942436,0.15978251996144785,0.09626685175030483,Apparel Retail,Consumer Cyclical,FL
2018Q2,2018,Q2,2017-09-06,2017-07-29,51000000.0,1701000000.0,122000000.0,0.383072,503000000.0,0.29570840681951793,3946000000.0,2894000000.0,2644000000.0,470000000.0,1052000000.0,1290000000.0,2403000000.0,6126845594.22,5209845594.22,21.737430452897712,5.625531914893617,0.031931069437404966,0.043538355217691775,0.028222806858387007,21.737430452897712,0.017622667588113337,3.6019080506878307,30.033556834411765,2.1170855543261924,0.803921568627451,0.9286821705426357,0.0066918611493455874,0.43106943740496706,2.2191489361702126,0.012924480486568676,360.40268201294117,0.29570840681951793,-0.7167641169877055,-0.020505507483087538,0.41000168932261594,0.5049606009168871,-0.26029411764705884,-0.7166666666666667,-0.5447761194029851,-0.4017780527242796,0.11860234640608944,0.2095457011456843,Apparel Retail,Consumer Cyclical,FL
2018Q1,2018,Q1,2017-06-06,2017-04-29,180000000.0,2001000000.0,268000000.0,1.352484,680000000.0,0.33983008495752126,3877000000.0,2822000000.0,2622000000.0,535000000.0,1055000000.0,1279000000.0,2393000000.0,10293060723.0,9371060723.0,21.203943693085314,4.9009345794392525,0.03275728656177457,0.04500354358610914,0.06081073415347146,21.203943693085314,0.06378454996456413,5.1439583823088455,14.295917670833333,3.6474346998582563,0.22777777777777777,1.032838154808444,0.003983266115236732,0.5161207118906371,1.9607476635514018,0.04642765024503482,122.53643717857143,0.33983008495752126,-0.04754647887323937,0.6012041768556926,0.44385728562771015,0.45197712493625014,-0.04628330995792426,-0.047619047619047616,-0.03597122302158273,0.20802760202790774,0.16463431932123082,0.1832427703935521,Apparel Retail,Consumer Cyclical,FL
2017Q4,2017,Q4,2017-03-23,2017-01-28,189000000.0,2113000000.0,278000000.0,1.42,713000000.0,0.3374349266445812,3840000000.0,2710000000.0,2633000000.0,612000000.0,1130000000.0,1307000000.0,2254000000.0,8943017184.210001,8024017184.210001,20.609051308256113,4.302287581699346,0.03307291666666667,0.046863468634686344,0.0659084266498745,20.609051308256113,0.06974169741697417,4.232379169053479,11.829387809801588,3.3000063410369007,0.19047619047619047,1.0711553175210407,0.004025487065323148,0.5502604166666667,1.7091503267973855,0.04921875,30.94469613913495,0.3374349266445812,0.2136752136752137,1.7166937622457659,0.6379229369294189,0.4953771352104317,0.1140625,0.20382165605095542,0.18803418803418803,0.7274687059573939,0.3047811262610665,0.20076622780679568,Apparel Retail,Consumer Cyclical,FL
2017Q3,2017,Q3,2016-12-07,2016-10-29,157000000.0,1886000000.0,234000000.0,1.17,640000000.0,0.33934252386002123,3694000000.0,2633000000.0,2517000000.0,543000000.0,1061000000.0,1361000000.0,3546000000.0,8888069755.900002,8151069755.900002,19.892502518067463,4.6353591160221,0.034650785056848946,0.048613748575769083,0.058595731242443876,19.892502518067463,0.05962780098746677,4.712656286267233,14.152977318312102,3.3756436596657804,0.2356687898089172,0.9155033063923586,0.004162883619971477,0.5105576610720086,1.5930018416206262,0.04250135354629128,386.43781547391313,0.33934252386002123,0.24468085106382978,1.7177010599932963,0.5456988419145088,0.43723438091641553,0.09028960817717206,0.23622047244094488,0.18181818181818182,0.6724585311265024,0.2881898816797564,0.18289673184721733,Apparel Retail,Consumer Cyclical,FL
2017Q2,2017,Q2,2016-09-07,2016-07-30,127000000.0,1780000000.0,198000000.0,0.94,587000000.0,0.3297752808988764,3762000000.0,2578000000.0,2585000000.0,675000000.0,1184000000.0,1339000000.0,3426000000.0,7933992908.599999,7117992908.599999,19.372384342995502,3.8296296296296295,0.0342902711323764,0.05003878975950349,0.04689807976366322,19.372384342995502,0.04926299456943367,4.457299386853932,15.618096276771652,3.077576768269977,0.29133858267716534,0.8909634055265123,0.004663477825886899,0.4731525784157363,1.4,0.03375863902179692,87.18673525934065,0.3297752808988764,-0.3237410071942446,2.9491077995037873,0.6062265843774551,0.4023923477354041,-0.15660919540229884,-0.33507853403141363,-0.3310810810810811,1.1469091467122332,0.365870347105206,0.1856213120810414,Apparel Retail,Consumer Cyclical,FL
2017Q1,2017,Q1,2016-06-08,2016-04-30,191000000.0,1987000000.0,296000000.0,1.39,696000000.0,0.35027679919476595,3758000000.0,2675000000.0,2592000000.0,578000000.0,1083000000.0,1260000000.0,3336000000.0,8355170119.679999,7422170119.679999,19.670694629290757,4.484429065743945,0.034326769558275676,0.04822429906542056,0.0676356936917537,19.670694629290757,0.0714018691588785,4.204917020473075,10.93608654408377,3.1234280821233646,0.193717277486911,1.0246031746031745,0.004428395768130342,0.528738690792975,1.8373702422145328,0.05082490686535391,56.83789197061224,0.35027679919476595,0.2192982456140351,1.292757480668985,0.544129984006143,0.41443168573192013,0.03111111111111111,0.2088607594936709,0.18875502008032127,0.5335035769368558,0.34404708147960894,0.19750985335288007,Apparel Retail,Consumer Cyclical,FL
2016Q4,2016,Q4,2016-03-24,2016-01-30,158000000.0,2007000000.0,249000000.0,1.14,675000000.0,0.336322869955157,3775000000.0,2553000000.0,2606000000.0,700000000.0,1222000000.0,1285000000.0,3182000000.0,9254166120.0,8363166120.0,18.638165531439586,3.722857142857143,0.03443708609271523,0.0509204857030944,0.05982846193619027,18.638165531439586,0.06188797493145319,4.610944753363229,14.642667911392406,3.6248202585193887,0.21518987341772153,1.0365758754863814,0.0036740209284248293,0.5316556291390728,1.4585714285714286,0.04185430463576159,33.52958739130435,0.336322869955157,1.0,2.1609353292632427,0.644150301598582,0.4376698548201794,0.11202635914332784,0.975,0.14746543778801843,0.6644470351844581,0.28361931011543,0.17670572204591456,Apparel Retail,Consumer Cyclical,FL
2016Q3,2016,Q3,2015-12-09,2015-10-31,80000000.0,1794000000.0,217000000.0,0.57,607000000.0,0.33835005574136007,3695000000.0,2547000000.0,2491000000.0,660000000.0,1148000000.0,1336000000.0,3058000000.0,9387557343.0,8640557343.0,18.381698635233573,3.7742424242424244,0.03545331529093369,0.05143305850019631,0.05538487061443389,18.381698635233573,0.031409501374165684,5.232752142140468,29.336116696875,3.685731190812721,0.4375,0.8884730538922155,0.003728339409409667,0.4855209742895805,1.3303030303030303,0.02165087956698241,408.1546670869565,0.33835005574136007,-0.32142857142857145,0.7195164124225317,0.5665063191608704,0.43920394165122467,0.09764918625678119,-0.3277310924369748,0.16666666666666666,-0.1791132830021288,0.28037320908122687,0.21026997394342095,Apparel Retail,Consumer Cyclical,FL
2016Q2,2016,Q2,2015-09-09,2015-08-01,119000000.0,1695000000.0,186000000.0,0.84,553000000.0,0.3262536873156342,3704000000.0,2579000000.0,2555000000.0,741000000.0,1125000000.0,1317000000.0,3013000000.0,9829718518.8,8991718518.8,18.510036645709775,3.44804318488529,0.035637149028077755,0.051182628925940284,0.044099979079706315,18.510036645709775,0.046141915471112835,5.7992439638938045,20.650669157142854,3.81144572268321,0.29411764705882354,0.8671222475322703,0.0035606309512383433,0.4576133909287257,1.3090418353576248,0.03212742980561555,151.2264387507692,0.3262536873156342,-0.34883720930232565,21.277476248634873,0.7371184248958521,0.5119106132847494,-0.1746268656716418,-0.3532608695652174,-0.3586206896551724,1.1838612451596657,0.34255250608393756,0.28151650369547326,Apparel Retail,Consumer Cyclical,FL
2016Q1,2016,Q1,2015-06-11,2015-05-02,184000000.0,1916000000.0,290000000.0,1.29,670000000.0,0.3496868475991649,3698000000.0,2555000000.0,2552000000.0,751000000.0,1116000000.0,1335000000.0,2577000000.0,8423493804.88,7602493804.88,18.28402840526504,3.3981358189081226,0.03677663601946998,0.05322896281800391,0.06832528778314147,18.28402840526504,0.07201565557729941,4.396395514029227,11.444964408804347,3.2968664598356163,0.19021739130434784,0.9333333333333333,0.004155045496646935,0.5181179015684153,1.2743009320905458,0.04975662520281233,55.05551506457516,0.3496868475991649,0.27722772277227725,2.8068161236888556,0.6710298655149838,0.4638417519101211,0.06518282988871224,0.2602739726027397,0.31221719457013575,0.5588825018491915,0.3167218266569905,0.25203081937945643,Apparel Retail,Consumer Cyclical,FL
2015Q4,2015,Q4,2015-03-30,2015-01-31,146000000.0,1911000000.0,221000000.0,1.01,629000000.0,0.3291470434327577,3577000000.0,2496000000.0,2456000000.0,696000000.0,1081000000.0,1250000000.0,2780000000.0,7496782080.0,6663782080.0,17.719218537028624,3.528735632183908,0.03746155996645233,0.05368589743589743,0.05472820777247069,17.719218537028624,0.058493589743589744,3.9229628885400314,12.836955616438356,3.0035184615384614,0.21232876712328766,1.0256,0.004135107526028021,0.5342465753424658,1.5028735632183907,0.04081632653061224,33.922090859728506,0.3291470434327577,0.23170731707317083,0.7300072742563825,0.6064519343694548,0.42717935752556013,0.09581881533101046,0.21666666666666667,0.18181818181818182,0.9590386805099815,0.3828208798990412,0.28569306067255085,Apparel Retail,Consumer Cyclical,FL
2015Q3,2015,Q3,2014-12-10,2014-11-01,120000000.0,1731000000.0,187000000.0,0.82,574000000.0,0.3316002310803004,3618000000.0,2602000000.0,2484000000.0,648000000.0,1016000000.0,1324000000.0,2665000000.0,8017621910.58,7236621910.58,18.1772128475758,3.8333333333333335,0.03731343283582089,0.05188316679477325,0.043795620437956206,18.1772128475758,0.04611837048424289,4.631786199064125,16.703378980375,3.081330480622598,0.26666666666666666,0.8738670694864048,0.003991208410285975,0.478441127694859,1.4135802469135803,0.03316749585406302,250.550684705625,0.3316002310803004,0.3015873015873015,1.2884213107996232,0.5499153313609723,0.42703043344237845,0.09333333333333334,0.30434782608695654,0.2808219178082192,0.9207229040079856,0.31178209523730493,0.3133046096157804,Apparel Retail,Consumer Cyclical,FL
2015Q2,2015,Q2,2014-09-10,2014-08-02,92000000.0,1641000000.0,146000000.0,0.63,525000000.0,0.31992687385740404,3698000000.0,2582000000.0,2552000000.0,751000000.0,1116000000.0,1335000000.0,2577000000.0,6913467623.639999,6093467623.639999,17.971566045258125,3.3981358189081226,0.03704705246078962,0.05305964368706429,0.034268103518654586,17.971566045258125,0.03563129357087529,4.212960160658135,18.786596803369566,2.677562983594113,0.34782608695652173,0.8359550561797753,0.0046286468299321735,0.44375338020551647,1.2743009320905458,0.024878312601406164,150.2927744269565,0.31992687385740404,-0.4272727272727273,0.9198189944730399,0.6202673817736819,0.4171811565279422,-0.1873065015479876,-0.43209876543209874,-0.42745098039215684,1.6497970782590774,0.3715918942937459,0.30098527122213337,Apparel Retail,Consumer Cyclical,FL
2015Q1,2015,Q1,2014-06-11,2014-05-03,162000000.0,1868000000.0,255000000.0,1.1,646000000.0,0.34582441113490364,3669000000.0,2593000000.0,2518000000.0,712000000.0,1076000000.0,1268000000.0,2517000000.0,6815231949.900001,5948231949.900001,17.920197125762098,3.5365168539325844,0.03761242845461979,0.053220208252988815,0.059487123363420095,17.920197125762098,0.062475896644812956,3.648411108083512,10.517333256018517,2.6283193019282685,0.19753086419753085,0.9637223974763407,0.004695364770449161,0.5091305532842736,1.4143258426966292,0.044153720359771054,30.56157825067265,0.34582441113490364,0.3580246913580247,4.60873656629136,0.6487507973968488,0.4264513652644048,0.10996563573883161,0.33884297520661155,0.4088397790055249,0.8276125106113347,0.36429163675163,0.2885612382745782,Apparel Retail,Consumer Cyclical,FL
2014Q4,2014,Q4,2014-03-31,2014-02-01,121000000.0,1791000000.0,181000000.0,0.81,582000000.0,0.3249581239530988,3487000000.0,2496000000.0,2350000000.0,626000000.0,991000000.0,1220000000.0,2387000000.0,5613482200.0,4894482200.0,17.163250290523766,3.753993610223642,0.03986234585603671,0.05568910256410257,0.045868081880212276,17.163250290523766,0.048477564102564104,3.1342725851479623,11.598103719008265,2.2489912660256413,0.2396694214876033,0.990983606557377,0.005166133776998527,0.5136220246630341,1.3849840255591055,0.03470031545741325,36.451183116883115,0.3249581239530988,0.1571428571428573,2.035714138364953,0.45503807630950516,0.3880466451172028,0.08379888268156424,0.16346153846153846,0.11728395061728394,1.280061172549464,0.3819500149737408,0.32390108413817886,Apparel Retail,Consumer Cyclical,FL
2014Q3,2014,Q3,2013-12-11,2013-11-02,104000000.0,1622000000.0,162000000.0,0.7,537000000.0,0.3310727496917386,3477000000.0,2466000000.0,2320000000.0,643000000.0,1011000000.0,1316000000.0,2295000000.0,5130910331.650001,4506910331.650001,16.81677020698437,3.6080870917573873,0.04026459591601956,0.05677210056772101,0.04036029129934841,16.81677020698437,0.042173560421735604,3.163323262422935,12.333919066466347,2.080661123945661,0.27884615384615385,0.824468085106383,0.0056520184773282064,0.4664941041127409,1.2379471228615864,0.029910842680471672,138.67325220675679,0.3310727496917386,0.5990131804372159,3.553803157022409,0.3021570289752038,0.19808797452440643,0.18543046357615894,0.5757575757575758,0.5,1.1122362836683621,0.3382997078555012,0.3166771171704201,Apparel Retail,Consumer Cyclical,FL
2014Q2,2014,Q2,2013-09-11,2013-08-03,66000000.0,1454000000.0,108000000.0,0.43777,453000000.0,0.3115543328748281,3511000000.0,2426000000.0,2385000000.0,730000000.0,1085000000.0,1306000000.0,2220000000.0,5539607137.610001,4891607137.610001,16.339436669700596,3.267123287671233,0.04015949871831387,0.058120362737015666,0.02616547977387857,16.339436669700596,0.02720527617477329,3.8099086228404406,20.98336036973485,2.2834324557337182,0.45454545454545453,0.7664624808575804,0.005415546491793849,0.4141270293363714,1.1452054794520548,0.018798063229849046,-81.4648108472059,0.3115543328748281,-0.5135888888888889,2.8031060344150607,0.15829831881849568,0.11339524209464236,-0.1925133689839572,-0.5217391304347826,-0.49767441860465117,10.594534306219941,0.39834546128432274,0.33461473841761136,Apparel Retail,Consumer Cyclical,FL
2014Q1,2014,Q1,2013-06-12,2013-05-04,138000000.0,1638000000.0,215000000.0,0.9,561000000.0,0.3424908424908425,3465000000.0,2475000000.0,2448000000.0,642000000.0,990000000.0,1169000000.0,2184000000.0,5315733244.08,4390733244.08,16.426332171059165,3.8130841121495327,0.0380952380952381,0.05333333333333334,0.052689340664024205,16.426332171059165,0.055757575757575756,3.2452583907692305,9.629951529130436,2.147771007709091,0.21739130434782608,0.9213002566295979,0.005643624053823667,0.4727272727272727,1.7211838006230529,0.03982683982683983,26.446434050149254,0.3424908424908425,0.32352941176470584,45.9547534722462,0.2773090342368767,0.11588775967707585,-0.005319148936170213,0.3269230769230769,0.2573099415204678,1.6479365736713338,0.32491195632022557,0.3151123116728867,Apparel Retail,Consumer Cyclical,FL
2013Q4,2013,Q4,2013-04-01,2013-02-02,104000000.0,1713000000.0,171000000.0,0.68,564000000.0,0.329246935201401,3367000000.0,2377000000.0,2363000000.0,636000000.0,990000000.0,1167000000.0,2076000000.0,5186419200.0,4439419200.0,15.839275004997667,3.7154088050314464,0.0395010395010395,0.055952881783761045,0.04484341116546472,15.839275004997667,0.04375262936474548,3.0276819614711035,12.467353846153847,2.181918047959613,0.25961538461538464,0.9845758354755784,0.005205903911507962,0.5087615087615087,1.4591194968553458,0.03088803088803089,45.4949052631579,0.329246935201401,-0.014492753623188259,0.3588257969065913,0.19307211290601506,0.08036270289482104,0.11683168316831684,-0.018867924528301886,0.09615384615384616,0.15673678524489992,0.3516695982126581,0.2757609077433953,Apparel Retail,Consumer Cyclical,FL
2013Q3,2013,Q3,2012-12-05,2012-10-27,106000000.0,1524000000.0,156000000.0,0.69,505000000.0,0.33136482939632544,3299000000.0,2289000000.0,2295000000.0,625000000.0,1010000000.0,1240000000.0,1999000000.0,5047281851.820001,4376281851.820001,15.188097722808498,3.672,0.04031524704455896,0.0581039755351682,0.04404784102714366,15.188097722808498,0.04630843162953255,3.311864732165355,11.903966631650944,2.2050160995281782,0.25471698113207547,0.8217741935483871,0.0053494139603604786,0.4619581691421643,1.3648,0.03213094877235526,77.65049002800001,0.33136482939632544,0.7998466217661451,4.273713966449274,0.14544458452069697,0.04943401269607978,0.17990654205607476,0.7966101694915254,0.6774193548387096,0.9199865765400829,0.2960849362071735,0.19236529044853795,Apparel Retail,Consumer Cyclical,FL
2013Q2,2013,Q2,2012-09-05,2012-07-28,59000000.0,1367000000.0,93000000.0,0.383366,428000000.0,0.3130943672275055,3234000000.0,2179000000.0,2250000000.0,669000000.0,1055000000.0,1231000000.0,1920000000.0,5074931005.52,4437931005.52,14.443853506632884,3.3632286995515694,0.04112554112554113,0.06103717301514456,0.02551903114186851,14.443853506632884,0.027076640660853604,3.7124586726554503,21.503944938644068,2.329018359577788,0.4576271186440678,0.7627944760357434,0.005320269373245096,0.4226963512677798,1.2257100149476832,0.018243661100803957,-253.74655027600002,0.3130943672275055,-0.5381132530120482,4.346001044344154,0.08764814585957481,-0.008313223351999985,-0.20297951582867785,-0.5390625,-0.5396039603960396,0.17252099533448603,0.2854132791344457,0.138996844554409,Apparel Retail,Consumer Cyclical,FL
2013Q1,2013,Q1,2012-06-06,2012-04-28,128000000.0,1578000000.0,202000000.0,0.83,537000000.0,0.3403041825095057,3238000000.0,2213000000.0,2251000000.0,635000000.0,1025000000.0,1146000000.0,1888000000.0,4684071880.95,3960071880.95,14.603497072322186,3.5448818897637797,0.04169240271772699,0.061003163126976956,0.054785696729300684,14.603497072322186,0.057840036150022596,2.9683598738593155,9.148577892480468,2.1166163040894714,0.21875,0.9083769633507853,0.005977705020684093,0.4873378628783199,1.431496062992126,0.03953057442865967,49.830551924999995,0.3403041825095057,0.5687905192129584,6.691436495303706,0.22489121522972805,-0.014979805317876092,0.11875,0.5802469135802469,0.5905511811023622,3.2315081877242884,0.32990412679312775,0.1624413610105769,Apparel Retail,Consumer Cyclical,FL
2012Q4,2012,Q4,2012-03-26,2012-01-28,81000000.0,1502000000.0,127000000.0,0.52907,480000000.0,0.3195739014647137,3050000000.0,2110000000.0,2079000000.0,548000000.0,940000000.0,1069000000.0,1788000000.0,4047964000.0,3331964000.0,13.781841933376878,3.7937956204379564,0.04426229508196721,0.06398104265402843,0.037253517301320004,13.781841933376878,0.03838862559241706,2.6950492676431423,12.493716049382718,1.9184663507109005,0.30864197530864196,0.9560336763330215,0.0061759442524686485,0.49245901639344264,1.552919708029197,0.026557377049180327,21.193528795811517,0.3195739014647137,0.2303953488372094,-0.27429004121315814,-0.07951567523797924,-0.06920021800722612,0.059602649006622516,0.22727272727272727,0.19811320754716982,1.6585813193990855,0.15909373826765202,0.1145813954435771,Apparel Retail,Consumer Cyclical,FL
2012Q3,2012,Q3,2011-12-07,2011-10-29,66000000.0,1394000000.0,106000000.0,0.43,453000000.0,0.3249641319942611,3045000000.0,2093000000.0,2059000000.0,568000000.0,952000000.0,1204000000.0,1732000000.0,3405460054.7599998,2843460054.7599998,13.840820107144612,3.625,0.04466338259441708,0.06497849976110846,0.02989168749599436,13.840820107144612,0.03153368370759675,2.442941215753228,12.89946990439394,1.6270712158432872,0.3787878787878788,0.78156146179402,0.007341152031736833,0.457799671592775,1.2288732394366197,0.02167487684729064,36.61785005118279,0.3249641319942611,0.7916666666666667,0.040770257606596236,-0.0008032099837500543,0.003427089152205319,0.16752577319587628,0.7837837837837838,0.7966101694915254,1.8023858293861483,0.08522143097834307,-0.013929552237177713,Apparel Retail,Consumer Cyclical,FL
2012Q2,2012,Q2,2011-09-07,2011-07-30,37000000.0,1275000000.0,59000000.0,0.24,388000000.0,0.3043137254901961,3119000000.0,2115000000.0,2139000000.0,620000000.0,1004000000.0,1269000000.0,1691000000.0,3327028756.44,2782028756.44,13.813812072119621,3.45,0.043603719140750244,0.06430260047281323,0.01672053799843748,13.813812072119621,0.017494089834515367,2.609434318776471,22.47992403,1.5730632418156028,0.7027027027027027,0.6989755713159969,0.0078147806656834,0.40878486694453353,1.0983870967741935,0.011862776530939404,-51.984824319375,0.3043137254901961,-0.6,1.6737960529868012,-0.010033819132264265,0.025771567579736046,-0.1831578947368421,-0.6063829787234043,-0.6066666666666667,1.067536148855729,-0.015029795818512517,-0.058704841103353306,Apparel Retail,Consumer Cyclical,FL
2012Q1,2012,Q1,2011-06-08,2011-04-30,94000000.0,1452000000.0,150000000.0,0.6,475000000.0,0.3271349862258953,3120000000.0,2134000000.0,2140000000.0,606000000.0,986000000.0,1159000000.0,1680000000.0,3302166463.44,2639166463.44,13.907136574865293,3.5313531353135312,0.04358974358974359,0.06373008434864105,0.04168760902344558,13.907136574865293,0.044048734770384255,2.2742193274380167,8.782357615531915,1.5474069650609186,0.26595744680851063,0.8429680759275238,0.007570787323046244,0.4653846153846154,1.3184818481848184,0.03012820512820513,26.41733170752,0.3271349862258953,0.6441959881617887,0.6062363878161178,0.07242661422672567,0.03883825597859039,0.10465116279069768,0.6491228070175439,0.5,30.405538095929785,0.11179984677169649,-0.05524840759086481,Apparel Retail,Consumer Cyclical,FL
2011Q4,2011,Q4,2011-03-28,2011-01-29,57000000.0,1392000000.0,100000000.0,0.36492,430000000.0,0.3089080459770115,2896000000.0,2025000000.0,1934000000.0,489000000.0,871000000.0,1059000000.0,1611000000.0,2775674000.0,2216674000.0,12.96414852752881,3.955010224948875,0.04730662983425414,0.06765432098765432,0.02929386370644465,12.96414852752881,0.028148148148148148,1.9940186781609195,12.174008771929826,1.370703209876543,0.40350877192982454,0.9084041548630784,0.008286275693759426,0.48066298342541436,1.4233128834355828,0.01968232044198895,15.33521546961326,0.3089080459770115,0.10581818181818184,-0.41005121638924463,-0.1156724115911465,-0.007382411705736865,0.10824742268041238,0.09615384615384616,0.35135135135135137,-0.2844859722199712,-0.06854598329765117,-0.11574345798581567,Apparel Retail,Consumer Cyclical,FL
2011Q3,2011,Q3,2010-12-08,2010-10-30,52000000.0,1280000000.0,74000000.0,0.33,388000000.0,0.303125,2912000000.0,1978000000.0,1905000000.0,549000000.0,934000000.0,1202000000.0,1577000000.0,2467054599.66,2070054599.6599998,12.772129163392867,3.469945355191257,0.047046703296703296,0.0692618806875632,0.02492308688752874,12.772129163392867,0.0262891809908999,1.9273864059843748,11.860839421442307,1.247247017017189,0.4423076923076923,0.7420965058236273,0.009322858117193585,0.43956043956043955,0.9854280510018215,0.017857142857142856,68.529294435,0.303125,7.561199605665958,-0.21043454361425837,-0.08896293493952882,0.021770333071429348,0.2721311475409836,7.666666666666667,5.7272727272727275,2.5628512126398184,-0.06377871536893101,-0.117499307468671,Apparel Retail,Consumer Cyclical,FL
2011Q2,2011,Q2,2010-09-08,2010-07-31,6000000.0,1096000000.0,11000000.0,0.038546,305000000.0,0.2782846715328467,2913000000.0,1916000000.0,1899000000.0,581000000.0,997000000.0,1219000000.0,1548000000.0,2126835000.0,1758835000.0,12.242811501597444,3.2685025817555937,0.04703055269481634,0.07150313152400835,0.003214807598636142,12.242811501597444,0.003131524008350731,1.940542883211679,88.618125,1.1100391440501043,3.8333333333333335,0.6488925348646432,0.01081419103973745,0.3762444215585307,0.8932874354561101,0.0020597322348094747,-36.048050847457624,0.2782846715328467,-0.8866294117647058,-0.8644205634620971,-0.16434269585840564,0.005267266305309885,-0.22391857506361323,-0.8888888888888888,-0.8735632183908046,1.3280085197018103,-0.1593982753082208,-0.15943246935086655,Apparel Retail,Consumer Cyclical,FL
2011Q1,2011,Q1,2010-06-09,2010-05-01,54000000.0,1281000000.0,87000000.0,0.34,393000000.0,0.30679156908665106,2960000000.0,1950000000.0,1931000000.0,572000000.0,1010000000.0,1146000000.0,1565000000.0,2396432682.5499997,1924432682.5499997,12.490440569417279,3.375874125874126,0.04628378378378378,0.07025641025641026,0.02679854883975631,12.490440569417279,0.027692307692307693,1.870751508626073,11.094595752546295,1.2289398372051281,0.4444444444444444,0.774869109947644,0.010014885948918893,0.43277027027027026,1.0769230769230769,0.018243243243243244,33.75257299366197,0.30679156908665106,1.319394228801419,-0.0750447750212424,-0.07579112798257448,0.02881961355104619,0.07084468664850137,-0.425531914893617,0.9333333333333333,2.149625665395865,-0.03482215868335934,-0.15750753806283455,Apparel Retail,Consumer Cyclical,FL
2010Q4,2010,Q4,2010-03-29,2010-01-30,94000000.0,1325000000.0,45000000.0,0.14659,367000000.0,0.2769811320754717,2816000000.0,1948000000.0,1772000000.0,433000000.0,868000000.0,1037000000.0,1535000000.0,1771400999.9999998,1327400999.9999998,12.41555130656469,4.092378752886836,0.049005681818181816,0.07084188911704312,0.012722177151707354,12.41555130656469,0.048254620123203286,1.3369064150943395,4.711172872340425,0.9093434291581108,0.2553191489361702,0.9238187078109933,0.01354859797414589,0.4705255681818182,1.3602771362586605,0.033380681818181816,9.523661290322579,0.2769811320754717,4.66475,0.04002406170107627,-0.15001152210063465,0.048198184078822245,0.11550151975683891,0.6491228070175439,0.7307692307692307,-0.1782150854216371,-0.20765451074619176,-0.16147692700761349,Apparel Retail,Consumer Cyclical,FL
2010Q3,2010,Q3,2009-12-09,2009-10-31,57000000.0,1214000000.0,26000000.0,-0.04,329000000.0,0.27100494233937394,2963000000.0,1982000000.0,1882000000.0,478000000.0,981000000.0,1228000000.0,1536000000.0,1630688000.0,1356688000.0,12.737789203084834,3.937238493723849,0.04657441781977725,0.06962663975782038,0.005660377358490566,12.737789203084834,0.02875882946518668,1.3432355848434925,7.152140350877193,0.8227487386478305,0.40350877192982454,0.7206840390879479,0.01410447614749112,0.40971987850151875,0.9163179916317992,0.019237259534255823,46.59108571428571,0.27100494233937394,-3.0,-0.2351750851108177,-0.11755656091566395,0.1277870669779981,0.175,0.09615384615384616,0.0,-0.12645837453035397,-0.15432254121200142,-0.07654007180629126,Apparel Retail,Consumer Cyclical,FL
2010Q2,2010,Q2,2009-09-09,2009-08-01,52000000.0,1099000000.0,0.0,-0.01,280000000.0,0.25477707006369427,3015000000.0,1977000000.0,1910000000.0,513000000.0,1038000000.0,1284000000.0,1565000000.0,1727372000.0,1463372000.0,12.68120590121873,3.723196881091618,0.045771144278606964,0.06980273141122914,0.0,12.68120590121873,0.026302478502781994,1.5717670609645131,8.304673076923077,0.8737339403136065,0.46153846153846156,0.6378504672897196,0.013893938306282607,0.36451077943615257,0.8089668615984406,0.01724709784411277,-287.8953333333333,0.25477707006369427,-1.05,-0.3865986639340415,-0.16163398441531115,0.15758223359793247,-0.21348314606741572,0.6774193548387096,-1.0,2.690460918170989,-0.1619719037874308,-0.05833231347134161,Apparel Retail,Consumer Cyclical,FL
2010Q1,2010,Q1,2009-06-10,2009-05-02,31000000.0,1216000000.0,50000000.0,0.2,356000000.0,0.29276315789473684,2969000000.0,1951000000.0,1880000000.0,493000000.0,1018000000.0,1237000000.0,1589000000.0,1893107000.0,1627107000.0,12.562781712813909,3.813387423935091,0.04782755136409565,0.07278318810866223,0.015113546613102958,12.562781712813909,0.015889287544848796,1.5568314144736841,15.26699193548387,0.9703264992311634,0.7419354838709677,0.6952303961196443,0.01214933968338821,0.4095655102728191,0.8742393509127789,0.010441226002020883,46.17334146341464,0.29276315789473684,1.24896,-0.40282249409744586,-0.0519486301332677,0.2749225823039414,-0.0582010582010582,1.248,-0.10714285714285714,-0.47660624051862444,-0.11259927022966311,-0.061582650423799325,Apparel Retail,Consumer Cyclical,FL
2009Q4,2009,Q4,2009-03-30,2009-01-31,-125000000.0,1317000000.0,56000000.0,-0.8033419023136247,378000000.0,0.2870159453302961,2877000000.0,1924000000.0,1764000000.0,418000000.0,953000000.0,1120000000.0,1581000000.0,1145216000.0,925216000.0,12.36503856041131,4.220095693779904,0.049356969064998264,0.07380457380457381,0.01867269011509089,12.36503856041131,-0.06496881496881497,0.8695641609719058,-2.290432,0.5952266112266112,-0.184,0.8383928571428572,0.020083547557840614,0.45776850886339937,1.1196172248803828,-0.04344803614876608,8.008503496503497,0.2870159453302961,-6.020886889460154,-2.7673521850899743,-0.008936727009245965,0.40466838046272496,0.0647887323943662,-6.208333333333333,0.5555555555555556,-2.2987360754070267,-0.16009309725902204,-0.05325407766362335,Apparel Retail,Consumer Cyclical,FL
2009Q3,2009,Q3,2008-12-10,2008-11-01,24000000.0,1309000000.0,36000000.0,0.16,355000000.0,0.2711993888464477,3029000000.0,2163000000.0,1900000000.0,511000000.0,867000000.0,1262000000.0,1729000000.0,2252942000.0,2052942000.0,14.036340038935757,3.7181996086105675,0.04225817101353582,0.05917706888580675,0.010192645722981822,14.036340038935757,0.011095700416088766,1.721116883116883,23.46814583333333,1.041582061950994,0.9583333333333334,0.7559429477020603,0.010208873552892173,0.4321558270056124,0.7827788649706457,0.007923407065037967,160.92442857142856,0.2711993888464477,0.4545454545454546,-0.6440518306085282,0.008097485045821702,0.5760296224383493,-0.01662049861495845,0.3333333333333333,0.2857142857142857,-0.6337679192967967,-0.06367618429591178,0.12290720311486054,Apparel Retail,Consumer Cyclical,FL
2009Q2,2009,Q2,2008-09-10,2008-08-02,18000000.0,1302000000.0,28000000.0,0.11,361000000.0,0.2772657450076805,3265000000.0,2260000000.0,2080000000.0,629000000.0,1006000000.0,1401000000.0,1728000000.0,2325400000.0,2019400000.0,14.675324675324676,3.3068362480127185,0.03828483920367534,0.05530973451327434,0.007547169811320755,14.675324675324676,0.007964601769911504,1.7860215053763442,32.297222222222224,1.028938053097345,1.3333333333333333,0.6716630977872948,0.010320805022791778,0.39877488514548237,0.685214626391097,0.005513016845329249,49.47659574468085,0.2772657450076805,4.5,-0.5412337662337663,0.06378207722820375,0.7396169266974638,-0.01366120218579235,5.0,-0.2,-0.5866587957497049,0.008839933073061993,0.2050029126546277,Apparel Retail,Consumer Cyclical,FL
2009Q1,2009,Q1,2008-06-11,2008-05-03,3000000.0,1309000000.0,35000000.0,0.02,366000000.0,0.27960275019098546,3335000000.0,2264000000.0,2153000000.0,598000000.0,1072000000.0,1391000000.0,1734000000.0,2031698000.0000002,1753698000.0000002,14.72041612483745,3.600334448160535,0.0656671664167916,0.09673144876325088,0.0028191703584373733,14.72041612483745,0.001325088339222615,1.5520993124522537,169.30816666666666,0.8973931095406361,7.666666666666667,0.6779295470884256,0.011320580125589532,0.392503748125937,0.8394648829431438,0.0008995502248875562,61.56660606060607,0.27960275019098546,-0.9607850826454383,-0.9275716925603997,0.06463619050254091,0.8014316697437677,-0.029177718832891247,-0.9620253164556962,0.09375,-0.9478386619434106,-0.041347589462023784,0.2124994906862924,Apparel Retail,Consumer Cyclical,FL
2008Q4,2008,Q4,2008-03-31,2008-02-02,79000000.0,1482000000.0,32000000.0,0.51001,377000000.0,0.2543859649122807,3243000000.0,2271000000.0,2063000000.0,511000000.0,982000000.0,1281000000.0,1754000000.0,2159306000.0,1892306000.0,14.661071659134926,4.0371819960861055,0.06814677767499229,0.09731395860854249,0.10016051364365972,14.661071659134926,0.03478643769264641,1.457021592442645,6.833246835443037,0.95081726111845,0.24050632911392406,0.862607338017174,0.00879912342206246,0.4569842738205365,0.9647749510763209,0.024360160345359236,11.42489947089947,0.2543859649122807,3.3182272727272726,0.3492802373914127,0.188445965564221,0.9917924380158079,-0.010498687664041995,3.393939393939394,-0.3191489361702128,-0.1146517144079907,-0.037020837232384855,0.23777900073024374,Apparel Retail,Consumer Cyclical,FL
2008Q3,2008,Q3,2007-12-07,2007-11-03,-33000000.0,1356000000.0,47000000.0,-0.22,381000000.0,0.2809734513274336,3297000000.0,2223000000.0,2115000000.0,598000000.0,1074000000.0,1476000000.0,1694000000.0,2204160000.0,2232160000.0,14.47265625,3.536789297658863,0.07097361237488627,0.10526315789473684,0.01121356293770087,14.47265625,-0.014844804318488529,1.6254867256637169,-16.69818181818182,0.9915249662618083,-0.5757575757575758,0.6605691056910569,0.008620063879210221,0.41128298453139217,0.5551839464882943,-0.010009099181073703,-91.84,0.2809734513274336,-0.8333333333333334,-1.7194878472222221,0.18785574776785713,0.9386927083333332,0.26158940397350994,-0.8333333333333334,2.6785714285714284,-1.448558910472973,-0.0015041636163982677,0.2813899086676217,Apparel Retail,Consumer Cyclical,FL
2008Q2,2008,Q2,2007-09-11,2007-08-04,-18000000.0,1283000000.0,-28000000.0,-0.12,302000000.0,0.23538581449727203,3340000000.0,2243000000.0,2105000000.0,636000000.0,1097000000.0,1452000000.0,1746000000.0,2627240000.0,2653240000.0,14.564935064935066,3.309748427672956,0.0688622754491018,0.10254123941150245,-0.0070276224605044825,14.564935064935066,-0.008024966562639322,2.0477318784099765,-36.489444444444445,1.1713062862238073,-1.1111111111111112,0.6756198347107438,0.00761255157503692,0.3841317365269461,0.5707547169811321,-0.005389221556886228,-187.66,0.23538581449727203,-2.090909090909091,-1.5304985337243402,0.08036447423544199,0.9027728538870601,-0.16111111111111112,-2.0588235294117645,-2.037037037037037,-1.214950902755781,-0.009195378753738402,0.3295352347410459,Apparel Retail,Consumer Cyclical,FL
2008Q1,2008,Q1,2007-06-12,2007-05-05,17000000.0,1316000000.0,27000000.0,0.11,360000000.0,0.2735562310030395,3405000000.0,2295000000.0,2173000000.0,655000000.0,1110000000.0,1490000000.0,1784000000.0,3724488000.0,3762488000.0,14.825581395348838,3.317557251908397,0.06901615271659324,0.10239651416122005,0.0067193675889328066,14.825581395348838,0.007407407407407408,2.830158054711246,54.77188235294118,1.622870588235294,1.1176470588235294,0.6416107382550336,0.005101372322853504,0.3864904552129222,0.6381679389312978,0.00499265785609398,-232.7805,0.2735562310030395,-0.8491150442477876,-0.23071705426356598,0.09268899793755778,1.0244288045695635,-0.3258426966292135,-0.8495575221238938,-0.8383233532934131,-0.6714577950043066,0.029330126235887145,0.5045607691675569,Apparel Retail,Consumer Cyclical,FL
2007Q4,2007,Q4,2007-01-31,2007-01-31,113000000.0,1652000000.0,167000000.0,0.7290322580645161,534000000.0,0.32324455205811137,3249000000.0,2295000000.0,2034000000.0,516000000.0,954000000.0,1303000000.0,1785000000.0,3478200000.0,3491200000.0,14.806451612903226,3.941860465116279,0.07202216066481995,0.10196078431372549,0.04174563568354218,14.806451612903226,0.04923747276688453,2.10544794188862,7.695132743362833,1.5155555555555555,0.168141592920354,0.8580199539524175,0.005462595595422919,0.5084641428131733,1.054263565891473,0.034779932286857496,16.102777777777778,0.32324455205811137,0.7357910906298003,2.0497849462365587,0.38970087976539586,1.2478342872008326,0.26540284360189575,0.7384615384615385,0.776595744680851,0.6038709677419355,0.24796827392755239,0.6820129032258065,Apparel Retail,Consumer Cyclical,FL
2007Q3,2007,Q3,2006-10-31,2006-10-31,65000000.0,1430000000.0,94000000.0,0.42,422000000.0,0.2951048951048951,3271000000.0,2138000000.0,1948000000.0,599000000.0,1133000000.0,1473000000.0,1697000000.0,,,,,,,,,,,,,,,,,,,,,,,,,,,,,,,Apparel Retail,Consumer Cyclical,FL
2007Q2,2007,Q2,2006-07-31,2006-07-31,14000000.0,1303000000.0,44000000.0,0.09,361000000.0,0.27705295471987723,3333000000.0,2086000000.0,1982000000.0,691000000.0,1247000000.0,1477000000.0,1646000000.0,,,,,,,,,,,,,,,,,,,,,,,,,,,,,,,Apparel Retail,Consumer Cyclical,FL
2007Q1,2007,Q1,2006-04-30,2006-04-30,59000000.0,1365000000.0,93000000.0,0.38,419000000.0,0.306959706959707,3250000000.0,2071000000.0,1945000000.0,606000000.0,1179000000.0,1403000000.0,1646000000.0,,,,,,,,,,,,,,,,,,,,,,,,,,,,,,,Apparel Retail,Consumer Cyclical,FL
