Quarters,Year,Quarter,FillingDate,Date,NetIncome,Revenue,OperatingIncome,EPSDiluted,GrossProfit,GrossProfitRatio,TotalAssets,CommonStockEquity,CurrentAssets,CurrentLiability,TotalLiability,Inventory,RetainedEarnings,MarketCap,EnterpriseValue,bookValuePerShare,currentRatio,debtToAssets,debtToEquity,roic,shareholdersEquityPerShare,roe,priceToSalesRatio,peRatio,pbRatio,payoutRatio,inventoryTurnover,dividendYield,assetTurnover,quickRatio,returnOnAssets,priceToFreeCashFlowsRatio,grossProfitMargin,epsdilutedGrowth,fiveYNetIncomeGrowthPerShare,fiveYRevenueGrowthPerShare,fiveYShareholdersEquityGrowthPerShare,grossProfitGrowth,netIncomeGrowth,operatingIncomeGrowth,threeYNetIncomeGrowthPerShare,threeYRevenueGrowthPerShare,threeYShareholdersEquityGrowthPerShare,Industry,Sector,Symbol
2023Q1,2023,Q1,2023-05-11,2023-03-31,2817000.0,31919000.0,3518000.0,0.25,15052000.0,0.4715686582,113516000.0,68498000.0,63869000.0,28196000.0,45018000.0,24489000.0,35671000.0,223073819.45999998,228814819.45999998,6.368513003628113,2.26517945807916,0.18648472462031784,0.30904551957721393,0.030505116740655067,6.368513003628113,0.041125288329586264,6.988747124283342,19.79710857827476,3.2566471934947003,0.0,0.6887582179754176,0.0,0.2811850311850312,1.2916371116470422,0.02481588498537651,103.75526486511627,0.47156865816598265,-0.16666666666666663,6.098296575779164,0.6238526993112355,0.6511314973250952,0.004739336492890996,-0.1316276202219482,-0.12748015873015872,3.3420391665387967,1.7009905052098258,0.48728628181883055,Semiconductor Equipment & Materials,Technology,INTT
2022Q4,2022,Q4,2023-03-22,2022-12-31,3244000.0,32405000.0,4032000.0,0.3,14981000.0,0.4623051998,110066000.0,64956000.0,60051000.0,26869000.0,45110000.0,22565000.0,32854000.0,110474318.60000001,119532318.60000001,6.056129682251781,2.234954780602181,0.20435011720240584,0.3462651641110906,0.03593057339955007,6.056129682251781,0.04994149886076729,3.4091750840919612,8.513742185573367,1.7007561826467148,0.0,0.7721692887214713,0.0,0.29441426053458836,1.2895530164874018,0.029473225155815602,56.74079024139703,0.4623051998148434,0.30434782608695643,1.6828027183323322,0.6068899971344208,0.588947891586524,0.0779248812778817,0.28526148969889065,0.27635327635327633,3.2923981899388717,1.2802580796405285,0.38793621994774163,Semiconductor Equipment & Materials,Technology,INTT
2022Q3,2022,Q3,2022-11-14,2022-09-30,2524000.0,30771000.0,3159000.0,0.23,13898000.0,0.4516590296,106701000.0,60421000.0,57629000.0,27098000.0,46280000.0,21092000.0,29610000.0,81609465.21,95501465.21,5.649004423858299,2.126688316480921,0.21361561747312582,0.37723639132089837,0.02953246694368971,5.649004423858299,0.04177355555187766,2.6521551204055767,8.083346395602218,1.3506804788070375,0.0,0.7999715531955244,0.0,0.28838530098124665,1.237323787733412,0.02365488608354186,73.78794322784809,0.4516590296057977,0.15,0.20304853972297993,0.7057172159421764,0.3279929966559463,0.025834071449660465,0.19281663516068054,0.15799120234604105,2.8009699229258507,1.0490251117276688,0.3149822124622321,Semiconductor Equipment & Materials,Technology,INTT
2022Q2,2022,Q2,2022-08-11,2022-06-30,2116000.0,29571000.0,2728000.0,0.2,13548000.0,0.4581515674,106025000.0,58120000.0,55586000.0,26896000.0,47905000.0,17519000.0,27086000.0,72655287.76,86262287.76,5.4556029192169015,2.0667013682331947,0.22777646781419478,0.4155196145905024,0.025457776623671706,5.4556029192169015,0.036407432897453545,2.4569777065368097,8.584036833648392,1.2500909800412938,0.0,0.9146069981163308,0.0,0.278905918415468,1.3577111838191553,0.0199575571799104,-27.140563227493466,0.45815156741402047,2.759398496240602,0.4126394170857108,0.795478810463921,0.34718706330895527,0.2301825115772269,2.667244367417678,2.401496259351621,12.058179894722935,1.0135535289503825,0.2849417910994087,Semiconductor Equipment & Materials,Technology,INTT
2022Q1,2022,Q1,2022-05-16,2022-03-31,577000.0,24081000.0,802000.0,0.0532,11013000.0,0.4573315062,102934000.0,56001000.0,51269000.0,24147000.0,46933000.0,14913000.0,24970000.0,113923317.83,122249317.83,5.274519224384496,2.1232037106058725,0.24809100977325277,0.456009714112248,0.008041324142235764,5.274519224384496,0.010303387439510009,4.730838330218845,49.360189701039864,2.0343086343101016,0.0,0.8762824381412191,0.0,0.23394602366564984,1.428873151944341,0.005605533642916821,-36.39722614376997,0.45733150616668744,0.9925093632958799,-0.7315420181577685,0.6418910591263459,0.356286068093859,0.06446936013918422,1.0104529616724738,2.0727969348659006,-0.5040622705770879,0.3040741253860738,0.24157672934477967,Semiconductor Equipment & Materials,Technology,INTT
2021Q4,2021,Q4,2022-03-23,2021-12-31,287000.0,22358000.0,261000.0,0.0267,10346000.0,0.4627426425,103905000.0,54823000.0,52077000.0,25072000.0,49082000.0,12863000.0,24393000.0,132833891.52000001,138357891.52,5.249778893175048,2.077097957881302,0.25714835667195995,0.48736844025317844,0.0036002602326752346,5.249778893175048,0.005235029093628586,5.941224238303963,115.70896473867596,2.422959187202452,0.0,0.933841250097178,0.0,0.21517732544150908,1.5049058710912573,0.002762138491891632,57.90492219703575,0.4627426424546024,-0.8665,-0.7179243510440658,1.1413897414425642,0.427337470850017,-0.0047138047138047135,-0.8680459770114942,-0.8976069046684975,1.3597394190811778,0.20398513167538262,0.26922709387933125,Semiconductor Equipment & Materials,Technology,INTT
2021Q3,2021,Q3,2021-11-12,2021-09-30,2175000.0,21144000.0,2549000.0,0.2,10395000.0,0.4916288309,74729000.0,53716000.0,41132000.0,13544000.0,21013000.0,9359000.0,24106000.0,120496238.24000001,108292238.24000001,5.117667480803507,3.0369167158889545,0.08750284360823776,0.12173281703775411,0.03278143367022069,5.117667480803507,0.04049072901928662,5.698838357926599,13.850142326436783,2.2432094392732145,0.0,1.1485201410407095,0.0,0.28294236507915266,2.2869905493207323,0.029105166668896947,29.05624264287437,0.49162883087400683,-0.1666666666666666,0.957355436297619,0.9163570321668637,0.42417169529036464,-0.05172413793103448,-0.16634725948639326,-0.1601317957166392,4.791431997870966,0.03480153257272339,0.21827378413445325,Semiconductor Equipment & Materials,Technology,INTT
2021Q2,2021,Q2,2021-08-12,2021-06-30,2609000.0,21820000.0,3035000.0,0.24,10962000.0,0.5023831347,70687000.0,51221000.0,36687000.0,11717000.0,19466000.0,8702000.0,21931000.0,175127701.32,167120701.32,4.9048560765977625,3.131091576342067,0.09362400441382432,0.1292048183362293,0.040198452647558294,4.9048560765977625,0.05093613947404385,8.026017475710358,16.781113579915676,3.419060567345425,0.0,1.2477591358308435,0.0,0.3086847652326453,2.343347273192797,0.0369091912232801,42.465494985451016,0.5023831347387717,0.14285714285714285,4.292788733352652,1.051790717419156,0.40509162696225925,0.15134964814620314,0.1794755877034358,0.17635658914728683,-0.3562437611433431,0.02437455768162911,0.1557862620520507,Semiconductor Equipment & Materials,Technology,INTT
2021Q1,2021,Q1,2021-05-13,2021-03-31,2212000.0,19556000.0,2580000.0,0.21,9521000.0,0.4868582532,67126000.0,47849000.0,32456000.0,11171000.0,19277000.0,8212000.0,19322000.0,121985490.0,118703490.0,4.63249104463162,2.90538000179035,0.10298543038464976,0.14447532863800705,0.03589324781451859,4.63249104463162,0.046228761311626156,6.237752607895275,13.78678684448463,2.5493843131517897,0.0,1.2219922065270337,0.0,0.291332717575902,2.1199534508996507,0.032952954145934514,-168.25584827586206,0.4868582532215177,6.675675675675676,26.46991868752607,1.2749499151109933,0.3489037036523327,0.4168154761904762,6.821052631578947,2.2209737827715355,4.804088023705139,0.035998096004803616,0.20104204396068365,Semiconductor Equipment & Materials,Technology,INTT
2020Q4,2020,Q4,2021-03-23,2020-12-31,-380000.0,14875000.0,801000.0,-0.037,6720000.0,0.4517647059,62030000.0,44752000.0,26964000.0,8856000.0,17278000.0,7476000.0,17110000.0,66735641.699999996,63723641.699999996,4.352037343187786,3.0447154471544717,0.11712074802514912,0.16233911333571685,0.011309343959960213,4.352037343187786,-0.008491240614944584,4.486429694117647,-43.90502743421052,1.4912326085984982,0.0,1.0908239700374531,0.0,0.2398033209737224,2.1129177958446252,-0.006126068031597614,93.99386154929577,0.45176470588235296,-1.925,-12.73799651675758,0.909921387475347,0.2698136515322025,0.04186046511627907,-1.8296943231441047,0.8758782201405152,0.9165738381721078,-0.23062978911399015,0.1418448618809738,Semiconductor Equipment & Materials,Technology,INTT
2020Q3,2020,Q3,2020-11-12,2020-09-30,458000.0,14443000.0,427000.0,0.04,6450000.0,0.4465831199,62789000.0,44823000.0,26642000.0,9284000.0,17966000.0,6924000.0,17490000.0,46215000.0,44090000.0,4.36445959104187,2.8696682464454977,0.11702686776346176,0.16393369475492492,0.007588393280745213,4.36445959104187,0.010217968453695648,3.1998199819982,25.226528384279476,1.031055484907302,0.0,1.1543905257076834,0.0,0.23002436732548695,2.0471779405428694,0.007294271289557088,23.235294117647058,0.4465831198504466,1.0,0.506766341049722,0.600553204307346,0.26714019726612,0.0631283995384869,1.6941176470588235,1.1243781094527363,-0.7726448333064735,-0.16618753319210283,0.02601650418478514,Semiconductor Equipment & Materials,Technology,INTT
2020Q2,2020,Q2,2020-08-12,2020-06-30,170000.0,13275000.0,201000.0,0.02,6067000.0,0.4570244821,59858000.0,44179000.0,25256000.0,8790000.0,15679000.0,7930000.0,17032000.0,34549240.0,32745240.0,4.309305501365587,2.873265073947668,0.09388887032643924,0.12720976029335204,0.0033692652605678526,4.309305501365587,0.003847982072930578,2.602579284369115,50.80770588235294,0.7820285656080943,0.0,0.908953341740227,0.0,0.22177486718567277,1.9204778156996587,0.002840054796351365,383.88044444444444,0.45702448210922786,1.1818181818181819,-0.8392147512319187,0.173100721916705,0.2632844524466836,0.24655845490034928,1.1487314085739282,1.1476855253490081,-0.8820660531087191,-0.16242625048181594,0.06412448069427036,Semiconductor Equipment & Materials,Technology,INTT
2020Q1,2020,Q1,2020-05-13,2020-03-31,-1143000.0,11230000.0,-1361000.0,-0.11,4867000.0,0.4333926981,59059000.0,43766000.0,23776000.0,8016000.0,15293000.0,7720000.0,16862000.0,27187860.0,25816860.0,4.281968496233246,2.9660678642714573,0.10069591425523629,0.1358817346798885,-0.020063654342757368,4.281968496233246,-0.026116163231732395,2.4210026714158506,-5.946601049868767,0.6212096147694557,0.0,0.8242227979274611,0.0,0.1901488342166308,1.9174151696606787,-0.019353527828104098,-136.6224120603015,0.4333926981300089,-2.571428571428571,-3.6718862454817036,0.12859121233845477,0.29860029307331604,-0.2471771075019335,-2.5787292817679557,-3.283557046979866,-1.5524160047549729,-0.20463021112124455,0.10106228992570812,Semiconductor Equipment & Materials,Technology,INTT
2019Q4,2019,Q4,2020-03-23,2019-12-31,724000.0,13614000.0,596000.0,0.07,6465000.0,0.4748788012,59715000.0,44834000.0,24895000.0,8361000.0,14881000.0,7182000.0,18005000.0,61136250.0,58620250.0,4.363406326034063,2.977514651357493,0.08533869212090764,0.11366373734219566,0.012101574429685989,4.363406326034063,0.016148458758977562,4.490689731159101,21.110583563535915,1.363613552214837,0.0,0.995405179615706,0.0,0.2279829188646069,2.0222461428058844,0.012124256886879344,117.79624277456648,0.4748788012340238,0.16666666666666682,-0.2318214685309363,0.40463328236229307,0.32738050333700336,-0.10270645385149202,0.11901081916537867,-0.26054590570719605,-0.2767936686184862,0.32522147940969137,0.1863458397817817,Semiconductor Equipment & Materials,Technology,INTT
2019Q3,2019,Q3,2019-11-13,2019-09-30,647000.0,14632000.0,806000.0,0.06,7205000.0,0.4924138874,61305000.0,44769000.0,25874000.0,9596000.0,16536000.0,7721000.0,17281000.0,48459430.95,45846430.95,4.295878963473466,2.696331804918716,0.08827991191583068,0.12088722106814984,0.01181404740761402,4.295878963473466,0.014451964529026782,3.3118801906779662,18.72466420015456,1.0824327313542854,0.0,0.9619220308250227,0.0,0.2386754750835984,1.7974155898290956,0.010553788434874806,68.7367814893617,0.49241388737014763,4.333333333333334,-0.2255461174695358,0.35811960163461287,0.33894361794759437,0.07233219229051942,4.459893048128342,3.741496598639456,-0.41356354534877293,0.335670120755467,0.1954800207557925,Semiconductor Equipment & Materials,Technology,INTT
2019Q2,2019,Q2,2019-08-13,2019-06-30,-187000.0,14352000.0,-294000.0,-0.018,6719000.0,0.468157748,60796000.0,44203000.0,24493000.0,9116000.0,16593000.0,7183000.0,16634000.0,48723480.0,46991480.0,4.245797713956392,2.6868143922773147,0.09642081715902362,0.1326154333416284,-0.003276771505712804,4.245797713956392,-0.004230482093975522,3.394891304347826,-65.1383422459893,1.1022663620116282,0.0,1.0626479186969233,0.0,0.23606816237910389,1.8391838525669153,-0.0030758602539640765,-76.97232227488152,0.4681577480490524,-1.1636363636363636,-1.138148125314143,0.16566815928842352,0.3487563762155796,-0.23958804889090085,-1.1643233743409491,-1.2040249826509368,-1.3805234492008096,0.35369267319189873,0.2162915128375675,Semiconductor Equipment & Materials,Technology,INTT
2019Q1,2019,Q1,2019-05-15,2019-03-31,1138000.0,18062000.0,1441000.0,0.11,8836000.0,0.4892038534,61442000.0,44118000.0,26261000.0,11546000.0,17324000.0,7146000.0,16821000.0,69267950.0,65444950.0,4.248242657679345,2.274467347999307,0.07109143582565672,0.09900720794233646,0.021221740999145002,4.248242657679345,0.025794460310984178,3.83500996567379,15.217036467486817,1.5700609728455506,0.0,1.2910719283515253,0.0,0.29396829530288726,1.5894682141001213,0.018521532502197194,-7.20340578202995,0.4892038533938656,2.4397905759162306,2.9824693361525334,1.0549793285878033,0.4026757999974304,-0.018658374055975122,2.436868686868687,-0.39069767441860465,13.056146983124997,1.0898226201500139,0.23701701735576475,Semiconductor Equipment & Materials,Technology,INTT
2018Q4,2018,Q4,2019-03-26,2018-12-31,-792000.0,18435000.0,2365000.0,-0.0764,9004000.0,0.4884187686,67187000.0,42880000.0,35621000.0,21418000.0,24307000.0,6520000.0,15683000.0,63549710.0,45688710.0,4.136201408314845,1.6631338126809225,0.0,0.0,0.0878911528874741,4.136201408314845,-0.018470149253731343,3.4472313534038515,-20.05988320707071,1.4820361473880599,0.0,1.4464723926380367,0.0,0.2743834372720913,1.3271080399663835,-0.011787994701355917,17.363308743169398,0.48841876864659617,-0.39670932358318095,-2.1457230618943726,0.9769213310187774,0.378069864698432,-0.10780816488307571,-0.3992932862190813,-0.2780830280830281,-25.266229381691907,1.347839456331036,0.2068382230189619,Semiconductor Equipment & Materials,Technology,INTT
2018Q3,2018,Q3,2018-11-13,2018-09-30,-566000.0,20160000.0,3276000.0,-0.0547,10092000.0,0.5005952381,65481000.0,43503000.0,33456000.0,19583000.0,21978000.0,7104000.0,16475000.0,80155440.0,65953440.0,4.200753186558517,1.7084205688607466,0.0,0.0,-0.26310318317766085,4.200753186558517,-0.013010596970323886,3.975964285714286,-35.40434628975265,1.8425267222950141,0.0,1.4172297297297298,0.0,0.30787556695835433,1.3058264821528878,-0.00864372871519983,22.868884450784595,0.5005952380952381,-1.1402564102564101,-1.520319027926903,1.040492994838302,0.43500726921413335,-0.07497708524289642,-1.1410064773293473,-0.2747398715961922,-2.8466103489951284,1.2155503980074007,0.21961106763537824,Semiconductor Equipment & Materials,Technology,INTT
2018Q2,2018,Q2,2018-08-13,2018-06-30,4014000.0,21097000.0,4517000.0,0.39,10910000.0,0.5171351377,62037000.0,43893000.0,29602000.0,15680000.0,18144000.0,6859000.0,17041000.0,75503900.0,64790900.0,4.243739727351832,1.8878826530612245,0.0,0.0,0.09396681569521978,4.243739727351832,0.09144966167726061,3.5788927335640137,4.702534877927254,1.720180894447862,0.0,1.485201924478787,0.0,0.34007124780373005,1.4227678571428573,0.06470332221093864,159.96588983050847,0.5171351376973029,8.75,3.0132149235364585,0.8859112474225355,0.5088981677725548,0.16125598722724854,9.535433070866143,3.980154355016538,2.7630216893873474,0.8479216260581964,0.24406367014244393,Semiconductor Equipment & Materials,Technology,INTT
2018Q1,2018,Q1,2018-05-14,2018-03-31,381000.0,18871000.0,907000.0,0.04,9395000.0,0.4978538498,65433000.0,39828000.0,33287000.0,15638000.0,25605000.0,6668000.0,13027000.0,68667900.0,54229900.0,3.8570598489250436,2.128597007289935,0.0,0.0,0.008835523300088547,3.8570598489250436,0.009566134377824645,3.6388055746913253,45.05767716535433,1.7241111780656826,0.0,1.421115776844631,0.0,0.2884018767288677,1.6601867246450952,0.005822749988537893,61.80729072907291,0.49785384982247893,1.0909090909090908,0.30492088066033624,1.1032907079859675,0.41715078307357323,-0.03591585428424833,1.083442838370565,-0.6958417169684775,-0.11842761588648416,0.8772109995459373,0.16973748280060805,Semiconductor Equipment & Materials,Technology,INTT
2017Q4,2017,Q4,2018-03-28,2017-12-31,-4566000.0,19381000.0,2982000.0,-0.44,9745000.0,0.5028120324,62493000.0,39288000.0,30999000.0,14419000.0,23205000.0,4966000.0,12646000.0,89164200.0,75874200.0,3.8114086146682187,2.149871697066371,0.0,0.0,0.0768264557132927,3.8114086146682187,-0.11621869273060477,4.60059852432795,-4.881964520367937,2.2695021380574225,0.0,1.9403946838501813,0.0,0.3101307346422799,1.7654483667383314,-0.07306418318851711,51.12626146788991,0.5028120324028688,-3.3157894736842106,-23.723029207860577,1.3442128863882388,0.41263243083551415,0.1078899499772624,-3.2626362735381567,0.08792411528639182,-5.829108100332491,0.9932455841721698,0.15945871352293492,Semiconductor Equipment & Materials,Technology,INTT
2017Q3,2017,Q3,2017-11-14,2017-09-30,2018000.0,17352000.0,2741000.0,0.19,8796000.0,0.5069156293,60214000.0,43763000.0,28471000.0,8867000.0,16451000.0,6033000.0,17212000.0,85390400.0,73891400.0,4.253790824261276,3.210894327280929,0.0,0.0,0.04448892153194397,4.253790824261276,0.046112012430592056,4.921069617335178,10.578592666005948,1.9512007860521445,0.0,1.4181999005469916,0.0,0.2881721858703956,2.4499830833427314,0.03351380077722789,54.113054499366285,0.5069156293222683,0.35714285714285704,2.0432923373119225,0.6090020143274025,0.5440806550699292,0.04453152832205201,0.3965397923875433,0.2011393514460999,1.446847169499304,0.6314668940840643,0.3258255469151909,Semiconductor Equipment & Materials,Technology,INTT
2017Q2,2017,Q2,2017-08-14,2017-06-30,1445000.0,15888000.0,2282000.0,0.14,8421000.0,0.5300226586,56704000.0,41618000.0,26375000.0,9732000.0,15086000.0,6212000.0,15194000.0,68342050.0,60746050.0,4.049625377055561,2.71013152486642,0.0,0.0,0.033917938069473366,4.049625377055561,0.034720553606612525,4.3014885448136955,11.823884083044984,1.6421272045749438,0.0,1.2020283322601417,0.0,0.2801918735891648,2.0071927661323468,0.025483211060948082,15.934262065749593,0.5300226586102719,-0.3,0.08289219212520814,0.16995890325892635,0.5083327698618342,0.08967391304347826,-0.3046198267564966,-0.2711593740019163,0.08142729373509282,0.307247527534921,0.28643859565755253,Semiconductor Equipment & Materials,Technology,INTT
2017Q1,2017,Q1,2017-05-12,2017-03-31,2078000.0,14180000.0,3131000.0,0.2,7728000.0,0.5449929478,46353000.0,39920000.0,41567000.0,6433000.0,6433000.0,3921000.0,13749000.0,65696000.0,38241000.0,3.888943010228933,6.461526503963936,0.0,0.0,0.05138127768778414,3.888943010228933,0.052054108216432866,4.633004231311706,7.903753609239654,1.6456913827655313,0.0,1.645498597296608,0.0,0.3059133173688866,5.793875330327996,0.04482989234785235,-58.97307001795332,0.5449929478138222,1.0,49.04365000056639,0.31369619735476,0.5130425756343663,0.4297872340425532,1.075924075924076,0.9386996904024768,6.357042567758593,0.6321700247521614,0.2840430002642798,Semiconductor Equipment & Materials,Technology,INTT
2016Q4,2016,Q4,2017-03-27,2016-12-31,1001000.0,10272000.0,1615000.0,0.1,5405000.0,0.5261876947,42844000.0,37788000.0,38006000.0,5056000.0,5056000.0,3676000.0,11671000.0,47260400.0,18649400.0,3.6780221919408214,7.517009493670886,0.0,0.0,0.026522736464752516,3.6780221919408214,0.026489890970678522,4.600895638629283,11.803296703296702,1.2506721710595956,0.0,1.323993471164309,0.0,0.23975352441415368,6.722310126582278,0.023363831575016338,18.98008032128514,0.5261876947040498,-0.09090909090909087,0.29296282053781025,0.012114612615042247,0.4326743678493822,-0.030840953917876994,-0.081651376146789,-0.052230046948356805,0.4611745120124767,0.11151363200007008,0.22541700561693293,Semiconductor Equipment & Materials,Technology,INTT
2016Q3,2016,Q3,2016-11-14,2016-09-30,1090000.0,10823000.0,1704000.0,0.11,5577000.0,0.5152915088,42032000.0,36998000.0,36862000.0,5034000.0,5034000.0,3397000.0,10670000.0,41184000.0,14839000.0,3.5934343434343434,7.322606277314263,0.0,0.0,0.029170036328109696,3.5934343434343434,0.029461051948753987,3.805229603621916,9.445871559633026,1.113141250878426,0.0,1.5443037974683544,0.0,0.2574942900647126,6.557012316249503,0.02593262276360868,28.840336134453782,0.5152915088238011,1.2,-0.7919692398332403,-0.08364004704809211,0.4382770042510717,0.046537811972227436,1.242798353909465,1.3310533515731875,0.007867132867132868,0.10183292717383634,0.22754281798130763,Semiconductor Equipment & Materials,Technology,INTT
2016Q2,2016,Q2,2016-08-12,2016-06-30,486000.0,10485000.0,731000.0,0.05,5329000.0,0.5082498808,40607000.0,35941000.0,35354000.0,4666000.0,4666000.0,3314000.0,9580000.0,39227760.0,14224760.0,3.490773115773116,7.576939562794685,0.0,0.0,0.013197196161384355,3.490773115773116,0.013522161319941014,3.741321888412017,20.178888888888892,1.0914487632508834,0.0,1.5558237779118889,0.0,0.25820671312827836,6.803257608229747,0.01196837983598887,101.10247422680412,0.5082498807820697,4.0,-0.8196050788194856,-0.2512412495566028,0.7452339924392217,0.31030243422670273,5.0,6.614583333333333,-0.5118769565429586,-0.05844222634203019,0.24117441146339708,Semiconductor Equipment & Materials,Technology,INTT
2016Q1,2016,Q1,2016-05-13,2016-03-31,81000.0,8647000.0,96000.0,0.01,4067000.0,0.4703365329,39906000.0,35682000.0,34352000.0,4224000.0,4224000.0,3454000.0,9094000.0,40521000.0,15570000.0,3.434263715110683,8.132575757575758,0.0,0.0,0.0017574597113209694,3.434263715110683,0.0022700521271229192,4.686133919278363,125.06481481481481,1.1356145955944175,0.0,1.325998841922409,0.0,0.21668420788853807,7.170217803030303,0.0020297699594046007,-113.50420168067227,0.4703365329015844,2.2258064516129035,-0.937559477283325,-0.28410729864077466,0.975618630322733,0.12628080864026586,1.4545454545454546,1.6037735849056605,-0.7242847442878425,-0.04217444333857099,0.2618081398209707,Semiconductor Equipment & Materials,Technology,INTT
2015Q4,2015,Q4,2016-03-29,2015-12-31,33000.0,7939000.0,-159000.0,0.0031,3611000.0,0.4548431792,39984000.0,35925000.0,34823000.0,4059000.0,4059000.0,3520000.0,9013000.0,44337811.8,18627811.799999997,3.4273039496279334,8.57920670115792,0.0,0.0,0.0009484044139576495,3.4273039496279334,0.000918580375782881,5.584810656253936,335.8925136363636,1.2341770855949896,0.0,1.2295454545454545,0.0,0.1985544217687075,7.416851441241685,0.0008253301320528211,84.45297485714285,0.4548431792417181,-0.8966666666666667,-0.9755055414050494,-0.24577169385188793,1.1426498065237658,-0.1647004395095998,-0.8935483870967742,-1.3965087281795512,-0.8384992609932593,-0.05568492264161258,0.27027070541386133,Semiconductor Equipment & Materials,Technology,INTT
2015Q3,2015,Q3,2015-11-13,2015-09-30,310000.0,9203000.0,401000.0,0.03,4323000.0,0.4697381289,40973000.0,36076000.0,35732000.0,4897000.0,4897000.0,3802000.0,8980000.0,43990800.0,18607800.0,3.4443383616574375,7.296712272820094,0.0,0.0,0.008466292699577986,3.4443383616574375,0.008592970395831023,4.780049983700967,35.476451612903226,1.2193923938352367,0.0,1.2835349815886377,0.0,0.22461132941205184,6.314478251991015,0.007565958069948503,23.080167890870936,0.46973812887102034,-0.7000000000000001,-0.8230341559768977,-0.22020836919152056,1.3398445317904644,-0.2605200136845707,-0.7129629629629629,-0.7551892551892552,-0.5407992481670045,-0.1617861030456659,0.25025805298597376,Semiconductor Equipment & Materials,Technology,INTT
2015Q2,2015,Q2,2015-08-14,2015-06-30,1080000.0,11559000.0,1638000.0,0.1,5846000.0,0.5057530928,41072000.0,35722000.0,35779000.0,5350000.0,5350000.0,4019000.0,8670000.0,45657920.0,22191920.0,3.4111917494270436,6.687663551401869,0.0,0.0,0.029850767424109814,3.4111917494270436,0.030233469570572755,3.949988753352366,10.568962962962964,1.278145680533005,0.0,1.4214978850460314,0.0,0.2814326061550448,5.765607476635514,0.02629528632645111,50.17353846153846,0.5057530928280993,1.5,-0.674230111466074,-0.2761674869864543,1.6564704859205797,0.1886945912972753,1.4657534246575343,1.401759530791789,-0.20571226991546243,-0.1646694549947262,0.27054031444364296,Semiconductor Equipment & Materials,Technology,INTT
2015Q1,2015,Q1,2015-05-14,2015-03-31,438000.0,10188000.0,682000.0,0.04,4918000.0,0.4827247742,39745000.0,34507000.0,34205000.0,5238000.0,5238000.0,4165000.0,7590000.0,42906500.0,20421500.0,3.297372193024367,6.53016418480336,0.0,0.0,0.012901159992721838,3.297372193024367,0.012693076767032775,4.21147428347075,24.49001141552511,1.243414379691077,0.0,1.2653061224489797,0.0,0.25633413007925526,5.525391370752195,0.011020254120015097,-97.07352941176471,0.4827247742442089,-0.5555555555555556,-0.6238803892385374,0.020935402914441684,2.399777169303807,-0.0216829122737219,-0.543274244004171,-0.4239864864864865,10.93308799431105,-0.07417827135488049,0.2828844502570975,Semiconductor Equipment & Materials,Technology,INTT
2014Q4,2014,Q4,2015-03-26,2014-12-31,959000.0,9862000.0,1184000.0,0.09,5027000.0,0.5097343338,38738000.0,34368000.0,32931000.0,4370000.0,4370000.0,3769000.0,7152000.0,44433750.0,21307750.0,3.2872309899569583,7.535697940503432,0.0,0.0,0.028093686264077326,3.2872309899569583,0.027903864059590316,4.505551612249037,11.583355057351408,1.2928814594972067,0.0,1.2828336428760945,0.0,0.25458206412308326,6.443935926773455,0.024756053487531623,14.582786347226781,0.5097343338065301,0.12499999999999993,5.455087194616767,0.1191029685576028,2.8223527208098536,-0.02728328173374613,0.14575866188769415,-0.0778816199376947,0.2172676789933202,-0.045105906926729486,0.28045219271131017,Semiconductor Equipment & Materials,Technology,INTT
2014Q3,2014,Q3,2014-11-13,2014-09-30,837000.0,10794000.0,1284000.0,0.08,5168000.0,0.4787845099,38383000.0,33499000.0,32602000.0,4884000.0,4884000.0,3786000.0,6193000.0,49699160.0,29552160.0,3.208409156211091,6.6752661752661755,0.0,0.0,0.025301098964016347,3.208409156211091,0.024985820472252902,4.604332036316472,14.844432497013141,1.483601301531389,0.0,1.486001056524036,0.0,0.28121824766172526,5.670761670761671,0.021806528932079305,75.87658015267175,0.4787845099129146,-0.38461538461538464,3.8787133333654884,0.717504829624637,2.712269213143132,-0.1502795133179875,-0.3831982313927782,-0.37181996086105673,-0.8424737428496326,-0.09878731774313912,0.2841701471569716,Semiconductor Equipment & Materials,Technology,INTT
2014Q2,2014,Q2,2014-08-13,2014-06-30,1357000.0,12343000.0,2044000.0,0.13,6082000.0,0.4927489265,38395000.0,32855000.0,32211000.0,5540000.0,5540000.0,3873000.0,5356000.0,40599930.0,20983930.0,3.1479352304302,5.814259927797834,0.0,0.0,0.041101609458929406,3.1479352304302,0.04130269365393395,3.2893081098598396,7.479721812822403,1.2357306346066048,0.0,1.616576297443842,0.0,0.3214741502799844,4.938628158844765,0.0353431436384946,52.93341590612777,0.4927489265170542,3.3333333333333335,1.6642934463239232,1.5245142613467826,2.5847301140108736,0.45328554360812423,3.7447552447552446,4.0594059405940595,-0.5031094524820883,-0.13046502438370733,0.5738300336162142,Semiconductor Equipment & Materials,Technology,INTT
2014Q1,2014,Q1,2014-05-14,2014-03-31,286000.0,8797000.0,404000.0,0.03,4185000.0,0.4757303626,35935000.0,31480000.0,29513000.0,4455000.0,4455000.0,3803000.0,3999000.0,41679940.0,22826940.0,3.0286703867615934,6.624691358024691,0.0,0.0,0.008930398785619109,3.0286703867615934,0.009085133418043201,4.737972035921337,36.433513986013985,1.32401334180432,0.0,1.2127267946358138,0.0,0.24480311673855573,5.553759820426487,0.007958814526227912,-243.74233918128655,0.47573036262362167,-0.5714285714285715,1.0994465554083799,0.9174366639938197,1.884955297580688,-0.10748560460652591,-0.5867052023121387,-0.6046966731898239,-0.7796158385850475,-0.2719689487441556,0.7422941677034602,Semiconductor Equipment & Materials,Technology,INTT
2013Q4,2013,Q4,2014-03-27,2013-12-31,692000.0,9335000.0,1022000.0,0.07,4689000.0,0.5023031601,35481000.0,31149000.0,29081000.0,4332000.0,4332000.0,3243000.0,3713000.0,39436400.0,20418400.0,3.001445365195606,6.713065558633426,0.0,0.0,0.021894454293828282,3.001445365195606,0.022215801470352178,4.224574183181574,14.247254335260116,1.2660566952390124,0.0,1.4326241134751774,0.0,0.263098559792565,5.716989843028625,0.01950339618387306,17.550689808633734,0.5023031601499732,-0.3,1.1502777707064105,0.31131786994788774,1.2191548589406427,-0.014087468460891506,-0.3651376146788991,-0.05979760809567617,-0.48121132356134416,-0.10426027152850731,0.8764155223893028,Semiconductor Equipment & Materials,Technology,INTT
2013Q3,2013,Q3,2013-11-13,2013-09-30,1090000.0,9900000.0,1087000.0,0.1,4756000.0,0.4804040404,35498000.0,30377000.0,29152000.0,5121000.0,5121000.0,3484000.0,3021000.0,41092920.0,24341920.0,2.9273393080851884,5.6926381566100375,0.0,0.0,0.035012729618204834,2.9273393080851884,0.035882411034664385,4.1508,9.424981651376147,1.3527642624353953,0.0,1.4764638346727899,0.0,0.2788889514902248,4.71568053114626,0.030705955265085356,62.929433384379784,0.4804040404040404,0.0,1.4819499123818292,-0.027416366936364855,0.5941232027766097,-0.12973467520585544,0.08673978065802593,-0.2699798522498321,-0.3719488593493702,-0.1533087041362399,0.9886312416246984,Semiconductor Equipment & Materials,Technology,INTT
2013Q2,2013,Q2,2013-08-12,2013-06-30,1003000.0,11218000.0,1489000.0,0.1,5465000.0,0.4871634873,34178000.0,29171000.0,27796000.0,5007000.0,5007000.0,3360000.0,1931000.0,39413600.0,23381600.0,2.812475896644813,5.551428000798881,0.0,0.0,0.03442970843928263,2.812475896644813,0.034383463028350075,3.5134248529149583,9.823928215353938,1.3511226903431488,0.0,1.712202380952381,0.0,0.32822283340160335,4.646494907130018,0.029346363157586753,63.16282051282051,0.4871634872526297,2.3333333333333335,1.664445979141166,-0.1228588283279587,0.343345881277538,0.3313032886723508,2.434931506849315,3.090659340659341,-0.6945393706394839,-0.29074830203709057,1.1902196536019605,Semiconductor Equipment & Materials,Technology,INTT
2013Q1,2013,Q1,2013-05-15,2013-03-31,292000.0,8973000.0,364000.0,0.03,4105000.0,0.4574835618,32603000.0,28107000.0,26068000.0,4496000.0,4496000.0,3418000.0,928000.0,30464650.0,15080650.0,2.721700397017527,5.798042704626335,0.0,0.0,0.01022040291973049,2.721700397017527,0.010388871099726046,3.395146550763401,26.082748287671237,1.0838812395488668,0.0,1.4242246928028086,0.0,0.27522007177253627,4.708185053380783,0.008956231021685121,-171.1497191011236,0.4574835617965006,0.4999999999999999,1.1984751448158053,-0.2845614805108617,0.21325139532127044,0.1705161106358711,0.4527363184079602,2.752577319587629,-0.7459028613267031,-0.08880348260938564,1.8062269982868495,Semiconductor Equipment & Materials,Technology,INTT
2012Q4,2012,Q4,2013-03-29,2012-12-31,201000.0,8270000.0,97000.0,0.02,3507000.0,0.4240628779,32399000.0,27820000.0,25579000.0,4579000.0,4579000.0,3135000.0,636000.0,28458359.999999996,12882359.999999996,2.6980894190670157,5.586154182135838,0.0,0.0,0.005939209689407693,2.6980894190670157,0.007225017972681524,3.4411559854897216,35.39597014925373,1.0229460819554277,0.0,1.5192982456140351,0.0,0.2552547918145622,4.602970080803669,0.00620389518195006,17.030736086175942,0.4240628778718259,-0.6666666666666666,1.0434070194464127,-0.345782745009828,0.16766289780850377,-0.2635447291054179,-0.697289156626506,-0.9019211324570273,0.37183795235773087,-0.0484451888888823,2.137305976813671,Semiconductor Equipment & Materials,Technology,INTT
2012Q3,2012,Q3,2012-11-14,2012-09-30,664000.0,10799000.0,989000.0,0.06,4762000.0,0.4409667562,33668000.0,28381000.0,26246000.0,5287000.0,5287000.0,3843000.0,1269000.0,26991240.0,12291240.0,2.7549019607843137,4.964251938717609,0.0,0.0,0.022864208128997955,2.7549019607843137,0.023395933899439766,2.4994203166959905,10.162364457831325,0.951032028469751,0.0,1.5709081446786364,0.0,0.3207496732802661,4.08397957253641,0.01972199120826898,9.103284991568296,0.4409667561811279,-0.5384615384615385,3.3572700292438205,-0.2633008686175295,0.004843948557735597,-0.23119147562156925,-0.5022488755622189,-0.504012036108325,3.3145234801093313,0.7414846252590956,2.1875416246238877,Semiconductor Equipment & Materials,Technology,INTT
2012Q2,2012,Q2,2012-08-10,2012-06-30,1334000.0,13576000.0,1994000.0,0.13,6194000.0,0.456246317,33767000.0,27584000.0,26141000.0,6183000.0,6183000.0,4449000.0,605000.0,34828860.0,23129860.0,2.6848355071053143,4.2278829047388,0.0,0.0,0.04836136890951276,2.6848355071053143,0.04836136890951276,2.5654728933411906,6.527147676161919,1.262647186774942,0.0,1.6592492694987637,0.0,0.4020493381111736,3.3913957625748017,0.0395060265940119,21.172559270516718,0.45624631703005303,31.952380952380956,2.0992462802812515,0.007213424430591866,-0.006055625199119401,0.3476936466492602,32.02325581395349,6.250909090909091,1.6633948135632843,1.8207529488254697,2.057372528014432,Semiconductor Equipment & Materials,Technology,INTT
2012Q1,2012,Q1,2012-05-15,2012-03-31,-43000.0,10731000.0,275000.0,-0.0042,4596000.0,0.4282918647,31868000.0,26230000.0,23558000.0,5638000.0,5638000.0,4740000.0,-729000.0,36228154.699999996,26127154.699999996,2.570279959635924,4.178432068109259,0.0,0.0,0.006349572846917572,2.570279959635924,-0.001639344262295082,3.376027835243686,-210.62880639534882,1.381172500953107,0.0,1.2943037974683544,0.0,0.33673277268733526,3.200248315005321,-0.0013493159282038408,-540.7187268656716,0.42829186469108194,-1.0557029177718833,0.9683249445320697,-0.2035218995835801,-0.08661202280114745,-0.056069008009858284,-1.0559167750325098,-0.7667514843087362,0.9847715038023175,1.3822727458853712,1.4483162044403843,Semiconductor Equipment & Materials,Technology,INTT
2011Q4,2011,Q4,2012-03-30,2011-12-31,769000.0,10081000.0,1179000.0,0.0754,4869000.0,0.4829877988,31237000.0,26199000.0,24797000.0,5038000.0,5038000.0,3896000.0,-686000.0,28370216.919999998,14413216.919999998,2.5672422669653665,4.921992854307264,0.0,0.0,0.029105400211893118,2.5672422669653665,0.029352265353639453,2.814226457692689,9.223087425227568,1.0828740379403794,0.0,1.337782340862423,0.0,0.32272625412171463,3.998809051210798,0.024618241188334347,14.783854570088586,0.48298779882948123,-0.8492,7.538978368233615,-0.31095859421659827,-0.1214668588719627,-0.20609815750856025,-0.8516016981860286,-0.5118012422360249,1.1698285865535765,0.4401014175325917,0.8981215573259983,Semiconductor Equipment & Materials,Technology,INTT
2011Q3,2011,Q3,2011-11-14,2011-09-30,5182000.0,11681000.0,2415000.0,0.5,6133000.0,0.5250406643,31227000.0,25441000.0,24404000.0,5786000.0,5786000.0,4674000.0,-1455000.0,26882578.8,14818578.8,2.4984299497338402,4.217767023850674,0.0,0.0,0.20326612115992895,2.4984299497338402,0.2036869619904878,2.301393613560483,1.2969210150521036,1.0566636059903307,0.0,1.1869918699186992,0.0,0.37406731354276745,3.2630487383339095,0.16594613635635827,8.276656034482759,0.5250406643266844,0.923076923076923,8.069600185534506,-0.3730732324697897,-0.1459072312263953,-0.09782288908502501,0.951789077212806,-0.11311053984575835,3.33495025441653,0.1694363856558779,0.36055466559082255,Semiconductor Equipment & Materials,Technology,INTT
2011Q2,2011,Q2,2011-08-12,2011-06-30,2655000.0,13800000.0,2723000.0,0.26,6798000.0,0.4926086957,26274000.0,20295000.0,21590000.0,5979000.0,5979000.0,4267000.0,-6637000.0,34092619.68,25213619.68,2.0001748366671714,3.6109717344037464,0.0,0.0,0.13034172952247433,2.0001748366671714,0.13082039911308205,2.4704796869565215,3.2102278418079098,1.679853150036955,0.0,1.6409655495664401,0.0,0.5252340717058689,2.8695434019066735,0.10105046814341173,9.41005235440243,0.4926086956521739,1.1666666666666667,0.21464100651966106,-0.35091322756278276,-0.30258071830199507,0.3347732181425486,1.1121718377088305,1.0660091047040972,2.797896478618894,0.10299757871838464,-0.04464012229323351,Semiconductor Equipment & Materials,Technology,INTT
2011Q1,2011,Q1,2011-05-13,2011-03-31,1257000.0,11704000.0,1318000.0,0.12,5093000.0,0.4351503759,23204000.0,17501000.0,18351000.0,5693000.0,5703000.0,4003000.0,-9292000.0,37049312.64,31801312.64,1.7383232079309097,3.223432285262603,0.0,0.0,0.07187900359484828,1.7383232079309097,0.07182446717330439,3.165525686944634,7.368598377088306,2.116982608993772,0.0,1.6515113664751437,0.0,0.5043957938286502,2.473388371684525,0.054171694535424926,-21.207391322266744,0.4351503759398496,-0.07692307692307698,2.301834885196243,-0.23879872082753578,-0.33312980746581444,0.06370091896407686,-0.0285935085007728,-0.03372434017595308,1.8763960153521153,-0.04278211401563714,-0.22510829632364512,Semiconductor Equipment & Materials,Technology,INTT
2010Q4,2010,Q4,2011-03-31,2010-12-31,1294000.0,10110000.0,1364000.0,0.13,4788000.0,0.4735905045,21408000.0,16104000.0,17058000.0,5265000.0,5304000.0,3489000.0,-10549000.0,25672757.4,18777757.4,1.599563278699467,3.23988603988604,0.0,0.0,0.0769130476464385,1.599563278699467,0.08035270740188773,2.53934296735905,4.959960857805254,1.5941851341281668,0.0,1.5253654342218401,0.0,0.47225336322869954,2.495536562203229,0.060444693572496266,11.507287046167637,0.47359050445103856,-0.1875,5.019106653121433,-0.358310129644621,-0.3693569223953996,-0.12179016874541453,-0.22884386174016685,-0.19098457888493475,1.2861980268517041,-0.18090157486887293,-0.30775063271248115,Semiconductor Equipment & Materials,Technology,INTT
2010Q3,2010,Q3,2010-11-12,2010-09-30,1678000.0,11305000.0,1686000.0,0.16,5452000.0,0.4822644847,21471000.0,14769000.0,17790000.0,5489000.0,6702000.0,3188000.0,-11843000.0,29998771.660000004,25326771.660000004,1.472037272075426,3.2410275095645837,0.07102603511713473,0.10325682172117273,0.10249635208069434,1.472037272075426,0.11361635858893629,2.6535844015922163,4.469423668057211,2.031198568623468,0.0,1.8359473023839399,0.0,0.5265241488519399,2.5755146656950263,0.07815192585347679,9.963059335768849,0.48226448474126493,-0.48387096774193544,2.7551871661149474,-0.39550926165180067,-0.42295753105238365,-0.26004343105320304,-0.4703282828282828,-0.46880907372400754,7.116774543006379,-0.20810710784527855,-0.46307790042905433,Semiconductor Equipment & Materials,Technology,INTT
2010Q2,2010,Q2,2010-08-13,2010-06-30,3168000.0,15260000.0,3174000.0,0.31,7368000.0,0.4828309305,20935000.0,12850000.0,17219000.0,6843000.0,8085000.0,3176000.0,-13521000.0,34023650.4,32414650.4,1.2841067753270825,2.5162940230892885,0.07284451874850728,0.11867704280155641,0.22093948199620975,1.2841067753270825,0.24653696498054475,2.2295970117955437,2.684947159090909,2.647754894941634,0.0,2.4848866498740554,0.0,0.728922856460473,2.022212479906474,0.15132553140673513,112.28927524752474,0.48283093053735254,1.8181818181818183,2.544062205544547,0.09713350953751193,-0.4806415834464943,0.6239806039232974,1.8489208633093526,1.8188277087033748,3.6801673926887175,0.16236301028175762,-0.5246149335397675,Semiconductor Equipment & Materials,Technology,INTT
2010Q1,2010,Q1,2010-05-14,2010-03-31,1112000.0,9529000.0,1126000.0,0.11,4537000.0,0.4761255116,17264000.0,9692000.0,13425000.0,6300000.0,7572000.0,3617000.0,-16689000.0,15788940.0,14440940.0,0.9698789152406685,2.130952380952381,0.08833410565338276,0.1573462649607924,0.10011325698381421,0.9698789152406685,0.11473380107304994,1.6569356700598175,3.549671762589928,1.6290693355344614,0.0,1.380149294995853,0.0,0.5519578313253012,1.493968253968254,0.06441149212233549,64.44465306122449,0.4761255115961801,6.746478873239436,1.402399920408631,-0.2215993268755607,-0.6419569677103849,0.43485135989879825,6.830985915492958,4.804123711340206,1.8365187673959815,-0.27772439896737755,-0.6553388135022558,Semiconductor Equipment & Materials,Technology,INTT
2009Q4,2009,Q4,2010-03-31,2009-12-31,142000.0,8423000.0,194000.0,0.0142,3162000.0,0.3754006886,15144000.0,8594000.0,11501000.0,5249000.0,6550000.0,3064000.0,-17801000.0,17287890.0,14640890.0,0.8600020014009807,2.1910840160030483,0.0,0.0,0.033390543790241256,0.8600020014009807,0.016523155690016292,2.052462305591832,30.436426056338025,2.0116232255061672,0.0,1.7170365535248042,0.0,0.5561938721605917,1.53553057725281,0.009376650818806127,-18.469967948717947,0.37540068859076337,1.5107913669064748,1.035677049639987,-0.38632223929872783,-0.7127990750964989,0.3001644736842105,1.5107913669064748,1.8362068965517242,0.6102373315641938,-0.4120634233385058,-0.7056996648157028,Semiconductor Equipment & Materials,Technology,INTT
2009Q3,2009,Q3,2009-11-13,2009-09-30,-278000.0,6009000.0,-232000.0,-0.0278,2432000.0,0.404726244,14844000.0,8628000.0,11301000.0,4504000.0,6216000.0,3237000.0,-17943000.0,3104704.292,1204704.292,0.8642716818198027,2.5091030195381885,0.10293721368903261,0.1770978210477515,-0.022919337053484968,0.8642716818198027,-0.032220676866017615,0.5166757017806624,-2.792000262589928,0.3598405530829856,0.0,1.1050355267222738,0.0,0.4048100242522231,1.6867229129662522,-0.018728105631905148,-3.110926144288577,0.40472624396738227,0.8610000000000001,-1.1907407926158644,-0.7377365536639512,-0.7449484878281928,0.7175141242937854,0.8575819672131147,0.8522292993630574,-1.4962981740898955,-0.6710376914235492,-0.7045471722043947,Semiconductor Equipment & Materials,Technology,INTT
2009Q2,2009,Q2,2009-08-14,2009-06-30,-1952000.0,4672000.0,-1570000.0,-0.2,1416000.0,0.3030821918,14697000.0,8758000.0,11076000.0,4198000.0,5939000.0,3272000.0,-17665000.0,1994645.0,-2606355.0,0.8781512499717995,2.6383992377322536,0.0003402054841124039,0.0005709065996802923,-0.17832936094145685,0.8781512499717995,-0.22288193651518612,0.42693600171232876,-0.25546170594262296,0.22775119890385934,0.0,0.9951100244498777,0.0,0.3178880043546302,1.784182944259171,-0.13281622099748247,-3.232811993517018,0.3030821917808219,0.28571428571428575,-1.6534180643523335,-0.8275241609669642,-0.7176744068935332,0.763387297633873,0.29147005444646096,0.43423423423423424,-1.908549735221927,-0.7764307932477456,-0.6938069598965526,Semiconductor Equipment & Materials,Technology,INTT
2009Q1,2009,Q1,2009-07-17,2009-03-31,-2755000.0,4395000.0,-2775000.0,-0.28,803000.0,0.1827076223,16605000.0,10453000.0,12215000.0,4381000.0,6152000.0,3527000.0,-15713000.0,2190537.58,-1514462.42,1.0498153608485457,2.788176215475919,0.09220114423366456,0.14646512962785804,-0.2315269078625797,1.0498153608485457,-0.26356070027743234,0.4984158316268487,-0.19877836479128855,0.20956066009757965,0.0,1.0184292599943294,0.0,0.2646793134598013,1.8459255877653504,-0.16591388136103583,-1.2684062420382165,0.18270762229806597,0.3636363636363636,-3.3185200196227322,-0.7829671764313447,-0.6287344202836659,-0.5652409312398484,0.376414667270258,0.03444676409185804,-8.317217869602477,-0.7109796751570779,-0.5972609877033636,Semiconductor Equipment & Materials,Technology,INTT
2008Q4,2008,Q4,2009-07-10,2008-12-31,-4418000.0,6830000.0,-2874000.0,-0.44,1847000.0,0.2704245974,20492000.0,13467000.0,15904000.0,5224000.0,7025000.0,4193000.0,-12958000.0,2489247.25,-3113752.75,1.352517312211553,3.0444104134762635,0.07485848135857896,0.11390807158238657,-0.18752490580801007,1.352517312211553,-0.32806118660429195,0.36445786969253297,-0.14085826448619285,0.1848405175614465,0.0,1.1884092535177677,0.0,0.333300800312317,2.0855666156202144,-0.21559633027522937,-1.7383011522346368,0.2704245973645681,-1.0,-3.1927814877110317,-0.6135793825842181,-0.4993258226831765,-0.37643484132343014,-1.171007371007371,-0.4234769687964339,-21.77915023118435,-0.5616721746818895,-0.4667571507517377,Semiconductor Equipment & Materials,Technology,INTT
2008Q3,2008,Q3,2008-11-14,2008-09-30,-2035000.0,9159000.0,-2019000.0,-0.22,2962000.0,0.3233977508,23668000.0,17146000.0,20720000.0,6215000.0,6522000.0,4447000.0,-8540000.0,9803946.6,-131053.40000000037,1.8363319114773635,3.333869670152856,0.0004225114078080108,0.0005832264084917765,-0.11984316620367673,1.8363319114773635,-0.11868657412807652,1.0704167048804454,-1.2044160442260443,0.5717920564563164,0.0,1.3935237238587812,0.0,0.3869781984113571,2.4849557522123895,-0.08598107148893021,-11.89799344660194,0.32339775084616224,-0.46666666666666673,0.34721635286184815,-0.35814058382608605,-0.3339645674398962,-0.3451249170904267,-0.49963154016212236,-0.7450302506482281,-5.893557447452332,-0.4737552338018931,-0.2801530775696973,Semiconductor Equipment & Materials,Technology,INTT
2008Q2,2008,Q2,2008-08-14,2008-06-30,-1357000.0,11497000.0,-1157000.0,-0.15,4523000.0,0.3934069757,26806000.0,19521000.0,23724000.0,6946000.0,7285000.0,5253000.0,-6508000.0,18461470.5,7090470.5,2.0936349571936863,3.4154909300316727,0.00044766097142430797,0.0006147226064238512,-0.061342547191263225,2.0936349571936863,-0.06951488140976385,1.605764155866748,-3.401155213706706,0.9457236053480866,0.0,1.3276223110603464,0.0,0.4288965157054391,2.571983875611863,-0.05062299485189883,-35.09785266159696,0.39340697573279987,-0.07142857142857129,-0.8842281885253611,-0.08911453016906794,-0.32067478257609777,0.01571973950145969,-0.023378582202111614,0.10931485758275597,0.29016018173959235,-0.1128636647528953,-0.1532270079859871,Semiconductor Equipment & Materials,Technology,INTT
2008Q1,2008,Q1,2008-05-14,2008-03-31,-1326000.0,11304000.0,-1299000.0,-0.14,4453000.0,0.3939313517,28371000.0,20880000.0,25139000.0,7121000.0,7491000.0,5719000.0,-5151000.0,19546107.0,7578107.0,2.2433111616548502,3.5302626035669147,0.0004934616333580064,0.0006704980842911877,-0.0651986398809578,2.2433111616548502,-0.06350574712643678,1.7291319002123142,-3.685163461538462,0.9361162356321839,0.0,1.197936702220668,0.0,0.3984350216770646,2.6072180873472828,-0.04673786613090832,-35.40961413043478,0.3939313517338995,0.6888888888888889,-0.037545171696189136,0.10020500769542695,-0.2865119408665539,-0.035520901017977044,0.6827751196172249,0.682861328125,0.4848288511234626,-0.008613650000337637,-0.17185339523673152,Semiconductor Equipment & Materials,Technology,INTT
2007Q4,2007,Q4,2008-03-31,2007-12-31,-4180000.0,11411000.0,-4096000.0,-0.45,4617000.0,0.4046095872,27723000.0,21507000.0,24464000.0,5815000.0,6216000.0,5097000.0,-3825000.0,21873024.5,9673024.5,2.310674959468911,4.207050730868444,0.0005410669840926307,0.0006974473427256243,-0.19400560693209984,2.310674959468911,-0.19435532617287396,1.9168367802997108,-1.308195245215311,1.0170188543264984,0.0,1.3329409456543064,0.0,0.41160769036540057,3.138263112639725,-0.15077733290047973,15.053698898830007,0.4046095872403821,-15.483516483516484,-4.340574303619642,-0.1648543574142591,-0.29689354557956843,-0.1005260081823495,-15.587301587301587,-11.720496894409937,-0.12753953965225656,-0.10740962392383692,-0.22834134754366586,Semiconductor Equipment & Materials,Technology,INTT
2007Q3,2007,Q3,2007-11-14,2007-09-30,-252000.0,13114000.0,-322000.0,-0.0273,5133000.0,0.3914137563,32602000.0,25268000.0,25938000.0,6902000.0,7334000.0,6149000.0,355000.0,28755302.16,18113302.16,2.7416216863707614,3.75804114749348,0.0005214404024292988,0.0006727877156878265,-0.018436245407638146,2.7416216863707614,-0.009973088491372488,2.192717870977581,-28.527085476190475,1.138012591419978,0.0,1.297934623516019,0.0,0.40224526102693087,2.685018835120255,-0.007729587141893136,-171.16251285714287,0.39141375629098674,0.7725,-1.3951301901395148,-0.20913655166520204,-0.18277838950697453,0.1129661751951431,0.7679558011049724,0.7140319715808171,-1.187281914098616,-0.3800348879133201,-0.19093177339845488,Semiconductor Equipment & Materials,Technology,INTT
2007Q2,2007,Q2,2007-08-14,2007-06-30,-1086000.0,12062000.0,-1126000.0,-0.12,4612000.0,0.3823578179,31945000.0,24835000.0,25399000.0,6646000.0,7110000.0,6686000.0,607000.0,42568618.18,32020618.18,2.7011929190133745,3.8216972615106832,0.0005947722648301769,0.0007650493255486209,-0.04917702887476876,2.7011929190133745,-0.04372860881820012,3.5291509020063008,-9.799405658379372,1.7140575067445136,0.0,1.1142686209991026,0.0,0.37758647675692597,2.7437556424917244,-0.033995930505556424,-23.754809252232143,0.38235781794064,0.07692307692307698,-2.0534057410812614,-0.1588071528133503,-0.1780813627288133,0.043675039601719846,0.11056511056511056,0.13980137509549273,-1.3943376136501369,-0.5169725504516359,-0.1315665803813074,Semiconductor Equipment & Materials,Technology,INTT
2007Q1,2007,Q1,2007-05-14,2007-03-31,-1221000.0,12118000.0,-1309000.0,-0.13,4419000.0,0.364664136,33976000.0,25829000.0,27197000.0,7652000.0,8147000.0,6755000.0,1693000.0,41396058.769999996,28983058.769999996,2.814006778935685,3.554234187140617,0.000618083352955027,0.0008130396066436951,-0.05201674571261642,2.814006778935685,-0.04727244570056913,3.4160801097540845,-8.475851509009008,1.602696920902861,0.0,1.1397483345669874,0.0,0.3566635271956675,2.5730527966544696,-0.035937132093242286,-53.41426938064516,0.364664135996039,-15.772727272727273,-0.013138630136299782,0.5743481123383888,-0.10261706134140668,-0.1619571401479234,-16.074074074074073,-99.6923076923077,-2.114680709519926,-0.35085298606472926,-0.00483085210069255,Semiconductor Equipment & Materials,Technology,INTT
