Quarters,Year,Quarter,FillingDate,Date,NetIncome,Revenue,OperatingIncome,EPSDiluted,GrossProfit,GrossProfitRatio,TotalAssets,CommonStockEquity,CurrentAssets,CurrentLiability,TotalLiability,Inventory,RetainedEarnings,MarketCap,EnterpriseValue,bookValuePerShare,currentRatio,debtToAssets,debtToEquity,roic,shareholdersEquityPerShare,roe,priceToSalesRatio,peRatio,pbRatio,payoutRatio,inventoryTurnover,dividendYield,assetTurnover,quickRatio,returnOnAssets,priceToFreeCashFlowsRatio,grossProfitMargin,epsdilutedGrowth,fiveYNetIncomeGrowthPerShare,fiveYRevenueGrowthPerShare,fiveYShareholdersEquityGrowthPerShare,grossProfitGrowth,netIncomeGrowth,operatingIncomeGrowth,threeYNetIncomeGrowthPerShare,threeYRevenueGrowthPerShare,threeYShareholdersEquityGrowthPerShare,Industry,Sector,Symbol
2023Q1,2023,Q1,2023-05-04,2023-03-31,3863610.0,0.0,-1560208.0,0.12,0.0,0.0,256945844.0,243831573.0,598531.0,13114271.0,13114271.0,0.0,-12516365.0,319375000.0,321035942.0,7.802610336,0.045639669944291986,0.007783741386375566,0.008202383208182805,-0.021291113635499046,7.802610336,0.015845404893483586,0.0,20.665582188678467,1.3098180685566918,0.0,0.0,0.0,0.0,0.025854124869007206,0.015036670528907252,-941.8174311791333,0.0,-0.85,0.0,0.0,0.0,0.0,-0.2253708630648657,-3.3238406177017303,0.0,0.0,0.0,Shell Companies,Financial Services,AFTR
2022Q4,2022,Q4,2023-02-08,2022-12-31,4987690.0,0.0,671392.0,0.8,0.0,0.0,254624832.0,242679872.0,989428.0,11944960.0,11944960.0,0.0,-10956157.0,250500000.0,251821837.0,9.70719488,0.08283225728675525,0.007854693449537554,0.008241309769604625,0.004836836188249074,9.70719488,0.020552549162379648,0.0,12.555912656961437,1.0322240486429795,0.0,0.0,0.0,0.0,0.056773986685597945,0.01958838798566198,-967.5101965146459,0.0,9.810810810810812,0.0,0.0,15.01599373426436,0.0,1.1564379380266587,11.826532171786642,0.0,0.0,15.01599373426436,Shell Companies,Financial Services,AFTR
2022Q3,2022,Q3,2022-11-01,2022-09-30,2312930.0,0.0,52344.0,0.074,0.0,0.0,252891436.0,239850331.0,1414181.0,13041105.0,13041105.0,0.0,-11627549.0,305312500.0,306375425.0,7.675210592,0.10844027404119513,0.007908531944118504,0.008338533416491304,0.0004232834108985411,7.675210592,0.009643222047502615,0.0,33.00062042517499,1.2729292418612506,0.0,0.0,0.0,0.0,0.07185549077321285,0.009145940394755005,-1332.8582155361337,0.0,-0.26000000000000006,-0.3001863977732946,0.0,-0.13944795775479815,0.0,-0.22738074479677126,-0.9802226202081114,-0.3001863977732946,0.0,-0.13944795775479815,Shell Companies,Financial Services,AFTR
2022Q2,2022,Q2,2022-08-04,2022-06-30,2993622.0,0.0,2646660.0,0.1,0.0,0.0,252097940.0,238667694.0,1750978.0,4680246.0,13430246.0,0.0,-11679893.0,303437500.0,304271359.0,7.637366208,0.3741209329595068,0.007933424604738936,0.008379852197340122,0.01227173001432145,7.637366208,0.012543054947352866,0.0,25.340331878907893,1.2713807005651967,0.0,0.0,0.0,0.0,0.2491623303561394,0.011874837216043892,-851.3624605094076,0.0,0.0,71.43977383835153,0.0,13095.051604346436,0.0,-0.0707270942089427,-0.17843019965748524,71.43977383835153,0.0,13095.051604346436,Shell Companies,Financial Services,AFTR
2022Q1,2022,Q1,2022-05-05,2022-03-31,3221467.0,0.0,3221467.0,0.1,0.0,0.0,252139262.0,235674072.0,2139262.0,7715190.0,16465190.0,0.0,-14326553.0,302500000.0,302977445.0,7.541570304,0.2772792374523505,0.007932124430506187,0.008486296277852745,0.013554137280906266,7.541570304,0.013669161705662725,0.0,23.47532971779627,1.2835523120252277,0.0,0.0,0.0,0.0,0.19734510750869388,0.012776538546384735,-1403.9989603445715,0.0,0.0,0.0,0.0,0.0,0.0,0.0,-0.5028533562101837,0.0,0.0,0.0,Shell Companies,Financial Services,AFTR
2021Q4,2021,Q4,2022-02-09,2021-12-31,0.0,0.0,6479913.0,0.0,0.0,0.0,252492215.0,-17547395.0,2492215.0,11289610.0,252492215.0,0.0,-17548020.0,247028700.75,245290689.75,-0.6925798529910294,0.22075297552351233,0.0,0.0,,-0.6925798529910294,0.0,0.0,0.0,-14.077799055073417,0.0,0.0,0.0,0.0,0.15394783345040264,0.0,-122.87411479983545,0.0,-1.0,0.0,0.0,0.0,0.0,-1.0,1.4182226720375815,0.0,0.0,0.0,Shell Companies,Financial Services,AFTR
2021Q3,2021,Q3,2021-11-03,2021-09-30,2679618.0,0.0,2679618.0,0.10576210545850916,0.0,0.0,252791317.0,225972692.0,2791317.0,18068625.0,26818625.0,0.0,-24027933.0,246015249.67000002,244064443.67000002,8.918938327047814,0.15448419567067223,0.0,0.0,0.011858149656419547,8.918938327047814,0.011858149656419547,0.0,22.95245531919102,1.088694600629,0.0,0.0,0.0,0.0,0.10796648887228552,0.010600118832404358,701.7238222466892,0.0,78.76625401360967,0.0,0.0,0.0,0.0,62.21483072143281,62.21483072143281,0.0,0.0,0.0,Shell Companies,Financial Services,AFTR
2021Q2,2021,Q2,2021-09-22,2021-06-30,-43774.0,0.0,-43774.0,-0.00136,0.0,0.0,430171.0,-18774.0,25000.0,448945.0,448945.0,0.0,-43774.0,312540625.0,312515625.0,-0.0005832699029126214,0.05568610854336277,0.0,0.0,,-0.0005832699029126214,2.3316288484073717,0.0,-1784.9672465390415,-16647.524501970813,0.0,0.0,0.0,0.0,0.05568610854336277,-0.10175953283694159,0.0,0.0,0.0,0.0,0.0,0.0,0.0,0.0,0.0,0.0,0.0,0.0,Shell Companies,Financial Services,AFTR
2021Q1,2021,Q1,2021-04-30,2021-04-30,,,,,,,58899.0,18051.0,25000.0,40848.0,40848.0,0.0,-6949.0,0.0,-25000.0,0.0,0.6120250685468077,0.0,0.0,,0.0,,0.0,0.0,0.0,0.0,0.0,,,0.6120250685468077,,0.0,0.0,0.0,0.0,0.0,0.0,0.0,0.0,0.0,0.0,0.0,0.0,Shell Companies,Financial Services,AFTR
