Quarters,Year,Quarter,FillingDate,Date,NetIncome,Revenue,OperatingIncome,EPSDiluted,GrossProfit,GrossProfitRatio,TotalAssets,CommonStockEquity,CurrentAssets,CurrentLiability,TotalLiability,Inventory,RetainedEarnings,MarketCap,EnterpriseValue,bookValuePerShare,currentRatio,debtToAssets,debtToEquity,roic,shareholdersEquityPerShare,roe,priceToSalesRatio,peRatio,pbRatio,payoutRatio,inventoryTurnover,dividendYield,assetTurnover,quickRatio,returnOnAssets,priceToFreeCashFlowsRatio,grossProfitMargin,epsdilutedGrowth,fiveYNetIncomeGrowthPerShare,fiveYRevenueGrowthPerShare,fiveYShareholdersEquityGrowthPerShare,grossProfitGrowth,netIncomeGrowth,operatingIncomeGrowth,threeYNetIncomeGrowthPerShare,threeYRevenueGrowthPerShare,threeYShareholdersEquityGrowthPerShare,Industry,Sector,Symbol
2023Q1,2023,Q1,2023-05-10,2023-03-31,1084000.0,26842000.0,1358000.0,0.06,4561000.0,0.1699202742,86927000.0,61727000.0,18029000.0,16338000.0,25200000.0,70000.0,-39287000.0,67285871.4528,71681871.4528,3.3499203968565117,1.1035010405190353,0.12949946506839072,0.18236752150598604,0.018402928002665894,3.3499203968565117,0.017561196883049558,2.5067383746665675,15.517959283394836,1.0900557527953731,0.0,318.3,0.0,0.30878783346946287,1.0134043334557474,0.012470233644322247,-18.51564982190424,0.16992027419715372,3.6153846153846154,1.0216427564427555,-0.8083652689081995,-0.69760839838836,-0.042410245643501994,3.9724770642201834,-0.2619565217391304,1.9423604583988268,0.7705924882201994,-0.14878321800613464,Oil & Gas Integrated,Energy,SLNG
2022Q4,2022,Q4,2023-03-09,2022-12-31,218000.0,29587000.0,1840000.0,0.013,4763000.0,0.1609828641,96580000.0,59867000.0,32217000.0,27532000.0,36713000.0,205000.0,-40371000.0,89026250.0,89824250.0,3.5741492537313433,1.1701656254540171,0.12682750051770553,0.2046035378422169,0.007575764443586239,3.5741492537313433,0.003641405114670854,3.0089650860175077,102.09432339449542,1.4870671655503034,0.0,121.09268292682927,0.0,0.30634706978670534,1.008898736016272,0.002257196106854421,100.93679138321995,0.16098286409571771,-0.7640653357531761,-0.9940876868573448,-0.8525072831507472,-0.7354506826695666,0.25342105263157894,-0.787109375,7.0701754385964914,1.3932710636744334,1.376583681627101,-0.11489918131524465,Oil & Gas Integrated,Energy,SLNG
2022Q3,2022,Q3,2022-11-03,2022-09-30,1024000.0,25819000.0,228000.0,0.0551,3800000.0,0.1471784345,93963000.0,58441000.0,30525000.0,25429000.0,35522000.0,214000.0,-40036000.0,141831893.16,143852893.16,3.189221619496572,1.2004011168351094,0.13966135606568542,0.22455125682312074,0.0035702652834090744,3.189221619496572,0.01752194520969867,5.493314735659785,34.62692704101563,2.4269244735716367,0.0,102.89252336448598,0.0,0.2747783702095506,0.8445868889850171,0.010897906622819621,19.257555079429736,0.14717843448623108,1.4591666666666667,1.0577516190966878,-0.8858616732048796,-0.7036571521408963,0.9047619047619048,1.4723247232472325,1.2635838150289018,1.2510203141195821,1.0196349677179366,-0.29483703777493503,Oil & Gas Integrated,Energy,SLNG
2022Q2,2022,Q2,2022-08-11,2022-06-30,-2168000.0,25784000.0,-865000.0,-0.12,1995000.0,0.077373565,87107000.0,59049000.0,20754000.0,16537000.0,28058000.0,288000.0,-39759000.0,73742386.64,82527386.64,3.2350181607846045,1.2550039305799117,0.1473819555259623,0.21741265728462802,-0.013071443862159292,3.2350181607846045,-0.03671527036867686,2.860005687247906,-8.503503994464944,1.2488337929516165,0.0,82.60069444444444,0.0,0.29600376548383023,0.8965955130918546,-0.02488892970714179,66.61462207768744,0.07737356500155135,-4.381165919282511,0.8807734397145527,-0.8841342738302934,-0.7218151306051726,-0.3552036199095023,-4.3399014778325125,-1.0116279069767442,-7.184406035096338,-0.15359086632069638,-0.6600067312124258,Oil & Gas Integrated,Energy,SLNG
2022Q1,2022,Q1,2022-05-05,2022-03-31,-406000.0,23033000.0,-430000.0,-0.0223,3094000.0,0.1343290062,86603000.0,61561000.0,15381000.0,14935000.0,25042000.0,327000.0,-37591000.0,90957230.0,100729230.0,3.3840630370999643,1.0298627385336458,0.14217752271861253,0.20001299524049318,-0.0043757577307016625,3.3840630370999643,-0.006595084550283459,3.9489962228107496,-56.00814655172414,1.4775138480531507,0.0,60.97553516819572,0.0,0.265960763483944,0.9035821894877804,-0.004688059305104904,68.90699242424242,0.13432900620848348,0.8284615384615385,0.9906778967061026,-0.8356788788057717,-0.7360874003277469,0.7490107405313736,0.8267918088737202,0.7324206596141879,0.9476874892660312,0.053079187755485695,-0.6563358842137181,Oil & Gas Integrated,Energy,SLNG
2021Q4,2021,Q4,2022-03-10,2021-12-31,-2344000.0,23745000.0,-1607000.0,-0.13,1769000.0,0.0744998947,87336000.0,61059000.0,15533000.0,15627000.0,26277000.0,386000.0,-37185000.0,76949063.64,87928063.64,3.3565004924340625,0.9939847699494465,0.1492969680315105,0.21354755236738238,-0.026610084728793882,3.3565004924340625,-0.03838909906811445,3.240642814908402,-8.207024705631401,1.2602411379157865,0.0,56.932642487046635,0.0,0.27188101126683156,0.8529468228066808,-0.026838875148850416,-53.548408935281834,0.07449989471467677,0.5,0.9212910643324587,-0.8554164213719762,-0.7746144889644025,-0.08484221417485774,0.4931891891891892,0.6307444852941176,0.8842344157923467,-0.14555101906833184,-0.6800638507233067,Oil & Gas Integrated,Energy,SLNG
2021Q3,2021,Q3,2021-11-12,2021-09-30,-4625000.0,19704000.0,-4352000.0,-0.26,1933000.0,0.09810190824198133,87669000.0,62722000.0,14988000.0,16776000.0,24947000.0,424000.0,-34841000.0,123050571.0,132366571.0,3.5680777133492536,0.8934191702432046,0.13977574741356694,0.19537004559803578,-0.05876298315095244,3.5680777133492536,-0.0737380823315583,6.244953867235079,-6.651382216216216,1.9618406779120565,0.0,41.9127358490566,0.0,0.22475447421551517,0.7265736766809728,-0.05275524986026988,67.02100816993465,0.09810190824198133,-3.3333333333333335,0.8956334546759085,-0.8654764083530082,-0.7851110074662895,0.1390689451974072,-3.606573705179283,-1.6880790611488574,-1.0818669567424914,-0.3527556069557682,-0.6868643782803316,Oil & Gas Integrated,Energy,SLNG
2021Q2,2021,Q2,2021-08-05,2021-06-30,-1004000.0,16052000.0,-1619000.0,-0.06,1697000.0,0.10571891353102417,88114000.0,65480000.0,14084000.0,13810000.0,22634000.0,159000.0,-30216000.0,170436067.35,179736067.35,3.8227002660302816,1.019840695148443,0.14314410876818667,0.192623701893708,-0.025110955992303313,3.8227002660302816,-0.01533292608430055,10.617746533142288,-42.43925979830677,2.6028721342394623,0.0,90.28301886792453,0.0,0.18217309394647843,0.912599565532223,-0.0113943300724062,-30.59344235325794,0.10571891353102417,-6.999999999999999,-1.402370945297749,-0.9151169160737476,-0.8014438875149006,-0.47396156230626163,-6.7371428571428575,-5.56056338028169,0.9667251642868862,-0.5031251328968165,-0.5563542624906774,Oil & Gas Integrated,Energy,SLNG
2021Q1,2021,Q1,2021-05-07,2021-03-31,175000.0,17664000.0,355000.0,0.01,3226000.0,0.18263134057971014,80795000.0,62165000.0,12885000.0,15209000.0,18630000.0,158000.0,-29212000.0,114052225.5,118837225.5,3.679136888039068,0.8471957393648497,0.0971223466798688,0.12622858521676183,0.003438831422809928,3.679136888039068,0.002815088876377383,6.456760954483696,162.93175071428573,1.8346694361779134,0.0,91.37974683544304,0.0,0.21862739030880624,0.7469261621408376,0.002165975617303051,50.35418344370861,0.18263134057971014,2.0,1.0037106717115785,-0.8698708021611375,-0.8093901865912961,0.962287104622871,2.590909090909091,3.9831932773109244,1.0038103250902994,-0.8624726427665445,-0.6678905871415389,Oil & Gas Integrated,Energy,SLNG
2020Q4,2020,Q4,2021-03-16,2020-12-31,-110000.0,13690000.0,-119000.0,-0.01,1644000.0,0.12008765522279036,80313000.0,62030000.0,10813000.0,14229000.0,18283000.0,226000.0,-29387000.0,46465721.5,54022721.5,3.6711471272430365,0.7599269098320331,0.11668098564366915,0.15107206190552958,-0.0017100817089843305,3.6711471272430365,-0.0017733354828308884,3.3941359751643536,-105.6039125,0.7490846606480736,0.0,53.30088495575221,0.0,0.17045808275123578,0.6323002319207253,-0.001369641278497877,-29.558347010178117,0.12008765522279036,0.9230769230769231,0.9981435095655223,-0.8912959558509728,-0.832863178339369,18.305263157894736,0.9484294421003282,0.9360215053763441,-1.002957388909267,-0.9323468672233107,-0.7282711500316296,Oil & Gas Integrated,Energy,SLNG
2020Q3,2020,Q3,2020-11-12,2020-09-30,-2133000.0,9019000.0,-1860000.0,-0.13,-95000.0,-0.010533318549728351,79084000.0,61430000.0,9276000.0,13012000.0,17654000.0,161000.0,-29277000.0,43255362.56,50006362.56,3.6356370792606763,0.7128804180756225,0.12848363765110515,0.16540778121439037,-0.025679451258286513,3.6356370792606763,-0.03472244831515546,4.796026450826035,-5.069779953117675,0.7041406895653589,0.0,56.608695652173914,0.0,0.11404329573617926,0.5724715647094989,-0.02697132163269435,-22.74204130389064,-0.010533318549728351,0.38095238095238093,-1.6383377950896303,-0.9600424326184518,-0.8568464083718501,0.9407730673316709,0.3840600635287323,0.38492063492063494,0.8695368046692143,-0.9567602256317599,-0.6621761751319332,Oil & Gas Integrated,Energy,SLNG
2020Q2,2020,Q2,2020-08-07,2020-06-30,-3463000.0,5003000.0,-3024000.0,-0.21,-1604000.0,-0.32060763541874876,81610000.0,62953000.0,10856000.0,12244000.0,18657000.0,187000.0,-27144000.0,35800851.28,40511851.28,3.727854372964508,0.8866383534792551,0.1441857615488298,0.1869172239607326,-0.040746286876736426,3.727854372964508,-0.0550092926468953,7.155876729962023,-2.5845257926653193,0.5686917427287024,0.0,35.331550802139034,0.0,0.06130376179389781,0.7820973538059458,-0.04243352530327166,9.40889652562418,-0.32060763541874876,-2.5,-1.3866476989611753,-0.9751626621466223,-0.8538955911467058,-1.628280454367411,-2.298095238095238,-2.7472118959107807,0.7941529915281734,-0.9756995939926614,-0.6794352827946561,Oil & Gas Integrated,Energy,SLNG
2020Q1,2020,Q1,2020-07-02,2020-03-31,-1050000.0,13838000.0,-807000.0,-0.06,2553000.0,0.18449197860962566,85745000.0,66193000.0,11845000.0,12747000.0,19552000.0,127000.0,-23681000.0,25229521.5,33705521.5,3.9354491919317613,0.9292382521377579,0.13572803078896728,0.17581919538319762,-0.01023250445518788,3.9354491919317613,-0.01586270451558322,1.8232057739557739,-6.007028928571429,0.3811508996419561,0.0,88.85826771653544,0.0,0.1613855035279025,0.8274888208990351,-0.012245611989037262,106.45367721518987,0.18449197860962566,-1.0,-1.233721408006932,-0.9448774211347597,-0.8427361021461837,0.26574119980168565,-0.8884892086330936,-2.2023809523809526,0.9739248603429445,-0.8932259600874143,-0.6930865011276979,Oil & Gas Integrated,Energy,SLNG
2019Q4,2019,Q4,2020-03-16,2019-12-31,-556000.0,12487000.0,-252000.0,-0.03,2017000.0,0.16152798910867303,90326000.0,67843000.0,13716000.0,15108000.0,22483000.0,209000.0,-22631000.0,78962876.4,87720876.4,4.03812670633665,0.9078633836378078,0.1410114474237761,0.18774228733988768,-0.00342103754478343,4.03812670633665,-0.008195392302816797,6.323606662929447,-35.5048904676259,1.1639060242029393,0.0,50.09569377990431,0.0,0.13824369506011558,0.7664151442944136,-0.006155481256780993,209.450600530504,0.16152798910867303,0.8636363636363636,0.9829161157103906,-0.9444639505045024,-0.8383116873177919,2.4775862068965515,0.8342771982116245,0.9192048733568452,0.9797847510560562,-0.9176729075651349,-0.7288439988655657,Oil & Gas Integrated,Energy,SLNG
2019Q3,2019,Q3,2019-11-12,2019-09-30,-3355000.0,10514000.0,-3119000.0,-0.22,580000.0,0.055164542514742246,91448000.0,68160000.0,13199000.0,16526000.0,23288000.0,107000.0,-22075000.0,97959764.5,107038764.5,4.522673183845803,0.7986808665133729,0.14866372145918993,0.19945715962441316,-0.03607799095695161,4.522673183845803,-0.049222417840375586,9.317078609473084,-7.299535357675111,1.4372031176643192,0.0,92.8411214953271,0.0,0.1149724433557869,0.6579329541328816,-0.036687516402764415,35.19934045993532,0.055164542514742246,-1.4444444444444446,0.8863441206620192,-0.9500507619510122,-0.831904464129622,0.3875598086124402,-196.35294117647058,-5.164031620553359,0.9116933696678288,-0.9162734405099519,-0.7276200906724131,Oil & Gas Integrated,Energy,SLNG
2019Q2,2019,Q2,2019-08-14,2019-06-30,-17000.0,1955000.0,-506000.0,-0.09,418000.0,0.21381074168797953,14574000.0,11146000.0,3957000.0,3206000.0,3428000.0,63000.0,-6117000.0,6559952.0,5964952.0,9.514947670348807,1.2342482844666252,0.033278441059420884,0.04351336802440337,0.013041869829949301,9.514947670348807,-0.001525210837968778,3.355474168797954,-96.46988235294117,0.5885476404091153,0.0,24.396825396825395,0.0,0.13414299437354194,1.0786026200873362,-0.001166460820639495,28.15430042918455,0.21381074168797953,0.8125000000000001,0.9887798504684088,-0.8729859022123749,-0.6693670521244582,-0.11063829787234042,0.9656565656565657,0.05772811918063315,-1.0996248341148418,-0.8488303701149749,-0.5057810216741052,Oil & Gas Integrated,Energy,SLNG
2019Q1,2019,Q1,2019-05-20,2019-03-31,-495000.0,1395000.0,-537000.0,-0.48,470000.0,0.33691756272401435,14375000.0,11425000.0,2930000.0,2697000.0,2950000.0,71000.0,-6009000.0,7757902.2864,7472902.2864,9.847007242398412,1.0863922877271042,0.05015652173913043,0.06310722100656455,-0.0435487794988241,9.847007242398412,-0.043326039387308536,5.561220276989247,-3.9181324678787877,0.679028646512035,0.0,13.028169014084508,0.0,0.09704347826086956,0.875046347793845,-0.034434782608695653,-5.549286327896995,0.33691756272401435,0.5687530168946098,-1.7404908804067039,-0.930438735476946,-0.6768952353380596,-0.09441233140655106,0.6017699115044248,-1.7682403433476395,0.8471491974011857,-0.8503392407736383,-0.48984333276381575,Oil & Gas Integrated,Energy,SLNG
2018Q4,2018,Q4,2019-04-30,2018-12-31,-1243000.0,1706000.0,699000.0,-1.1130512648309827,519000.0,0.3042203985932005,14559000.0,11716000.0,3881000.0,2680000.0,2843000.0,69000.0,-5423000.0,7772580.0,5850580.0,10.4911573763152,1.4481343283582089,0.01387457929802871,0.017241379310344827,0.06199164756638719,10.4911573763152,-0.10609423011266644,4.556025791324736,-1.5632703137570394,0.6634158415841584,0.0,17.202898550724637,0.0,0.11717837763582664,1.260820895522388,-0.08537674290816677,-4.777246465888138,0.3042203985932005,-1.4347856503246026,-2.6429539586598016,-0.9157476392451042,-0.6531541094598509,-0.06822262118491922,-1.346336026748398,1.9817415730337078,0.682593958050951,-0.7950417943112954,-0.5223676309765272,Oil & Gas Integrated,Energy,SLNG
2018Q3,2018,Q3,2018-11-14,2018-09-30,3589000.0,1934000.0,-712000.0,2.56,557000.0,0.28800413650465356,18144000.0,12725000.0,7796000.0,5249000.0,5419000.0,44000.0,-4801000.0,6544155.0,1090155.0,11.394672039400044,1.4852352829110307,0.010967813051146384,0.0156385068762279,-0.06522303688762242,11.394672039400044,0.2820432220039293,3.3837409513960703,0.4558480774589022,0.5142754420432221,0.0,31.295454545454547,0.0,0.10659171075837742,1.4231282148980757,0.19780643738977072,-3.0680520393811532,0.28800413650465356,2.391304347826087,2.257757398225283,-0.9014681740211078,-0.609267451779283,0.09430255402750491,2.851909184726522,-5.045454545454546,15.250891553308136,-0.8703593638626496,-0.5513335923516652,Oil & Gas Integrated,Energy,SLNG
2018Q2,2018,Q2,2018-08-14,2018-06-30,-1938000.0,2075000.0,176000.0,-1.84,509000.0,0.2453012048192771,32003000.0,9480000.0,14764000.0,22335000.0,22523000.0,201000.0,-8304000.0,11002070.0,16514070.0,8.616560338190904,0.6610252966196553,0.1871387057463363,0.6317510548523206,0.0027440079399786294,8.616560338190904,-0.20443037974683545,5.3022024096385545,-1.4192556759545925,1.1605559071729958,0.0,7.791044776119403,0.0,0.06483767146829984,0.10799194089993285,-0.0605568227978627,6.18789088863892,0.2453012048192771,0.3428571428571428,-2.568329251274979,-0.8729172782160983,-0.6863339422298598,1.5146612740141556,0.34615384615384615,1.062037363412055,-4.3212364828224805,-0.841884031755868,-0.6622943579314253,Oil & Gas Integrated,Energy,SLNG
2018Q1,2018,Q1,2018-05-15,2018-03-31,-2964000.0,8289000.0,-2837000.0,-2.8,-989000.0,-0.11931475449390759,32683000.0,12080000.0,14791000.0,14655000.0,20603000.0,1936000.0,-6276000.0,9595880.8,15087880.8,11.078086755725435,1.009280109177755,0.18722271517302574,0.5065397350993377,-0.15905373552801552,11.078086755725435,-0.24536423841059601,1.1576644709856436,-0.8093691632928476,0.7943609933774836,0.0,4.792355371900826,0.0,0.2536180889147263,0.7740020470829069,-0.09068934920294955,-6.023779535467671,-0.11931475449390759,-2.271960946745562,-2.5388277726919046,-0.4816806799909967,-0.59533520851373,-1.9056776556776556,-2.2527472527472527,-4.234317343173432,-11.17660637495911,-0.49069971025572534,-0.5573102283876903,Oil & Gas Integrated,Energy,SLNG
2017Q4,2017,Q4,2018-03-29,2017-12-31,2366000.0,12872000.0,-542000.0,2.2013254472663464,1092000.0,0.08483530142945929,35921000.0,14521000.0,16695000.0,15663000.0,21400000.0,1327000.0,-3222000.0,12897684.0,16756684.0,13.510332552728071,1.0658877609653323,0.17115336432727374,0.42338681908959436,0.12261512486381909,13.510332552728071,0.1629364368845121,1.0019953387197016,1.362815300084531,0.8882090765098822,0.0,8.877166541070084,0.0,0.35834191698449375,0.9470727191470344,0.06586676317474457,10.694597014925373,0.08483530142945929,3.116659083909948,2.7943295639214822,-0.21196425776609906,-0.4692539483547529,0.01486988847583643,3.275,0.2773333333333333,2.1363737312547446,-0.10513500739204039,-0.45904053213628987,Oil & Gas Integrated,Energy,SLNG
2017Q3,2017,Q3,2017-11-14,2017-09-30,-1040000.0,13268000.0,-750000.0,-1.04,1076000.0,0.08109737714802533,36686000.0,11567000.0,17849000.0,15957000.0,25119000.0,1169000.0,-5499000.0,13723135.776,18995135.776,10.76193214223577,1.1185686532556245,0.17363571934798017,0.5507045906458027,-0.04137538791415371,10.76193214223577,-0.08991095357482494,1.034303269219174,-3.2988307153846157,1.1864040612086106,0.0,10.429426860564584,0.0,0.3616638499700158,1.030707526477408,-0.028348688873139617,-5.290337616037009,0.08109737714802533,0.0,-2.636476130133131,0.041657183643163155,-0.4815644336861874,0.31862745098039214,0.01794145420207743,0.12177985948477751,0.5059890098458997,-0.11616693001219167,-0.6000080755533443,Oil & Gas Integrated,Energy,SLNG
2017Q2,2017,Q2,2017-08-08,2017-06-30,-1059000.0,12960000.0,-854000.0,-1.04,816000.0,0.06296296296296296,37214000.0,12362000.0,18634000.0,15785000.0,24852000.0,1106000.0,-4370000.0,15052504.8,18213504.8,11.629022699265308,1.1804878048780487,0.17205890256355136,0.5179582591813623,-0.04194548625677352,11.629022699265308,-0.08566574987866041,1.1614587037037039,-3.553471388101983,1.2176431645364827,0.0,10.980108499095842,0.0,0.3482560326758747,1.0929996832435858,-0.028457032299672166,11.368961329305137,0.06296296296296296,0.5806451612903225,-2.207607907418915,-0.06313046421761656,-0.42103176791021374,2.4676258992805757,0.5755511022044089,0.6389006342494714,0.2297835371482508,-0.07215104908573167,-0.595905496364256,Oil & Gas Integrated,Energy,SLNG
2017Q1,2017,Q1,2017-05-15,2017-03-31,-2495000.0,8030000.0,-2365000.0,-2.48,-556000.0,-0.06924034869240349,33876000.0,13363000.0,14726000.0,11235000.0,20513000.0,958000.0,-3222000.0,17924790.8,23031790.8,12.822665690469314,1.3107254116599911,0.1967764789231314,0.4988400808201751,-0.1189368471832113,12.822665690469314,-0.18670957120407095,2.23222799501868,-1.7960712224448898,1.3413747511786274,0.0,8.962421711899792,0.0,0.23704097296020782,1.1878949710725413,-0.07365096233321526,-17.419621768707483,-0.06924034869240349,-0.5148899530516432,-8.040459703293456,-0.4755960442662733,-0.30624109412949746,-4.706666666666667,-0.4642018779342723,-0.3928150765606596,-5.155385958342773,-0.5542050869005682,-0.5792564910058187,Oil & Gas Integrated,Energy,SLNG
2016Q4,2016,Q4,2017-03-28,2016-12-31,-1704000.0,9397000.0,-1698000.0,-1.637082611185194,150000.0,0.01596254123656486,35384000.0,15501000.0,16201000.0,12899000.0,19883000.0,1181000.0,-638000.0,12906862.4,16988862.4,14.892263823932918,1.2559888363439027,0.16108975808274925,0.36771821172827557,-0.07980954225098617,14.892263823932918,-0.10992839171666344,1.3735088219644567,-1.893612441314554,0.8326470808334946,-0.04401408450704225,7.829805249788315,0.005810862289815687,0.2655720099479991,1.1373749903093262,-0.048157359258421885,-10.818828499580889,0.01596254123656486,0.3798929503086387,0.6919223428374544,-0.40087335970735394,-0.1685661261619836,1.3325942350332594,0.35060975609756095,0.35900339750849375,-3.4164667357960945,-0.5020918387051551,-0.5076500787384937,Oil & Gas Integrated,Energy,SLNG
2016Q3,2016,Q3,2016-09-30,2016-09-30,-2624000.0,8673000.0,-2649000.0,-2.64,-451000.0,-0.052000461201429725,36503000.0,17283000.0,17698000.0,11985000.0,19220000.0,1472000.0,1154000.0,19983986.4992,22930986.4992,16.604283315207574,1.4766791823112224,0.16026080048215216,0.33848290227391076,-0.11714572963916008,16.604283315207574,-0.1518254932592721,2.3041607862561975,-1.9039621283536587,1.1562799571370712,-0.028582317073170733,6.198369565217392,0.0037530049373783554,0.2375969098430266,1.3367542761785565,-0.07188450264361833,-12.985046458219625,-0.052000461201429725,-34.0,-7.869043549679458,-0.4052302336623384,-0.2816027457294534,-1.367862969004894,-18.37748344370861,-6.198369565217392,-3.555442293982654,-0.5259257419427218,-0.43062565480635007,Oil & Gas Integrated,Energy,SLNG
2016Q2,2016,Q2,2016-06-30,2016-06-30,151000.0,11444000.0,-368000.0,0.08,1226000.0,0.10713037399510661,37391000.0,19957000.0,18677000.0,10200000.0,17434000.0,1093000.0,3867000.0,21975771.599999998,23264771.599999998,19.25249350516548,1.831078431372549,0.1404081196009735,0.2630655910206945,-0.01113367178349128,19.25249350516548,0.007566267475071404,1.9202876267039495,36.38372781456954,1.101156065540913,0.0,9.348581884720952,0.0,0.3060629563263887,1.6947058823529413,0.004038404963761333,-7.727064556962024,0.10713037399510661,1.027777777777778,1.1959034574633012,-0.05540599233621523,-0.15045993760582138,12.472527472527473,1.0523759972251128,0.8613413715146948,-0.8703040097946707,-0.25610371847060115,-0.29915726194770953,Oil & Gas Integrated,Energy,SLNG
2016Q1,2016,Q1,2016-03-31,2016-03-31,-2883000.0,8298000.0,-2654000.0,-2.88,91000.0,0.01096649795131357,36887000.0,19937000.0,17498000.0,9398000.0,16950000.0,965000.0,3804000.0,14956420.96,14347420.96,19.30192796606067,1.8618855075547989,0.17621384227505626,0.3260269850027587,-0.09847677189203378,19.30192796606067,-0.14460550734814667,1.8024127452398169,-1.296949441553937,0.7501841280032102,-0.026014568158168574,8.504663212435233,0.005014568672584352,0.22495730203052566,1.7290912960204299,-0.07815761650445957,-8.551412784448257,0.01096649795131357,0.20000000000000004,-7.362343225539774,-0.35459164481398403,-0.1927142293032507,1.3053691275167785,0.20315091210613598,0.11651131824234354,-2.58015435686259,-0.4522129739695395,-0.2949314418726571,Oil & Gas Integrated,Energy,SLNG
2015Q4,2015,Q4,2015-12-31,2015-12-31,-3618000.0,7690000.0,-3004000.0,-3.6,-298000.0,-0.038751625487646296,38586000.0,22662000.0,19300000.0,8355000.0,15924000.0,1325000.0,6775000.0,17333164.8,14887164.8,21.9649212589267,2.3099940155595453,0.14365313844399524,0.2445944753331568,-0.1276377893620496,21.9649212589267,-0.1596505162827641,2.253987620286086,-1.1977034825870647,0.7648559173947578,0.0,6.028679245283019,0.0,0.19929508111750377,2.1126271693596648,-0.09376457782615456,-11.986974273858921,-0.038751625487646296,-46.0,-18.102667237447243,-0.3154389475547194,-0.07194071187276874,-1.1163607965638422,-18.735294117647058,-9.887573964497042,-7.0443662741534325,-0.5095574675304845,-0.13712003850563267,Oil & Gas Integrated,Energy,SLNG
2015Q3,2015,Q3,2015-09-30,2015-09-30,204000.0,13780000.0,338000.0,0.08,2561000.0,0.18584905660377357,42292000.0,26198000.0,21787000.0,9336000.0,16094000.0,1470000.0,10481000.0,21456219.2,17633219.2,25.39675769158809,2.333654670094259,0.12638324032914025,0.204023207878464,0.019693408654509373,25.39675769158809,0.007786853958317429,1.5570550943396226,26.294386274509804,0.8190021833727765,0.0,7.631972789115646,0.0,0.3258299441974842,2.145565552699229,0.004823607301617327,22.257488796680498,0.18584905660377357,-0.8333333333333333,1.5632310869973687,0.23565565404562308,0.10426336144134031,0.25293542074363995,-0.6270566727605119,-0.11052631578947368,-0.665537734625679,0.1272213135423777,0.22344038991847948,Oil & Gas Integrated,Energy,SLNG
2015Q2,2015,Q2,2015-06-30,2015-06-30,547000.0,12302000.0,380000.0,0.48,2044000.0,0.16615184522841814,43241000.0,26315000.0,22290000.0,9989000.0,16926000.0,2110000.0,10364000.0,42079243.199999996,39244243.199999996,25.515002608221813,2.231454600060066,0.1251358664230707,0.20562416872506176,0.01396956106168664,25.515002608221813,0.020786623598707962,3.420520500731588,19.23182961608775,1.5990592133764012,0.0,4.861611374407583,0.0,0.2844985083601212,1.9697667434177595,0.012650031220369557,13.873802571711176,0.16615184522841814,1.9999999999999996,1.4493835867742557,0.39346342389916983,0.09868021865395116,-0.10468681559351731,0.9963503649635036,0.29692832764505117,-0.3570827504806455,-0.08338364482477557,0.27030244362509925,Oil & Gas Integrated,Energy,SLNG
2015Q1,2015,Q1,2015-03-31,2015-03-31,274000.0,15311000.0,293000.0,0.16,2283000.0,0.1491084840964013,43940000.0,25671000.0,22504000.0,11295000.0,18269000.0,3128000.0,9904000.0,34550122.8,35909122.8,25.02449224290456,1.9923860115095176,0.09053254437869822,0.15496085076545518,0.009882289453269924,25.02449224290456,0.010673522652019788,2.256555600548625,31.523834671532843,1.3458814537805306,0.2737226277372263,4.164961636828645,0.002170759288878707,0.3484524351388257,1.6550686144311642,0.006235776058261266,-44.75404507772021,0.1491084840964013,1.08,1.62885983159583,0.49105045864363067,0.02431560252097006,60.7027027027027,1.1382441977800202,1.1327594019030358,-0.2145307886909361,0.01578572796308481,0.353927863167033,Oil & Gas Integrated,Energy,SLNG
2014Q4,2014,Q4,2014-12-31,2014-12-31,-1982000.0,13693000.0,-2207000.0,-2.0,37000.0,0.0027021105674432193,43254000.0,25553000.0,21935000.0,10587000.0,17701000.0,2769000.0,9717000.0,45264288.72,45714288.72,24.9747593957111,2.0718806082931898,0.09247699634715864,0.15653739286972176,-0.06390956395953126,24.9747593957111,-0.07756427816694712,3.3056516994084566,-5.70942087790111,1.7713884365827888,-0.037840565085771945,4.9317443120260025,0.001656935348392237,0.31657187774541085,1.7394918296023425,-0.04582235169001711,-19.671572672750976,0.0027021105674432193,0.03846153846153849,-13.644470974424475,0.06889969938931462,0.004579907724566269,-0.9252525252525252,0.010484273589615577,-0.12659520163348648,0.6354537160266479,-0.11184978507407682,0.3943387787139442,Oil & Gas Integrated,Energy,SLNG
2014Q3,2014,Q3,2014-09-30,2014-09-30,-2003000.0,14283000.0,-1959000.0,-2.08,495000.0,0.03465658475110271,43522000.0,27514000.0,22480000.0,11814000.0,16008000.0,3781000.0,11783000.0,60620972.88,58736972.88,26.9053735450377,1.9028271542238022,0.011488442626717521,0.018172566693319764,-0.06992932105375883,26.9053735450377,-0.07279930217343898,4.244274513757614,-7.566272201697454,2.2032773453514576,-0.03744383424862706,3.646654324252843,0.0012371955849086005,0.32817885207481273,1.5457084814626714,-0.046022701162630394,-36.36531066586683,0.03465658475110271,-0.5294117647058822,-12.0639304675819,0.12267703109580265,0.09601917449231935,-0.7559171597633136,-0.5151285930408472,-13.973509933774835,-6.33700581976339,-0.0030273099398883314,0.1640819487930337,Oil & Gas Integrated,Energy,SLNG
2014Q2,2014,Q2,2014-06-30,2014-06-30,-1322000.0,13430000.0,151000.0,-1.36,2028000.0,0.15100521221146687,44828000.0,29414000.0,24801000.0,11242000.0,15414000.0,3542000.0,13874000.0,55602294.4,53202294.4,28.777977910206527,2.2061021170610213,0.01115374319621665,0.016998708098184538,0.005047803703951327,28.777977910206527,-0.04494458421159992,4.140155949367088,-10.514806051437215,1.8903343441898415,-0.056732223903177004,3.2190852625635236,0.0013488652007856712,0.2995895422503792,1.662693470912649,-0.029490497010796823,82.25191479289941,0.15100521221146687,-3.8333333333333335,-3.272558673377033,0.0373246182780658,0.1777561866514626,-0.2115085536547434,-3.279310344827586,-0.7449324324324325,-0.7394464661414907,0.12423682896135381,0.26986383051398993,Oil & Gas Integrated,Energy,SLNG
2014Q1,2014,Q1,2014-03-31,2014-03-31,580000.0,17400000.0,592000.0,0.48,2572000.0,0.14781609195402298,46948000.0,30680000.0,26486000.0,10946000.0,16268000.0,6093000.0,15282000.0,54683237.84,54458237.84,30.47620561306543,2.4196966928558377,0.03195024282184544,0.04889178617992177,0.018396519577377254,30.47620561306543,0.018904823989569754,3.1427148183908047,23.570361137931037,1.782374114732725,0.12931034482758622,2.43361234203184,0.0013715354642942995,0.3706228167334072,1.8144527681344784,0.012354093891113572,-14.409285333333335,0.14781609195402298,-0.14285714285714296,-0.15176491245445328,0.037725057594443584,0.2345188706361894,-0.2799552071668533,-0.14454277286135694,0.1450676982591876,2.726139926164229,0.3885932797579292,0.27463987947300117,Oil & Gas Integrated,Energy,SLNG
2013Q4,2013,Q4,2013-12-31,2013-12-31,678000.0,18146000.0,517000.0,0.56,3572000.0,0.1968477901465888,45836000.0,30271000.0,26595000.0,11313000.0,15565000.0,5216000.0,14788000.0,79902514.72,76374514.72,30.247316351296934,2.350835322195704,0.013526485731739243,0.02048164910310198,0.017565307277871967,30.247316351296934,0.02239767434177926,4.403312835886696,29.4625791740413,2.6395730144362592,0.11061946902654868,2.79409509202454,0.000938643799420084,0.39588969369054894,1.850967913020419,0.01479186665503098,-116.64600689051095,0.1968477901465888,-0.3,-0.2986790436678346,0.02071108727555748,0.26318087648182725,0.2459016393442623,-0.3130699088145897,-0.5400355871886121,2.3041034935866116,0.665311259369108,0.2780060784117501,Oil & Gas Integrated,Energy,SLNG
2013Q3,2013,Q3,2013-09-30,2013-09-30,987000.0,17585000.0,1124000.0,0.8,2867000.0,0.16303667898777366,45710000.0,29177000.0,27250000.0,12668000.0,16533000.0,7454000.0,14197000.0,56748530.16,53072530.16,29.16233134733229,2.1510893590148403,0.010938525486764383,0.017136785824450766,0.03407664576022075,29.16233134733229,0.03382801521746581,3.227098672732442,14.373994468085106,1.9449748144086096,0.07598784194528875,1.9745103300241482,0.0013216201333944822,0.38470794136950337,1.5456267761288285,0.021592649310872895,-23.02171608924949,0.16303667898777366,-0.1666666666666666,70.9483534316476,0.13502944878388673,0.26547702836036674,0.19657762938230383,-0.1402439024390244,1.8383838383838385,3.8096037228654134,0.625781146809409,0.2679923331999803,Oil & Gas Integrated,Energy,SLNG
2013Q2,2013,Q2,2013-06-30,2013-06-30,1148000.0,15169000.0,396000.0,0.96,2396000.0,0.15795372140549804,44700000.0,28078000.0,26583000.0,12302000.0,16622000.0,6796000.0,13293000.0,57974362.8,53066362.8,27.470490111191012,2.160868151520078,0.011498881431767338,0.01830614716147874,0.010405649293765034,27.470490111191012,0.04088610299878909,3.8218974751137185,12.62507900696864,2.0647611225870786,0.06533101045296168,1.87948793407887,0.0012936752795151033,0.33935123042505594,1.4836611933019022,0.025682326621923938,300.3852994818653,0.15795372140549804,-0.3333333333333333,1.0814753311609004,-0.1427369676898884,0.19277652303885634,-0.1959731543624161,-0.3394706559263521,-0.34219269102990035,1.9516555034365006,0.7337433082150978,0.18288383290892135,Oil & Gas Integrated,Energy,SLNG
2013Q1,2013,Q1,2013-03-31,2013-03-31,1738000.0,14430000.0,602000.0,1.44,2980000.0,0.20651420651420652,43034000.0,26936000.0,24812000.0,12113000.0,16098000.0,5195000.0,12231000.0,41010160.72,36321160.72,27.375959037694795,2.0483777759432016,0.011944044244086072,0.019082269082269083,0.019124787393399668,27.375959037694795,0.06452331452331453,2.8420069799029797,5.89904498273878,1.522503739233739,0.043153049482163405,2.2040423484119347,0.0018288150712714396,0.3353162615606265,1.5925039214067531,0.04038667100432217,41.76187446028513,0.20651420651420652,1.4820657839721254,7.362441761767001,-0.17308521653318368,0.22043067827648893,0.19726797910807553,2.0278745644599305,0.8409785932721713,5.158788322346674,0.46510539216895086,0.12056707101566286,Oil & Gas Integrated,Energy,SLNG
2012Q4,2012,Q4,2012-12-31,2012-12-31,574000.0,15036000.0,327000.0,0.5801618995349608,2489000.0,0.165536046820963,38974000.0,25185000.0,22347000.0,10109000.0,13789000.0,5616000.0,10578000.0,39891761.28,35968761.28,25.455361393358864,2.210604411910179,0.01421460460820034,0.021997220567798292,0.010199101958688579,25.455361393358864,0.022791344054000396,2.653083351955307,17.37446048780488,1.5839492269207862,0.13066202090592335,2.234152421652422,0.0018800874564944754,0.3857956586442244,1.62360273024038,0.014727767229435008,-47.153382127659576,0.165536046820963,0.20867062403116834,1.4856777668641528,-0.11683092846362875,0.15236763326474206,0.47365304914150386,-0.018803418803418803,1.6585365853658536,2.7869258373272916,0.21380398163305567,0.02391154983568683,Oil & Gas Integrated,Energy,SLNG
2012Q3,2012,Q3,2012-09-30,2012-09-30,585000.0,11725000.0,123000.0,0.48,1689000.0,0.1440511727078891,37482000.0,20538000.0,21532000.0,8182000.0,16944000.0,5577000.0,10089000.0,37913003.28,33423003.28,20.75847577116555,2.6316304082131508,0.04252707966490582,0.07761223098646411,0.003979406082698202,20.75847577116555,0.02848378615249781,3.233518403411514,16.202138153846157,1.8459929535495179,0.1282051282051282,1.7995337995337994,0.0019782131066246674,0.3128168187396617,1.749694451234417,0.015607491595966064,13.882461838154523,0.1440511727078891,-0.3333333333333333,0.8293306177824756,-0.13514729462845465,-0.10272740281638779,-0.2223756906077348,-0.28308823529411764,-0.26785714285714285,2.339922376283976,-0.04742260450044942,-0.15438128222427558,Oil & Gas Integrated,Energy,SLNG
2012Q2,2012,Q2,2012-06-30,2012-06-30,816000.0,12872000.0,168000.0,0.72,2172000.0,0.1687383467992542,36436000.0,19868000.0,21447000.0,7568000.0,16568000.0,4752000.0,9589000.0,33631372.0,31818372.0,20.08576991744494,2.8339059196617336,0.05851355801954111,0.10730823434668814,0.005873018593093994,20.08576991744494,0.04107106905576807,2.6127541951522684,10.303729166666667,1.692740688544393,0.0,2.2516835016835017,0.0,0.3532769788121638,2.175872093023256,0.022395433088154573,-22.25769159497022,0.1687383467992542,1.2499999999999998,0.028205178212896913,-0.19143182711400464,-0.21609554496716257,0.22573363431151242,1.4431137724550898,1.8442211055276383,3.7250525675743646,0.027336808452284568,-0.17797769329933982,Oil & Gas Integrated,Energy,SLNG
2012Q1,2012,Q1,2012-03-31,2012-03-31,334000.0,14432000.0,-199000.0,0.32,1772000.0,0.12278270509977827,35950000.0,18154000.0,20947000.0,10108000.0,17796000.0,4962000.0,8827000.0,39131087.04000001,41649087.04000001,18.482884445829082,2.0723189552829444,0.14383866481223923,0.2848408064338438,-0.006736549780950137,18.482884445829082,0.01839814916822739,2.7114112416851444,29.289735808383234,2.155507714002424,0.0,2.551390568319226,0.0,0.40144645340751045,1.2336762960031658,0.00929068150208623,-39.76736487804879,0.12278270509977827,1.0602198383993844,1.2837524218576668,0.35484218869861656,-0.39529659704464987,-0.21869488536155202,1.06425548287803,-2.7927927927927927,-0.4993588031600297,-0.11783168907612956,-0.2513021495568973,Oil & Gas Integrated,Energy,SLNG
2011Q4,2011,Q4,2011-12-31,2011-12-31,-5198000.0,14740000.0,111000.0,-5.313863479302716,2268000.0,0.15386702849389416,36231000.0,17521000.0,22347000.0,11104000.0,18710000.0,4945000.0,8493000.0,39738234.304000005,41200234.304000005,17.911543289892823,2.0125180115273773,0.14382710938146892,0.2974145311340677,-0.0425868332138593,17.911543289892823,-0.2966725643513498,2.6959453394843966,-1.911227121200462,2.268034604417556,0.0,2.522143579373104,0.0,0.40683392674781266,1.5369236311239194,-0.1434683006265353,22.476376868778285,0.15386702849389416,-17.60582337282099,-5.483997739044054,0.4162907398864168,-0.4338633749571913,0.03893724232707284,-15.479108635097493,1.1346153846153846,-6.500946669427664,-0.15173129268564606,-0.25198259940509143,Oil & Gas Integrated,Energy,SLNG
2011Q3,2011,Q3,2011-09-30,2011-09-30,359000.0,13704000.0,52000.0,0.32,2183000.0,0.15929655575014595,36329000.0,22609000.0,20297000.0,8309000.0,13720000.0,5131000.0,13691000.0,28954601.6,32333601.6,23.112954867940577,2.442772896858828,0.14451264829750338,0.23220841257906144,0.0009825346931905418,23.112954867940577,0.015878632403025342,2.1128576765907767,20.163371587743736,1.2806670617895528,0.0,2.2453712726564024,0.0,0.37721930138456883,1.4613070164881454,0.009881912521676898,-51.520643416370106,0.15929655575014595,1.4444444444444446,10.70767222881235,0.28614538002360795,-0.2879063215111366,0.449535192563081,1.4938101788170564,1.040625,25.76644339374207,-0.09529993913661695,0.0029689702975116477,Oil & Gas Integrated,Energy,SLNG
2011Q2,2011,Q2,2011-06-30,2011-06-30,-727000.0,11427000.0,-1280000.0,-0.72,1506000.0,0.13179312155421372,34782000.0,22157000.0,19147000.0,7081000.0,12625000.0,4832000.0,13332000.0,27141090.8,29874090.8,22.662254974660044,2.7039966106482134,0.15206141107469381,0.23870560093875526,-0.028467777318692444,22.662254974660044,-0.032811301168930815,2.3751720311542837,-9.33324993122421,1.2249442975132014,0.0,2.053187086092715,0.0,0.32853199930998794,1.5232311820364355,-0.02090161577827612,-23.533601493465223,0.13179312155421372,-1.2499999999999998,-1.604363367344148,0.006203159190443253,-0.3154741009949849,0.25745203146134965,-1.2464896667655494,-1.1566103476860246,-2.378020621271834,-0.3248794965306463,-0.01599841926798897,Oil & Gas Integrated,Energy,SLNG
2011Q1,2011,Q1,2011-03-31,2011-03-31,-323616.0,12068469.0,-593524.0,-0.32,1197660.0,0.09923876839721757,34537790.0,23181730.0,18128239.0,6773439.0,11356060.0,4241744.0,14056945.0,21175081.2,23772924.2,23.909659586098776,2.676371485740109,0.1260224235540259,0.18775716911550605,-0.013149082849062558,23.909659586098776,-0.013959958984942022,1.7545789113764139,-16.358184700385642,0.9134383499419586,0.0,2.562815907796416,0.0,0.34942794544758077,1.6106555325883942,-0.009369910466187906,45.41173044300662,0.09923876839721757,-2.5606799323290104,0.3210254528165612,0.0787806528174117,-0.23345295466605084,-0.5245607488507618,-2.629420768549102,-0.9775827485789301,-2.5801729763385626,-0.29816032535656267,0.06590172880678036,Oil & Gas Integrated,Energy,SLNG
2010Q4,2010,Q4,2010-12-31,2010-12-31,198608.0,10546447.0,-300126.0,0.20503883811875667,2519060.0,0.2388539002756094,34026726.0,22925274.0,18457461.0,6481055.0,11101452.0,3820086.0,14380561.0,17280466.24,20331664.24,23.667584107962124,2.847909946760211,0.1297601185609218,0.19259582240979978,-0.017442842983244524,23.667584107962124,0.008663277045238369,1.6385106984371134,21.751976556835576,0.7537735967735871,0.0,2.1013629012540553,0.0,0.3099459818731899,2.120533462530406,0.005836823677952442,-15.95637438110698,0.2388539002756094,1.6407463691211148,1.2816747582809802,-0.05110995500712934,-0.2514614061972413,2.746025797740244,1.583959118627722,0.6867193453095479,1.171646578477078,-0.36726801138358456,0.07143471515207318,Oil & Gas Integrated,Energy,SLNG
2010Q3,2010,Q3,2010-09-30,2010-09-30,-340106.0,10471828.0,-958010.0,-0.32,672462.0,0.06421629537841912,32206363.0,22277488.0,18348181.0,6277551.0,9928875.0,3670254.0,14181953.0,17977884.16,19916797.16,22.998823087310402,2.9228246811535263,0.1079763958445106,0.15610049930225525,-0.0242923240354007,22.998823087310402,-0.015266802073914258,1.7167856614910024,-13.21491252727091,0.8069978159117401,0.0,2.669942189287172,0.0,0.32514779765725177,1.8452601978064376,-0.01056021134705586,220.6904343129312,0.06421629537841912,0.7333333333333333,-8.214147504108785,-0.15153082086923564,-0.2860294616828747,646.2204042348412,0.7023538225111408,0.4809899660913372,-2.0863073375511165,-0.21104200884949972,-0.005889741077133902,Oil & Gas Integrated,Energy,SLNG
2010Q2,2010,Q2,2010-06-30,2010-06-30,-1142652.0,8287509.0,-1845841.0,-1.2,1039.0,0.0001253693962805953,31307473.0,22484122.0,17958691.0,5137936.0,8823351.0,4043838.0,14522059.0,16187802.399999999,18290373.4,23.22332028466075,3.495312319966617,0.11304623659661066,0.15740850365426767,-0.0461013043174179,23.22332028466075,-0.05082039672262942,1.953277203077547,-3.5417175132936363,0.7199659564202685,0.0,2.0491597338963627,0.0,0.2647134439755007,2.019756766141112,-0.036497739693011955,-26.120691719471832,0.0001253693962805953,-1.9999999999999998,-8.681184479127156,-0.25048771882634674,-0.27559253483988233,-0.9977581619949122,-1.788323055937179,-0.5006861799775284,-2.471016887517672,-0.4681261102156631,-0.09364369368840102,Oil & Gas Integrated,Energy,SLNG
2010Q1,2010,Q1,2010-03-31,2010-03-31,-409799.0,9657960.0,-1229998.0,-0.4,463459.0,0.04798725610791513,34020379.0,23571281.0,20291837.0,6742811.0,10449098.0,3713815.0,15664711.0,21380677.12,23862619.12,24.43045110444098,3.0094031999413895,0.10215388840906212,0.147438486690647,-0.029560049980413432,24.43045110444098,-0.017385520965110042,2.2137881208868126,-13.04339268763467,0.9070647081081423,0.0,2.4757563314273865,0.0,0.2838874899071524,1.818632614795224,-0.012045691789618217,-44.7321639178946,0.04798725610791513,-3.61094417979724,0.21038349463095452,0.012498619436429938,-0.2495017524055351,-0.638310624619061,-3.7808246135472228,-1.5634304173396552,0.6455827200188814,-0.07700685047624548,-0.2007104214773402,Oil & Gas Integrated,Energy,SLNG
2009Q4,2009,Q4,2009-12-31,2009-12-31,147366.0,12043590.0,-479825.0,0.15320128369464533,1281373.0,0.10639460493092176,33521563.0,23913972.0,20641321.0,5901465.0,9607591.0,3563481.0,16074510.0,17391350.88,19404948.88,24.86089877337924,3.497660496164935,0.10473565925312014,0.14681387935053197,-0.017610099255380395,24.86089877337924,0.006162338903800674,1.4440337872677498,29.503669231708805,0.7272464348457044,0.0,3.0201415413748522,0.0,0.3592788916197016,2.11102683825118,0.004396155394066798,54.34066947253962,0.10639460493092176,-0.04249197690846668,1.1510218400453587,0.19009952177246967,-0.30860450942223205,-0.29780123969682176,-0.13462249913383562,-2.9628276663285007,1.1869368268424305,0.1767979032516981,-0.21421258351121994,Oil & Gas Integrated,Energy,SLNG
2009Q3,2009,Q3,2009-09-30,2009-09-30,170291.0,11966986.0,244456.0,0.16,1824801.0,0.15248626512974947,33653477.0,23613250.0,21591594.0,6331715.0,10040227.0,4115902.0,15927144.0,18083926.8,20629256.8,24.548269018651414,3.4100704153613988,0.10536703235745894,0.15016852826273386,0.0058394327561162515,24.548269018651414,0.007211671413295501,1.511151329165088,26.548565103264416,0.765838112076906,0.0,2.464146376663001,0.0,0.35559434170799054,2.109141362174387,0.005060130933870518,338.0615557175705,0.15248626512974947,1.5,1.1570741246032041,0.09931278532250266,-0.22636187254344703,1.5567821664261394,1.5852889823750997,1.2410264348584,5.682775559131868,0.14213775094246248,-0.243685314755116,Oil & Gas Integrated,Energy,SLNG
2009Q2,2009,Q2,2009-06-30,2009-06-30,-290952.0,12174167.0,-1014229.0,-0.32,713710.0,0.058624955612979514,35492685.0,23484246.0,22980001.0,7284997.0,12008439.0,3784052.0,15756854.0,16223486.159999998,19001922.159999996,24.434580124793598,3.1544283408764615,0.12905515601313342,0.19504624504444384,-0.023115434452221507,24.434580124793598,-0.01238924170697241,1.3326157066844901,-13.940002268415407,0.6908242299965687,0.0,3.0286203783668935,0.0,0.3430049600361314,1.8899298105407594,-0.008197520136895814,-39.72391727839454,0.058624955612979514,-1.5,0.7453468781956745,0.21638019728528105,-0.2568114408764732,-0.6796753083255875,-1.446528930946951,-3.430694125231571,-1.246048750633361,0.09050785939790285,-0.2619400432376735,Oil & Gas Integrated,Energy,SLNG
2009Q1,2009,Q1,2009-03-31,2009-03-31,651586.0,15978166.0,417259.0,0.64,2228083.0,0.13944547828580578,38019346.0,23681958.0,24489333.0,9641933.0,14337388.0,4268695.0,16047806.0,13583688.0,17362883.0,24.686706973835086,2.5398779477102775,0.12137378691364129,0.19485517202589414,0.009482228087714822,24.686706973835086,0.027514025656155627,0.8501406231478632,5.211778644722262,0.5735880453803693,0.0,3.221144401274863,0.0,0.4202640939694228,1.4733015672272354,0.0171382748140907,19.190336799276672,0.13944547828580578,-0.33746776104686865,1.3669602142462165,1.0683487644002772,-0.3090962072150338,-0.09084443450630979,-0.2955583328288114,0.010495852757764728,2.381698413506951,0.44353030108728725,-0.2085407062499319,Oil & Gas Integrated,Energy,SLNG
2008Q4,2008,Q4,2008-12-31,2008-12-31,924968.0,17009514.0,412925.0,0.9659907282568851,2450717.0,0.14407919003447128,38697512.0,22928469.0,25774777.0,11006059.0,15769043.0,4387672.0,15396220.0,14171488.4,18670980.4,23.945356452466914,2.341871599997783,0.12011340677405824,0.2027213417520376,0.009942861086061499,23.945356452466914,0.04034146370610266,0.8331506943702213,3.830264506447791,0.6180739062865471,0.0,3.3181142528429657,0.0,0.43955058402721087,1.5347763445571208,0.02390251859085928,-108.001222411901,0.14407919003447128,59.37442051605532,1.8023573227745318,0.6931824500311679,-0.402434192581458,0.6731984242399416,69.45228120953614,1.90475355777342,2.3270422685766046,0.5481337427691595,-0.24267625435392481,Oil & Gas Integrated,Energy,SLNG
2008Q3,2008,Q3,2008-09-30,2008-09-30,13129.0,14827591.0,-456395.0,0.016,1464690.0,0.0987813866729936,36146944.0,22065904.0,23295116.0,9530314.0,14081040.0,3168192.0,14471252.0,24589447.44,28967272.44,23.04453632407447,2.4443177842828683,0.14322964619083706,0.2346295896148193,-0.010554489834176664,23.04453632407447,0.0005949903525366557,1.6583575470890721,468.2277294538807,1.1143639272608092,0.0,4.217831810698342,0.0,0.4102031695957478,1.6849894977227402,0.0003632118942060496,66.05006229098674,0.0987813866729936,-0.9714285714285714,1.0085695479946906,0.546676123200073,-0.3911350849538577,-0.3465691859785558,-0.9745831453865766,-3.2806522217114074,-0.7182854823203128,0.21532106198444456,-0.2846103497510703,Oil & Gas Integrated,Energy,SLNG
2008Q2,2008,Q2,2008-06-30,2008-06-30,516547.0,16572273.0,200116.0,0.56,2241538.0,0.1352583317931101,39051303.0,22046838.0,25690762.0,11447324.0,17004465.0,3750281.0,14458123.0,42120320.0,47853940.0,23.0307099281297,2.244259182320689,0.15829663865505333,0.28038896099295507,0.004465994391973983,23.0307099281297,0.023429527626592075,2.5416139355174754,20.38552154982993,1.910492561336914,0.0,3.821242994858252,0.0,0.424371832099943,1.8725028661720415,0.013227394742756728,-38.195052635683446,0.1352583317931101,1.3333333333333337,1.1498888352517895,1.2738019819263475,-0.33209912068859576,0.005251075306671498,1.5545708563091911,1.5737399200030866,2.5118559288403737,0.5158263600940847,-0.28160064989095906,Oil & Gas Integrated,Energy,SLNG
2008Q1,2008,Q1,2008-03-31,2008-03-31,202205.0,16977776.0,77753.0,0.24,2229829.0,0.13133810930241982,38357941.0,21473123.0,25416081.0,11327677.0,16884818.0,2898882.0,13941576.0,37525376.0,42337586.0,22.431392069196054,2.243715194209722,0.16115802461868325,0.2878803423237505,0.0017712862881865917,22.431392069196054,0.00941665541616839,2.2102645246350288,46.39521277911031,1.747550926802776,0.0,5.087460269165837,0.0,0.442614372862193,1.9101550123648476,0.005271529042708523,48.675338421546904,0.13133810930241982,1.200914027861584,1.2640353695547437,0.5833164681204541,-0.48323777922418615,10.730063839349999,1.1768283617983226,1.033377849725196,1.3926900772779902,0.7939178456584708,-0.310912419624712,Oil & Gas Integrated,Energy,SLNG
2007Q4,2007,Q4,2007-12-31,2007-12-31,-1143510.0,16472699.0,-2329479.0,-1.1945407822162795,-229169.0,-0.013912049264058063,36338065.0,21145950.0,24370900.0,10192115.0,15192115.0,3023087.0,13739371.0,30632960.0,35539466.0,22.089618502423534,2.3911523761260542,0.1513564357375661,0.2600970871490758,-0.05509901763511996,22.089618502423534,-0.054077021841061765,1.8596199687737875,-6.697134262052803,1.4486443030462097,0.0,5.524772525567409,0.0,0.45331800138504896,2.002674224142879,-0.03146865415095713,-24.259599355357306,-0.013912049264058063,-4.7329399444258735,-3.76685437305321,1.0780405205618242,-0.42150628937042334,-1.149537460873242,-4.695728053675658,-15.283572282376955,-0.1775472279925167,0.6356409940330761,-0.385675362730142,Oil & Gas Integrated,Energy,SLNG
2007Q3,2007,Q3,2007-09-30,2007-09-30,309414.0,13117377.0,-143057.0,0.32,1532519.0,0.11683120794652772,39598305.0,22146752.0,28378571.0,12951553.0,17451553.0,6785837.0,14882881.0,59734272.0,62958263.0,23.135082734414173,2.1911326772936035,0.11364122782528191,0.20319006597445982,-0.003493234866131504,23.135082734414173,0.013971078016315891,4.553827491578537,48.26403459442688,2.6972023708036286,0.0,1.7072113580093362,0.0,0.33126107291713625,1.6252260250180037,0.007813819303629285,-25.268593169211325,0.11683120794652772,-0.6,1.1154367639858385,0.7115906283644122,-0.38574444781502604,-0.15245453313681953,-0.5488092252235437,-1.384946774731721,1.2867799720825757,0.21081948796355077,-0.270898405439266,Oil & Gas Integrated,Energy,SLNG
2007Q2,2007,Q2,2007-06-30,2007-06-30,685772.0,13756209.0,371628.0,0.8,1808185.0,0.13144500785063676,33610587.0,21900821.0,22816254.0,9209766.0,11709766.0,4491203.0,14573467.0,35420508.48,36155866.48,25.622727091917795,2.4773977970775807,0.07438132514615112,0.11415097178320392,0.010123805156295018,25.622727091917795,0.031312616088684526,2.5748742607792594,12.91264023611346,1.617314185618886,0.0,2.6603170687230127,0.0,0.40928202176296413,1.9180475377984632,0.020403452043250538,-11.013593128512047,0.13144500785063676,1.6666666666666667,1.286541796912203,1.280578878925538,-0.41656030947193434,5.42990238785271,4.020609520285776,2.349803864593927,1.6749072637621156,0.545487680133823,-0.22067342548949997,Oil & Gas Integrated,Energy,SLNG
2007Q1,2007,Q1,2007-03-31,2007-03-31,-227031.0,2054547.0,-275320.0,-1.2,281215.0,0.1368744545634634,6692722.0,5790395.0,3822295.0,902327.0,902327.0,1527621.0,-10062603.0,6744206.4,5919931.4,30.565206604590276,4.236041922717596,0.0,0.0,,30.565206604590276,-0.039208206003217394,3.2825758670889496,-7.426525892939731,1.1647230283944359,0.0,1.1608455238570299,0.0,0.30698227118951005,2.3791241977686584,-0.03392207236457752,95.5567797330613,0.1368744545634634,-0.464244860102025,0.0013275690969362839,0.34699585476068595,-0.22394994436591623,-0.29417094609179306,-0.4623009738754058,-0.4619873724902957,0.35255036890916336,0.3467485372928216,-0.14457537035013895,Oil & Gas Integrated,Energy,SLNG
