Quarters,Year,Quarter,FillingDate,Date,NetIncome,Revenue,OperatingIncome,EPSDiluted,GrossProfit,GrossProfitRatio,TotalAssets,CommonStockEquity,CurrentAssets,CurrentLiability,TotalLiability,Inventory,RetainedEarnings,MarketCap,EnterpriseValue,bookValuePerShare,currentRatio,debtToAssets,debtToEquity,roic,shareholdersEquityPerShare,roe,priceToSalesRatio,peRatio,pbRatio,payoutRatio,inventoryTurnover,dividendYield,assetTurnover,quickRatio,returnOnAssets,priceToFreeCashFlowsRatio,grossProfitMargin,epsdilutedGrowth,fiveYNetIncomeGrowthPerShare,fiveYRevenueGrowthPerShare,fiveYShareholdersEquityGrowthPerShare,grossProfitGrowth,netIncomeGrowth,operatingIncomeGrowth,threeYNetIncomeGrowthPerShare,threeYRevenueGrowthPerShare,threeYShareholdersEquityGrowthPerShare,Industry,Sector,Symbol
2023Q1,2023,Q1,2023-05-08,2023-03-31,766000000.0,-129000000.0,298000000.0,1.32,-151000000.0,1.1705426357,66111000000.0,7792000000.0,1321000000.0,547000000.0,58319000000.0,0.0,-7674000000.0,11707653000.0,10824653000.0,13.450716381840152,2.4149908592321756,0.0013915989774772731,0.011806981519507187,-0.1917438621602642,13.450716381840152,0.09830595482546202,-90.757,3.8210355744125324,1.502522202258727,0.31070496083550914,0.0,0.020328583363377783,-0.001951263783636611,3.047531992687386,0.011586574095082514,450.29434615384616,1.1705426356589148,-0.16455696202531644,0.6341453087493365,-1.2639946947986063,-0.15469232620721513,-1.2881679389312977,-0.08482676224611709,-0.6456599286563615,1.2861948000453196,0.9513404273974212,-0.2806516244045479,REIT—Mortgage,Real Estate,AGNCO
2022Q4,2022,Q4,2023-02-27,2022-12-31,837000000.0,575000000.0,841000000.0,1.58,524000000.0,0.9113043478,51748000000.0,7870000000.0,1138000000.0,486000000.0,43878000000.0,0.0,-7284000000.0,10515843000.0,9592843000.0,14.885568375260071,2.3415637860082303,0.001835819741825771,0.01207115628970775,0.15753346022538445,14.885568375260071,0.10635324015247777,18.28842260869565,3.140932795698925,1.3361935196950445,0.2724014336917563,0.0,0.021681571320530366,0.011111540542629667,2.3415637860082303,0.016174538146401792,111.87067021276596,0.9113043478260869,1.9693251533742333,1.154699471136014,0.4071318654888416,-0.10897443127298635,-0.17996870109546165,1.9709976798143851,2.6955645161290325,-0.047578304951360194,-0.36396383312167313,-0.2935388254110789,REIT—Mortgage,Real Estate,AGNCO
2022Q3,2022,Q3,2022-11-07,2022-09-30,-862000000.0,650000000.0,-496000000.0,-1.63,639000000.0,0.9830769231,58524000000.0,7222000000.0,2145000000.0,837000000.0,51302000000.0,0.0,-7610000000.0,10891220000.0,10013220000.0,13.659920559863817,2.5627240143369177,0.0016745266899049962,0.013569648296870672,-0.08770081556966804,13.659920559863817,-0.11935751869288286,16.755723076923076,-3.158706496519722,1.5080614788147328,-0.2482598607888631,0.0,0.019648854765581814,0.011106554575900485,3.959378733572282,-0.014729000068348028,48.1912389380531,0.9830769230769231,-0.6632653061224489,-3.98719249352879,1.1261441445827958,-0.18578109733037887,0.3801295896328294,-0.6770428015564203,-0.4011299435028249,-212.5842632873085,41.94811172057248,-0.29914830379235874,REIT—Mortgage,Real Estate,AGNCO
2022Q2,2022,Q2,2022-08-04,2022-06-30,-514000000.0,475000000.0,-354000000.0,-0.98,463000000.0,0.9747368421,61240000000.0,8040000000.0,2912000000.0,803000000.0,53200000000.0,0.0,-6726000000.0,11066880000.0,10267880000.0,15.34351145038168,3.62640099626401,0.0017472240365774003,0.013308457711442786,-0.05146108459815861,15.34351145038168,-0.06393034825870647,23.298694736842105,-5.38272373540856,1.3764776119402986,-0.4163424124513619,0.0,0.019336976636594956,0.007756368386675375,6.12453300124533,-0.008393207054212933,34.369192546583854,0.9747368421052631,0.20967741935483872,-22.416666666666668,10.875,0.038089089735313164,-0.3551532033426184,0.21044546850998463,0.4326923076923077,-0.15765765765765774,2.1202830188679247,-0.2228880726850957,REIT—Mortgage,Real Estate,AGNCO
2022Q1,2022,Q1,2022-05-09,2022-03-31,-651000000.0,718000000.0,-624000000.0,-1.24,718000000.0,1.0,66394000000.0,8930000000.0,3321000000.0,743000000.0,57464000000.0,0.0,-6078000000.0,12748920000.0,11860920000.0,17.041984732824428,4.469717362045761,0.0017471458264300991,0.012989921612541993,-0.06898076497899625,17.041984732824428,-0.0729003359462486,17.756155988857937,-4.89589861751152,1.4276506159014557,-0.3271889400921659,0.0,0.01670729755932267,0.010814230201524234,4.469717362045761,-0.009805102870741333,34.36366576819407,1.0,-23.07766990291262,-9.56578947368421,6.720430107526881,0.22462973121228744,103.57142857142857,-23.11111111111111,-51.0,-3.456603773584906,1.5281690140845068,-0.14960479954290068,REIT—Mortgage,Real Estate,AGNCO
2021Q4,2021,Q4,2022-02-23,2021-12-31,-27000000.0,-7000000.0,-12000000.0,-0.0515,-7000000.0,1.0,68149000000.0,10291000000.0,998000000.0,400000000.0,57858000000.0,0.0,-5214000000.0,13451080000.0,12579080000.0,19.639312977099237,2.495,0.0018488899323541065,0.012243708094451463,-0.0011519631371796103,19.639312977099237,-0.0026236517345253133,-1921.5828571428572,-124.54703703703704,1.3070721990088427,-7.925925925925926,0.0,0.015909503177440026,-0.00010271610735300592,2.495,-0.0003961906997901657,35.774148936170214,1.0,-1.12875,-1.0264965652600588,-1.0067567567567568,0.39899401848830884,0.0,-1.1273584905660377,0.0,0.9664179104477612,0.9910828025477707,0.03886533414092475,REIT—Mortgage,Real Estate,AGNCO
2021Q3,2021,Q3,2021-11-05,2021-09-30,212000000.0,234000000.0,0.0,0.4,0.0,0.0,68805000000.0,10679000000.0,0.0,0.0,58126000000.0,0.0,-4973000000.0,13440600000.0,12593600000.0,20.379770992366414,0.0,0.0019475328827846814,0.012547991384961139,0.0,20.379770992366414,0.01985204607172956,57.43846153846154,15.849764150943395,1.2586009926023034,1.009433962264151,0.0,0.015921908248143685,0.0034009156311314583,0.0,0.0030811714264951675,34.2,0.0,1.5099764135908715,-0.5851272015655578,-0.5551330798479087,0.34648846299331754,0.0,1.5158150851581509,0.0,-0.01851851851851855,-0.10344827586206896,0.10927599459852516,REIT—Mortgage,Real Estate,AGNCO
2021Q2,2021,Q2,2021-08-05,2021-06-30,-411000000.0,-389000000.0,0.0,-0.78435,0.0,0.0,75055000000.0,10668000000.0,0.0,0.0,64387000000.0,0.0,-4972000000.0,13534920000.0,12735920000.0,20.358778625954198,0.0,0.001971887282659383,0.013873265841769778,0.0,20.358778625954198,-0.03852643419572553,-34.79413881748072,-8.232919708029197,1.268740157480315,-0.5182481751824818,0.0,0.01573707122022147,-0.0051828658983412166,0.0,-0.005475984278195989,39.460408163265306,0.0,-1.4216935483870967,-2.0444444444444443,-2.2416666666666663,0.3850947805764736,0.0,-1.4215384615384616,0.0,-2.402730375426621,-2.2508038585209005,0.1798274717982747,REIT—Mortgage,Real Estate,AGNCO
2021Q1,2021,Q1,2021-05-07,2021-03-31,975000000.0,999000000.0,0.0,1.86,0.0,0.0,85545000000.0,11364000000.0,0.0,0.0,74181000000.0,0.0,-4348000000.0,12906120000.0,12108120000.0,21.68702290076336,0.0,0.0019288093985621604,0.014519535374868005,0.0,21.68702290076336,0.08579725448785638,12.919039039039038,3.3092615384615387,1.135702217529039,0.2246153846153846,0.0,0.016968693921953305,0.011678064176749079,0.0,0.011397510082412765,30.15448598130841,0.0,0.25675675675675685,2.2629533678756477,2.304177545691906,0.4835509138381201,0.0,0.25806451612903225,0.0,1.2995283018867922,1.260180995475113,0.36291676661069816,REIT—Mortgage,Real Estate,AGNCO
2020Q4,2020,Q4,2021-02-26,2020-12-31,775000000.0,800000000.0,0.0,1.48,0.0,0.0,81817000000.0,11079000000.0,0.0,0.0,70738000000.0,0.0,-5106000000.0,12948040000.0,12108040000.0,21.143129770992367,0.0,0.00216336458193285,0.015976171134578932,0.0,21.143129770992367,0.06995216174745013,16.18505,4.176787096774194,1.168701146312844,0.2864516129032258,0.0,0.017145452130206577,0.009777919014385763,0.0,0.009472359045186209,31.580585365853658,0.0,0.1746031746031746,0.3180272108843537,0.34907251264755496,0.38991343620624774,0.0,0.17069486404833836,0.0,1.0129870129870129,0.9753086419753086,0.2655928718300206,REIT—Mortgage,Real Estate,AGNCO
2020Q3,2020,Q3,2020-11-05,2020-09-30,662000000.0,683000000.0,0.0,1.26,0.0,0.0,79968000000.0,10720000000.0,0.0,0.0,69248000000.0,0.0,-5661000000.0,11936720000.0,11271720000.0,20.458015267175572,0.0,0.0024009603841536613,0.01791044776119403,0.0,20.458015267175572,0.06175373134328358,17.476896046852122,4.507824773413898,1.1135000000000002,0.3368580060422961,0.0,0.018681848950130354,0.008540916366546619,0.0,0.008278311324529813,21.277575757575757,0.0,-0.08029197080291978,2.0458135860979465,2.0875796178343946,0.289081289081289,0.0,-0.07799442896935933,0.0,1.3146853146853148,1.2541254125412542,0.219428961437834,REIT—Mortgage,Real Estate,AGNCO
2020Q2,2020,Q2,2020-08-07,2020-06-30,718000000.0,742000000.0,0.0,1.37,0.0,0.0,89853000000.0,10350000000.0,0.0,0.0,79503000000.0,0.0,-6100000000.0,11339360000.0,10684360000.0,19.751908396946565,0.0,0.0022703749457447164,0.01971014492753623,0.0,19.751908396946565,0.0693719806763285,15.282156334231805,3.9482451253481896,1.0955903381642513,0.34540389972144847,0.0,0.021870722862665972,0.00825793240069892,0.0,0.007990829465905423,26.432074592074592,0.0,1.2965220346173243,0.40234374999999994,0.42967244701348745,0.18719889883000682,0.0,1.2965716646014043,0.0,28.916666666666664,17.55,0.33634602969657845,REIT—Mortgage,Real Estate,AGNCO
2020Q1,2020,Q1,2020-05-11,2020-03-31,-2421000000.0,-2398000000.0,0.0,-4.62023,0.0,0.0,85137000000.0,9798000000.0,0.0,0.0,75339000000.0,0.0,-6592000000.0,9694000000.0,8619000000.0,18.698473282442748,0.0,0.002513595733934717,0.02184119208001633,0.0,18.698473282442748,-0.24709124311083894,-4.042535446205171,-1.0010326311441553,0.989385588895693,-0.1144155307724081,0.0,0.028574375902620176,-0.028166367149417997,0.0,-0.028436519961943692,27.936599423631122,0.0,-3.78327108433735,-8.607142857142858,-8.747967479674795,0.04724241128687476,0.0,-3.779563719862227,0.0,-32.85526315789475,-26.78494623655914,0.34366428963247386,REIT—Mortgage,Real Estate,AGNCO
2019Q4,2019,Q4,2020-02-25,2019-12-31,871000000.0,896000000.0,0.0,1.66,0.0,0.0,113082000000.0,11041000000.0,0.0,0.0,102041000000.0,0.0,-3886000000.0,13440600000.0,12837600000.0,21.0706106870229,0.0,0.002016236005730355,0.020650303414545785,0.0,21.0706106870229,0.07888778190381306,15.000669642857142,3.857807118254879,1.217335386287474,0.3168771526980482,0.0,0.02053479755368064,0.007923453776905254,0.0,0.0077023752675049965,36.03378016085791,0.0,218.56225425950197,3.7049689440993787,3.8264984227129335,0.17108612643190485,0.0,218.75,0.0,-0.14524043179587828,-0.1351351351351352,0.5009516041326806,REIT—Mortgage,Real Estate,AGNCO
2019Q3,2019,Q3,2019-11-05,2019-09-30,-4000000.0,15000000.0,0.0,-0.00763,0.0,0.0,109761000000.0,10213000000.0,0.0,0.0,99548000000.0,0.0,-4473000000.0,13126200000.0,12458200000.0,19.490458015267176,0.0,0.0021683475915853538,0.023303632625085675,0.0,19.490458015267176,-0.0003916576911779105,875.08,-820.3875,1.2852442964848723,-69.0,0.0,0.02102664899209215,0.00013666056249487523,0.0,-3.644281666530006e-05,54.01728395061728,0.0,0.9909952438837288,-1.0203045685279188,-0.9257425742574257,0.09148231270706429,0.0,0.990990990990991,0.0,-1.0078277886497065,-0.9714828897338403,0.28773168578993835,REIT—Mortgage,Real Estate,AGNCO
2019Q2,2019,Q2,2019-08-05,2019-06-30,-444000000.0,-424000000.0,0.0,-0.84733,0.0,0.0,106576000000.0,10346000000.0,0.0,0.0,96230000000.0,0.0,-4194000000.0,13052840000.0,12433840000.0,19.744274809160306,0.0,0.002355126857829155,0.02426058380050261,0.0,19.744274809160306,-0.042915136284554414,-30.785,-7.349572072072072,1.261631548424512,-0.6509009009009009,0.0,0.022140775494068725,-0.003978381624380724,0.0,-0.00416604113496472,55.544,0.0,-2.66143137254902,-14.875,-12.157894736842106,0.07647487254187908,0.0,-2.6754716981132076,0.0,-2.2888888888888888,-2.5333333333333337,0.34328745780316805,REIT—Mortgage,Real Estate,AGNCO
2019Q1,2019,Q1,2019-05-03,2019-03-31,265000000.0,284000000.0,0.0,0.51,0.0,0.0,118807000000.0,10501000000.0,0.0,0.0,108306000000.0,0.0,-3467000000.0,13052840000.0,12389840000.0,20.040076335877863,0.0,0.0022389253158483927,0.025330920864679553,0.0,20.040076335877863,0.02523569183887249,45.96070422535211,12.313999999999998,1.2430092372155033,1.1245283018867924,0.0,0.022830280613261176,0.002390431540229111,0.0,0.002230508303382797,39.674285714285716,0.0,1.3323883077524685,2.8794326241134756,3.1037037037037036,0.19140004538234642,0.0,1.3296019900497513,0.0,1.3432642487046633,1.370757180156658,0.37088772845953005,REIT—Mortgage,Real Estate,AGNCO
2018Q4,2018,Q4,2019-02-22,2018-12-31,-804000000.0,-785000000.0,0.0,-1.53435,0.0,0.0,109241000000.0,9906000000.0,0.0,0.0,99335000000.0,0.0,-3433000000.0,13052840000.0,12406840000.0,18.904580152671755,0.0,0.0025173698519786528,0.027760952957803352,0.0,18.904580152671755,-0.08116293155663235,-16.627821656050955,-4.058718905472637,1.3176700989299415,-0.3420398009950249,0.0,0.02106821197532491,-0.0071859466683754265,0.0,-0.007359874039966679,47.812600732600735,0.0,-4.7423170731707325,-7.04,-7.722222222222221,0.13901345291479816,0.0,-4.722222222222222,0.0,-2.36734693877551,-2.323777403035413,0.24275498682724883,REIT—Mortgage,Real Estate,AGNCO
2018Q3,2018,Q3,2018-11-05,2018-09-30,216000000.0,261000000.0,0.0,0.41,0.0,0.0,92031000000.0,9627000000.0,0.0,0.0,82404000000.0,0.0,-2343000000.0,13052840000.0,12272840000.0,18.37213740458015,0.0,0.003161978029142354,0.03022748519788096,0.0,18.37213740458015,0.02243689622935494,50.01088122605364,15.107453703703703,1.355857484159136,1.1666666666666667,0.0,0.019306143337388646,0.002836000912735926,0.0,0.0023470352381262834,30.355441860465117,0.0,-0.26785714285714296,1.3081312410841655,1.3760806916426513,-0.026100151745068315,0.0,-0.2627986348122867,0.0,1.3412322274881516,1.4156050955414015,0.15764790764790754,REIT—Mortgage,Real Estate,AGNCO
2018Q2,2018,Q2,2018-08-06,2018-06-30,293000000.0,311000000.0,0.0,0.56,0.0,0.0,73138000000.0,9042000000.0,0.0,0.0,64096000000.0,0.0,-2299000000.0,13052840000.0,12502840000.0,17.255725190839694,0.0,0.004279581065930159,0.03461623534616235,0.0,17.255725190839694,0.032404335324043354,41.97054662379421,11.137235494880546,1.4435788542357886,0.7747440273037542,0.0,0.017390851339631835,0.004252235500013673,0.0,0.004006125406765293,106.99049180327869,0.0,-0.30864197530864196,-0.839803171131766,-0.8307943416757345,-0.1204280155642023,0.0,-0.3089622641509434,0.0,-0.42773437499999994,-0.4007707129094412,0.037164487267721875,REIT—Mortgage,Real Estate,AGNCO
2018Q1,2018,Q1,2018-05-07,2018-03-31,424000000.0,442000000.0,0.0,0.81,0.0,0.0,69221000000.0,8338000000.0,0.0,0.0,60883000000.0,0.0,-2358000000.0,13052840000.0,12416840000.0,15.912213740458014,0.0,0.004854018289247483,0.040297433437275126,0.0,15.912213740458014,0.050851523147037656,29.53131221719457,7.69625,1.5654641400815543,0.5188679245283019,0.0,0.016854569580259927,0.006385345487641034,0.0,0.006125308793574204,45.322361111111114,0.0,0.10958904109589052,0.8354978354978356,0.768,-0.28380003435835766,0.0,0.1012987012987013,0.0,2.6825396825396823,2.796747967479675,-0.10880718255664817,REIT—Mortgage,Real Estate,AGNCO
2017Q4,2017,Q4,2018-02-26,2017-12-31,385000000.0,405000000.0,0.0,0.73,0.0,0.0,70376000000.0,8754000000.0,0.0,0.0,61622000000.0,0.0,-2562000000.0,13052840000.0,12363840000.0,16.706106870229007,0.0,0.005072752074570876,0.040781357093899934,0.0,16.706106870229007,0.0439798949051862,32.22923456790124,8.47587012987013,1.4910715101667809,0.5584415584415584,0.0,0.016471511180708564,0.005754802773672843,0.0,0.005470614982380357,40.16258461538462,0.0,0.32727272727272716,-0.5252774352651048,-0.46215139442231074,-0.19658590308370047,0.0,0.34615384615384615,0.0,2.1956521739130435,2.277602523659306,-0.07148918116249475,REIT—Mortgage,Real Estate,AGNCO
2017Q3,2017,Q3,2017-11-03,2017-09-30,286000000.0,303000000.0,0.0,0.55,0.0,0.0,65490000000.0,8791000000.0,0.0,0.0,56699000000.0,0.0,-2729000000.0,13052840000.0,12334840000.0,16.77671755725191,0.0,0.005802412582073599,0.04322602661813218,0.0,16.77671755725191,0.0325332726652258,43.0786798679868,11.409825174825176,1.48479581390058,0.7097902097902098,0.0,0.015552171021785298,0.0046266605588639485,0.0,0.00436707894335013,50.98765625,0.0,10.956521739130435,2.325581395348837,1.3129770992366412,-0.22017209261066253,0.0,10.916666666666666,0.0,0.45177664974619286,0.5000000000000001,-0.06048947312172693,REIT—Mortgage,Real Estate,AGNCO
2017Q2,2017,Q2,2017-08-03,2017-06-30,24000000.0,40000000.0,0.0,0.046,0.0,0.0,56711000000.0,7745000000.0,0.0,0.0,48966000000.0,0.0,-2800000000.0,13052840000.0,12335840000.0,14.780534351145038,0.0,0.007141471672162367,0.052291801162040026,0.0,14.780534351145038,0.0030987734021949644,326.321,135.96708333333333,1.6853247256294384,7.958333333333333,0.0,0.01463283086286203,0.0007053305355222091,0.0,0.00042319832131332546,45.16553633217993,0.0,-0.6933333333333334,1.0919540229885056,1.175438596491228,-0.15225481611208413,0.0,-0.6842105263157895,0.0,-0.24999999999999997,0.05263157894736851,-0.19415253355530127,REIT—Mortgage,Real Estate,AGNCO
2017Q1,2017,Q1,2017-05-08,2017-03-31,76000000.0,93000000.0,0.0,0.15,0.0,0.0,56838000000.0,7292000000.0,0.0,0.0,49546000000.0,0.0,-2628000000.0,13052840000.0,12413840000.0,13.916030534351146,0.0,0.007635736655054717,0.059517279210093255,0.0,13.916030534351146,0.010422380691168404,140.35311827956988,42.93697368421053,1.7900219418540866,2.4473684210526314,0.0,0.014249772463310665,0.0016362292832260107,0.0,0.0013371336077976001,33.468820512820514,0.0,-0.9226804123711341,-0.8814352574102965,-0.8614008941877794,-0.16356962606102318,0.0,-0.9254170755642787,0.0,1.5390070921985817,1.6888888888888889,-0.17267982754708408,REIT—Mortgage,Real Estate,AGNCO
2016Q4,2016,Q4,2017-02-27,2016-12-31,1019000000.0,1036000000.0,0.0,1.94,0.0,0.0,56880000000.0,7356000000.0,0.0,0.0,49524000000.0,0.0,-2518000000.0,13052840000.0,15341840000.0,14.038167938931299,0.0,0.061480309423347396,0.47539423599782493,0.0,14.038167938931299,0.13852637302882,12.59926640926641,3.2023650637880277,1.7744480696030451,0.18351324828263002,0.0,0.01432638414322094,0.01821378340365682,0.0,0.017914908579465542,40.4112693498452,0.0,0.9795918367346939,3.8822790996291574,3.347862580683068,0.18419724514766495,0.0,0.9941291585127201,0.0,11.19,12.511111111111111,-0.15419110037944114,REIT—Mortgage,Real Estate,AGNCO
2016Q3,2016,Q3,2016-11-07,2016-09-30,511000000.0,526000000.0,0.0,0.98,0.0,0.0,55889000000.0,7931000000.0,0.0,0.0,47958000000.0,0.0,-3350000000.0,13052840000.0,15329840000.0,15.135496183206106,0.0,0.06317880083737408,0.44521497919556174,0.0,15.135496183206106,0.06443071491615181,24.815285171102662,6.385929549902153,1.6458000252175011,0.38943248532289626,0.0,0.015245724302144208,0.009411512104349692,0.0,0.009143122975898657,38.27812316715543,0.0,4.80390482474867,1.0407266744142394,0.9268810901897576,0.6053823931391408,0.0,4.785185185185185,0.0,1.7289586305278175,1.7579250720461093,-0.19767324228629235,REIT—Mortgage,Real Estate,AGNCO
2016Q2,2016,Q2,2016-08-05,2016-06-30,-135000000.0,-120000000.0,0.0,-0.25763,0.0,0.0,60475000000.0,7702000000.0,0.0,0.0,52773000000.0,0.0,-3669000000.0,13052840000.0,15486840000.0,14.698473282442748,0.0,0.05894997933030178,0.4628667878473124,0.0,14.698473282442748,-0.01752791482731758,-108.77366666666667,-24.171925925925926,1.694733835367437,-1.5185185185185186,0.0,0.01570539438160584,-0.0019842910293509713,0.0,-0.002232327408019843,40.03938650306748,0.0,0.8251316789748044,-1.7591861524445795,-1.6160448891375885,0.6124284696835394,0.0,0.8251295336787565,0.0,-1.0738108255877528,-1.0652883569096845,-0.25077821011673146,REIT—Mortgage,Real Estate,AGNCO
2016Q1,2016,Q1,2016-05-05,2016-03-31,-772000000.0,-766000000.0,0.0,-1.47328,0.0,0.0,62396000000.0,7660000000.0,0.0,0.0,54736000000.0,0.0,-3329000000.0,13052840000.0,15542840000.0,14.618320610687023,0.0,0.05767997948586448,0.46984334203655354,0.0,14.618320610687023,-0.10078328981723238,-17.040261096605743,-4.226955958549223,1.7040261096605744,-0.2694300518134715,0.0,0.01593522942133666,-0.012276427976152318,0.0,-0.012372587986409386,36.05756906077348,0.0,-2.3154285714285714,-6.7809095197801454,-6.297591877947909,1.29032671839536,0.0,-2.312925170068027,0.0,-4.341991341991342,-4.064,-0.3420374506098608,REIT—Mortgage,Real Estate,AGNCO
2015Q4,2015,Q4,2016-02-23,2015-12-31,588000000.0,593000000.0,0.0,1.12,0.0,0.0,57021000000.0,7971000000.0,0.0,0.0,49050000000.0,0.0,-2350000000.0,13052840000.0,16290840000.0,15.211832061068701,0.0,0.07625260868802722,0.5454773554133735,0.0,15.211832061068701,0.07376740684983063,22.011534569983137,5.549676870748299,1.637541086438339,0.3622448979591837,0.0,0.01631828782088802,0.010399677311867557,0.0,0.010311990319356026,36.4604469273743,0.0,1.9271369679309946,3.258400926998841,3.0924210845951055,4.070404258350804,0.0,1.9289099526066351,0.0,-0.27496917385943276,-0.21248339973439578,-0.2684471365638767,REIT—Mortgage,Real Estate,AGNCO
2015Q3,2015,Q3,2015-11-06,2015-09-30,-633000000.0,-628000000.0,0.0,-1.20802,0.0,0.0,60609000000.0,8316000000.0,0.0,0.0,52293000000.0,0.0,-2727000000.0,13052840000.0,15675840000.0,15.870229007633588,0.0,0.06810869672820868,0.4963924963924964,0.0,15.870229007633588,-0.07611832611832611,-20.784777070063694,-5.1551500789889415,1.5696055796055797,-0.3412322274881517,0.0,0.01654812286061884,-0.010361497467372832,0.0,-0.010443993466316883,65.5921608040201,0.0,-2.232673469387755,-11.545078963150532,-10.676276174481133,8.1079848200253,0.0,-2.236328125,0.0,-8.360465116279071,-5.793893129770993,-0.2623081699636299,REIT—Mortgage,Real Estate,AGNCO
2015Q2,2015,Q2,2015-08-05,2015-06-30,512000000.0,519000000.0,0.0,0.98,0.0,0.0,62885000000.0,8718000000.0,0.0,0.0,54167000000.0,0.0,-1879000000.0,13052840000.0,12216840000.0,16.637404580152673,0.0,0.01071797726007792,0.07731130993347098,0.0,16.637404580152673,0.05872906629961,25.149980732177266,6.37345703125,1.497228722183987,0.455078125,0.0,0.01785052141909347,0.00825316053112825,0.0,0.0081418462272402,28.9419955654102,0.0,3.0377609581635197,12.89114981822128,11.671207793159013,10.001602665219641,0.0,3.0317460317460316,0.0,2.961685823754789,3.276315789473684,-0.045753064798598954,REIT—Mortgage,Real Estate,AGNCO
2015Q1,2015,Q1,2015-05-06,2015-03-31,-252000000.0,-246000000.0,0.0,-0.48092,0.0,0.0,73105000000.0,9356000000.0,0.0,0.0,63749000000.0,0.0,-2166000000.0,13052840000.0,12069840000.0,17.85496183206107,0.0,0.009917242322686547,0.0774903805044891,0.0,17.85496183206107,-0.026934587430525864,-53.060325203252034,-12.949246031746032,1.3951303976058145,-0.9523809523809523,0.0,0.018386803178465375,-0.0033650229122495043,0.0,-0.0034470966418165654,31.078190476190475,0.0,0.21737998372660702,-5.741298212605833,-5.345138214254173,14.259680420929705,0.0,0.21739130434782608,0.0,-1.3931357254290173,-1.366616989567809,0.07318192245927957,REIT—Mortgage,Real Estate,AGNCO
2014Q4,2014,Q4,2015-02-25,2014-12-31,-322000000.0,-317000000.0,0.0,-0.6145,0.0,0.0,67766000000.0,9428000000.0,0.0,0.0,58338000000.0,0.0,-1674000000.0,13052840000.0,12093840000.0,17.99236641221374,0.0,0.011229820263849128,0.08071701315231226,0.0,17.99236641221374,-0.03415358506576156,-41.17615141955836,-10.13419254658385,1.3844760288502334,-1.2142857142857142,0.0,0.02995516684491651,-0.004677862054717705,0.0,-0.004751645367883599,39.795243902439026,0.0,-2.617105263157895,-8.912131115315626,-8.096326475789661,16.241442370643465,0.0,-2.6345177664974617,0.0,-2.5427810305010685,-2.330378801232174,0.5177557948956205,REIT—Mortgage,Real Estate,AGNCO
2014Q3,2014,Q3,2014-11-06,2014-09-30,197000000.0,202000000.0,0.0,0.38,0.0,0.0,62348000000.0,9357000000.0,0.0,0.0,52991000000.0,0.0,-1112000000.0,13052840000.0,12140840000.0,17.856870229007633,0.0,0.012767049464297171,0.0850700010687186,0.0,17.856870229007633,0.021053756545901463,64.6180198019802,16.564517766497463,1.3949812974243883,1.1928934010152283,0.0,0.018003744778914015,0.0032398793866683776,0.0,0.0031596843523449027,36.05756906077348,0.0,5.229508196721311,5.306623555399046,4.96274758685834,20.78442798706484,0.0,5.15625,0.0,-0.21326192786770026,-0.2600190490145798,0.8940314024212509,REIT—Mortgage,Real Estate,AGNCO
2014Q2,2014,Q2,2014-08-07,2014-06-30,32000000.0,38000000.0,0.0,0.061,0.0,0.0,66854000000.0,9611000000.0,0.0,0.0,57243000000.0,0.0,-1073000000.0,13052840000.0,12149840000.0,18.341603053435115,0.0,0.01262452508451252,0.08781604411611695,0.0,18.341603053435115,0.003329518260326709,343.4957894736842,101.9753125,1.35811466028509,7.28125,0.0,0.01785052141909347,0.0005684027881652556,0.0,0.0004786549795075837,29.39828828828829,0.0,1.2266983796640405,0.05381018244088783,0.1563859894708012,29.85957944150294,0.0,1.2269503546099292,0.0,-0.8200447638649886,-0.8049191184397636,1.0120812804633208,REIT—Mortgage,Real Estate,AGNCO
2014Q1,2014,Q1,2014-05-09,2014-03-31,-141000000.0,-135000000.0,0.0,-0.26908,0.0,0.0,67318000000.0,8814000000.0,0.0,0.0,58504000000.0,0.0,-870000000.0,13052840000.0,12200840000.0,16.8206106870229,0.0,0.012983154579755785,0.09916042659405491,0.0,16.8206106870229,-0.015997277059223963,-96.6877037037037,-23.143333333333334,1.4809212616292264,-1.6666666666666667,0.0,0.018003744778914015,-0.0020054071719302416,0.0,-0.0020945363795715857,26.74762295081967,0.0,-0.4099769440368894,-9.644473054993561,-8.226207044213682,29.50238613515318,0.0,-0.41,0.0,-2.0558396920841977,-1.9336486991161461,1.6353707174852092,REIT—Mortgage,Real Estate,AGNCO
2013Q4,2013,Q4,2014-02-27,2013-12-31,-100000000.0,-90000000.0,0.0,-0.19084,0.0,0.0,76255000000.0,8697000000.0,0.0,0.0,67558000000.0,0.0,-497000000.0,13052840000.0,11819840000.0,16.59732824427481,0.0,0.011933643695495377,0.10463378176382661,0.0,16.59732824427481,-0.011498217776244683,-145.03155555555554,-32.6321,1.5008439691847764,-3.13,0.0,0.02397945581191526,-0.0011802504753786636,0.0,-0.0013113894170874042,12.83465093411996,0.0,0.857346818259966,-10.130752373995618,-7.874427131072411,32.68958477790131,0.0,0.8573466476462197,0.0,-1.7242178447276943,-1.621109439483237,4.532217517861867,REIT—Mortgage,Real Estate,AGNCO
2013Q3,2013,Q3,2013-11-07,2013-09-30,-701000000.0,-694000000.0,0.0,-1.33779,0.0,0.0,97271000000.0,9885000000.0,0.0,0.0,87386000000.0,0.0,-160000000.0,13052840000.0,11659840000.0,18.864503816793892,0.0,0.007566489498411654,0.07445624683864441,0.0,18.864503816793892,-0.07091552857865453,-18.80812680115274,-4.655078459343795,1.3204693980778959,-0.5991440798858774,0.0,0.03217690556231441,-0.007134706130295772,0.0,-0.007206670024981752,27.654322033898303,0.0,-1.3833209169054441,-38.087984762710974,-33.67419962335217,35.90333081960114,0.0,-1.3832695462001094,0.0,-12.677883654294662,-11.693209657786475,9.826410527411024,REIT—Mortgage,Real Estate,AGNCO
2013Q2,2013,Q2,2013-08-08,2013-06-30,1829000000.0,1838000000.0,0.0,3.49,0.0,0.0,98663000000.0,10280000000.0,0.0,0.0,88383000000.0,0.0,852000000.0,13052840000.0,10912840000.0,19.61832061068702,0.0,0.007936105733659021,0.07616731517509727,0.0,19.61832061068702,0.1779182879377432,7.101653971708378,1.7841498086386005,1.2697315175097277,0.2728266812465828,0.0,0.03822922827522592,0.01862907067492373,0.0,0.018537851068789718,26.422753036437246,0.0,6.9318181818181825,331.60592835060913,270.29151291512915,38.25432064823087,0.0,6.917748917748917,0.0,48.62287698735688,43.874142435118046,11.972754691266106,REIT—Mortgage,Real Estate,AGNCO
2013Q1,2013,Q1,2013-05-09,2013-03-31,231000000.0,250000000.0,0.0,0.44,0.0,0.0,93369000000.0,11642000000.0,0.0,0.0,81727000000.0,0.0,-557000000.0,13052840000.0,11088840000.0,22.217557251908396,0.0,0.009232186271674752,0.07404226077993471,0.0,22.217557251908396,0.019841951554715683,52.21136,14.126450216450216,1.1211853633396325,1.8484848484848484,0.0,0.032713187321686314,0.0026775482226434897,0.0,0.0024740545577225845,25.19853281853282,0.0,-0.7161290322580646,13.162221813500091,12.381864896692004,39.289173971574016,0.0,-0.7151664611590629,0.0,3.346190028222013,3.415790868144485,17.988157274525825,REIT—Mortgage,Real Estate,AGNCO
2012Q4,2012,Q4,2013-02-27,2012-12-31,811000000.0,753000000.0,0.0,1.55,0.0,0.0,100453000000.0,10896000000.0,0.0,0.0,89557000000.0,0.0,-289000000.0,13052840000.0,11559840000.0,20.793893129770993,0.0,0.009327745313728809,0.08599486049926579,0.0,20.793893129770993,0.0744309838472834,17.334448871181937,4.023686806411837,1.1979478707782671,0.531442663378545,0.0,0.033019634041327406,0.007496042925547271,0.0,0.008073427373995799,20.458996865203762,0.0,8.6875,73.05040175310445,56.516040329972505,41.207855092562106,0.0,8.430232558139535,0.0,18.92775880286016,15.856573615992477,18.926045404171745,REIT—Mortgage,Real Estate,AGNCO
2012Q3,2012,Q3,2012-11-08,2012-09-30,86000000.0,131000000.0,0.0,0.16,0.0,0.0,102177000000.0,11273000000.0,0.0,2319000000.0,90904000000.0,0.0,-672000000.0,13052840000.0,11491840000.0,21.513358778625953,0.0,0.009865233858891922,0.08941719151956001,0.0,21.513358778625953,0.007628847689168811,99.64,37.9443023255814,1.1578852124545373,4.465116279069767,0.0,0.0294188850855446,0.001282088924121867,5.005174644243208,0.0008416766982784775,21.864053601340032,0.0,1.3212270874741512,3.5500238082641133,5.167608286252355,41.085103523456105,0.0,1.3295019157088122,0.0,1.7531453084483144,2.866930365734864,25.24514873337415,REIT—Mortgage,Real Estate,AGNCO
2012Q2,2012,Q2,2012-08-09,2012-06-30,-261000000.0,-228000000.0,0.0,-0.49809,0.0,0.0,84782000000.0,9136000000.0,0.0,3152000000.0,75646000000.0,0.0,-328000000.0,13052840000.0,11907840000.0,17.435114503816795,0.0,0.011252388478686514,0.10442206654991243,0.0,17.435114503816795,-0.02856830122591944,-57.249298245614035,-12.50272030651341,1.4287259194395796,-1.0957854406130267,0.0,0.021910940454337904,-0.002689250076667217,1.9828680203045685,-0.003078483640395367,21.258697068403908,0.0,-1.4082704918032787,-48.46317512274959,-34.65313653136531,33.885940996326596,0.0,-1.4071762870514821,0.0,-9.595139300533491,-7.938315936824808,28.33442074472697,REIT—Mortgage,Real Estate,AGNCO
2012Q1,2012,Q1,2012-05-10,2012-03-31,641000000.0,671000000.0,0.0,1.22,0.0,0.0,88417000000.0,8718000000.0,0.0,4902000000.0,79699000000.0,0.0,317000000.0,13052840000.0,11340840000.0,16.637404580152673,0.0,0.0005655021093228678,0.005735260380821289,0.0,16.637404580152673,0.07352603808212893,19.452816691505216,5.0908112324492985,1.497228722183987,0.48985959438377535,0.0,0.024056067491825536,0.007589038307112886,1.4445124439004489,0.007249737041519165,27.654322033898303,0.0,2.05,38.298632824474275,34.91692538272134,29.17016137125771,0.0,2.0711883246931206,0.0,38.298632824474275,34.91692538272134,29.17016137125771,REIT—Mortgage,Real Estate,AGNCO
2011Q4,2011,Q4,2012-02-23,2011-12-31,208714000.0,238278000.0,0.0,0.4,0.0,0.0,57972297000.0,6211803000.0,0.0,1973551000.0,51760494000.0,0.0,-37922000.0,13052840000.0,11740006000.0,11.854585877862595,0.0,0.0009325316193698517,0.008702948242241423,0.0,11.854585877862595,0.03359958453286429,54.77987896490654,15.634840020314881,2.101296515681518,1.2316758818287226,0.0,0.019694411331173906,0.004110204568916771,1.3131426550415977,0.003600236851060085,37.59653438254287,0.0,-0.1666666666666666,18.057158509861214,17.200274977085243,23.062672621837603,0.0,-0.16648096453288924,0.0,18.057158509861214,17.200274977085243,23.062672621837603,REIT—Mortgage,Real Estate,AGNCO
2011Q3,2011,Q3,2011-11-07,2011-09-30,250401000.0,272980000.0,0.0,0.48,0.0,0.0,47039429000.0,4940256000.0,0.0,1717140000.0,42099173000.0,0.0,67174000.0,13052840000.0,12125311000.0,9.427969465648856,0.0,0.001208858211267828,0.011510334687109332,0.0,9.427969465648856,0.05068583490410213,47.81610374386402,13.031936773415442,2.64213838311213,0.7202806698056318,0.0,0.013817605976936818,0.005803216701461236,2.440188336419861,0.005323215126612188,42.74042397134232,0.0,0.4117647058823528,12.248029204803979,11.85216572504708,17.44328796171163,0.0,0.40815534635759354,0.0,12.248029204803979,11.85216572504708,17.44328796171163,REIT—Mortgage,Real Estate,AGNCO
2011Q2,2011,Q2,2011-08-09,2011-06-30,177822000.0,194791000.0,0.0,0.34,0.0,0.0,43636570000.0,4776646000.0,0.0,3398242000.0,38859924000.0,0.0,73841000.0,13052840000.0,12488747000.0,9.115736641221375,0.0,0.0014152578903428937,0.012928946377855927,,9.115736641221375,0.037227376699047826,67.00946142275568,18.35099144087908,2.7326370846824317,0.7607663843618899,0.0,0.010364104669941561,0.004463939305953699,1.0105757624089162,0.0040750682283231705,-1079.9073384628114,0.0,0.3600000000000001,31.33715220949263,27.751439114391143,17.239688103802475,0.0,0.3315711044382708,0.0,31.33715220949263,27.751439114391143,17.239688103802475,REIT—Mortgage,Real Estate,AGNCO
2011Q1,2011,Q1,2011-05-06,2011-03-31,133543000.0,144594000.0,0.0,0.25,0.0,0.0,29154963000.0,3344501000.0,0.0,3572445000.0,25810462000.0,0.0,76379000.0,13052840000.0,12820111000.0,6.382635496183206,0.0,0.0023270480569637492,0.020285537364168826,,6.382635496183206,0.03992912545100151,90.27234878349033,24.435649940468615,3.9027765277989155,0.679915832353624,0.0,0.006956187312492913,0.004959498662371823,0.20826044907619293,0.004580455135545876,34.75761505462815,0.0,-0.03846153846153849,7.187296916191526,6.739749491489135,10.574229740345583,0.0,-0.03285776361529548,0.0,7.187296916191526,6.739749491489135,10.574229740345583,REIT—Mortgage,Real Estate,AGNCO
2010Q4,2010,Q4,2011-02-25,2010-12-31,138080000.0,144902000.0,0.0,0.26,0.0,0.0,14475829000.0,1572064000.0,0.0,800301000.0,12903765000.0,0.0,78116000.0,13052840000.0,12952509000.0,3.0001221374045803,0.0,0.005037846191744874,0.04638933274981171,0.0,3.0001221374045803,0.0878335742056303,90.08046817849305,23.632749130938585,8.302995297901358,0.3950898030127462,0.0,0.004179473585825,0.010009927583421993,1.0142296460956566,0.00953865923671798,-80.85908800882133,0.0,1.3636363636363638,11.607742878013147,10.067980446073939,5.089707186878997,0.0,1.3002598787232624,0.0,11.607742878013147,10.067980446073939,5.089707186878997,REIT—Mortgage,Real Estate,AGNCO
2010Q3,2010,Q3,2010-11-08,2010-09-30,60028000.0,64901000.0,0.0,0.11,0.0,0.0,10358806000.0,913045000.0,0.0,1303886000.0,9445761000.0,0.0,30835000.0,13052840000.0,13018396000.0,1.742452290076336,0.0,0.0078022505682604736,0.088519185801357,0.0,1.742452290076336,0.06574484280621437,201.1192431549591,54.36146464983008,14.295943792474631,0.7850169920703671,0.0,0.0036101721924117662,0.006265297371144898,0.41988716804996756,0.005794876359302414,202.05009132844185,0.0,0.5714285714285713,2.1759166181683507,2.0556026365348403,2.4086395233366438,0.0,0.6286287915784904,0.0,2.1759166181683507,2.0556026365348403,2.4086395233366438,REIT—Mortgage,Real Estate,AGNCO
2010Q2,2010,Q2,2010-08-06,2010-06-30,36858000.0,40959000.0,0.0,0.07,0.0,0.0,7755487000.0,792430000.0,0.0,0.0,6963057000.0,0.0,25359000.0,13052840000.0,12902759000.0,1.5122709923664122,0.0,0.0,0.0,,1.5122709923664122,0.04651262572088386,318.68063185136356,88.53464648108958,16.47191550042275,1.016468609257149,0.0,0.0028702565878383555,0.005281293102547912,0.0,0.004752506193357039,319.03113848560395,0.0,-0.3,5.702673213311511,5.045608856088561,2.025904796816887,0.0,-0.3065286923800564,0.0,5.702673213311511,5.045608856088561,2.025904796816887,REIT—Mortgage,Real Estate,AGNCO
2010Q1,2010,Q1,2010-07-12,2010-03-31,53150000.0,56615000.0,0.0,0.1,0.0,0.0,5769989000.0,613119000.0,0.0,0.0,5156870000.0,0.0,35625000.0,13052840000.0,12947576000.0,1.170074427480916,0.0,0.0,0.0,,1.170074427480916,0.08668790234848374,230.55444670140423,61.39623706491063,21.28924401298932,0.6406396989651929,0.0,0.0026086277009447754,0.00981197711122153,0.0,0.009211456035704748,359.6021819383988,0.0,0.2820512820512821,2.2585371834958003,2.030457124504871,1.121805364737802,0.0,0.30599307074231513,0.0,2.2585371834958003,2.030457124504871,1.121805364737802,REIT—Mortgage,Real Estate,AGNCO
2009Q4,2009,Q4,2010-02-24,2009-12-31,40697000.0,44671000.0,0.0,0.078,0.0,0.0,4625684000.0,546822000.0,0.0,0.0,4078862000.0,0.0,19940000.0,13052840000.0,12850037000.0,1.0435534351145037,0.0,0.0,0.0,,1.0435534351145037,0.07442458423399205,292.19941348973606,80.18306017642578,23.870363664958617,0.6646681573580362,0.0,0.0020723459415728685,0.009657166377988639,0.0,0.008798050191063635,386.09873694796937,0.0,0.30000000000000004,2.715942293644996,2.412083715245952,1.118225379719621,0.0,0.3028459839293146,0.0,2.715942293644996,2.412083715245952,1.118225379719621,REIT—Mortgage,Real Estate,AGNCO
2009Q3,2009,Q3,2009-10-22,2009-09-30,31237000.0,33877000.0,0.0,0.06,0.0,0.0,3680106000.0,429527000.0,0.0,0.0,3250579000.0,0.0,13293000.0,13052840000.0,12949214000.0,0.8197080152671756,0.0,0.0,0.0,,0.8197080152671756,0.0727241826474238,385.3009416418219,104.46617793001889,30.388869617043863,0.7205237378749559,0.0,0.001724299079740501,0.00920544136500416,0.0,0.008488070724049796,510.834376956794,0.0,0.034482758620689564,0.6526638802179779,0.5949623352165727,0.6035383891705431,0.0,0.028683395903312914,0.0,0.6526638802179779,0.5949623352165727,0.6035383891705431,REIT—Mortgage,Real Estate,AGNCO
2009Q2,2009,Q2,2009-07-31,2009-06-30,30366000.0,32861000.0,0.0,0.058,0.0,0.0,2803772000.0,311443000.0,0.0,0.0,2492329000.0,0.0,9106000.0,13052840000.0,12983614000.0,0.5943568702290076,0.0,0.0,0.0,,0.5943568702290076,0.09750098733957739,397.2137183895804,107.46262267009155,41.910847249737515,0.42000922083909636,0.0,0.000977105365575614,0.011720282533672495,0.0,0.010830409890675846,600.8211737629459,0.0,0.870967741935484,4.522094926350245,3.850332103321033,0.18924935658044456,0.0,0.861688431120103,0.0,4.522094926350245,3.850332103321033,0.18924935658044456,REIT—Mortgage,Real Estate,AGNCO
2009Q1,2009,Q1,2009-05-06,2009-03-31,16311000.0,18682000.0,0.0,0.031,0.0,0.0,2385295000.0,288961000.0,0.0,0.0,2096334000.0,0.0,1247000.0,13052840000.0,12999066000.0,0.5514522900763359,0.0,0.0,0.0,,0.5514522900763359,0.05644706379061534,698.685365592549,200.06192140273436,45.17163215797287,1.1039176016185397,0.0,0.0013794699084643649,0.007832154932618397,0.0,0.006838147902041467,1074.6616169932488,0.0,0.4761904761904761,0.0,0.0,0.0,0.0,0.48931701972242514,0.0,0.0,0.0,0.0,REIT—Mortgage,Real Estate,AGNCO
2008Q4,2008,Q4,2009-02-17,2008-12-31,10952000.0,13092000.0,0.0,0.021,0.0,0.0,1656325000.0,258151000.0,0.0,0.0,1398174000.0,0.0,-2310000.0,13052840000.0,12996828000.0,0.4926545801526718,0.0,0.0,0.0,,0.4926545801526718,0.042424782394799944,997.0088603727468,297.95562454346236,50.562810138252416,1.3700693937180424,0.0,0.0011495582570536375,0.007904245845471149,0.0,0.0066122288802016515,988.8515151515152,0.0,-0.4166666666666666,0.0,0.0,0.0,0.0,-0.4205597587429237,0.0,0.0,0.0,0.0,REIT—Mortgage,Real Estate,AGNCO
2008Q3,2008,Q3,2008-10-31,2008-09-30,18901000.0,21240000.0,0.0,0.036,0.0,0.0,1725459000.0,267862000.0,0.0,0.0,1457597000.0,0.0,4744000.0,13052840000.0,13035809000.0,0.5111870229007633,0.0,0.0,0.0,,0.5111870229007633,0.07056245380083774,614.5404896421845,172.64747896936672,48.72971903442818,0.0,0.0,0.0,0.012309768009555718,0.0,0.010954186683079691,772.1746332229059,0.0,2.5999999999999996,0.0,0.0,0.0,0.0,2.437170394617203,0.0,0.0,0.0,0.0,REIT—Mortgage,Real Estate,AGNCO
2008Q2,2008,Q2,2008-08-14,2008-06-30,5499000.0,6775000.0,0.0,0.01,0.0,0.0,2439767000.0,261882000.0,0.0,0.0,2177885000.0,0.0,848000.0,13052840000.0,13044998000.0,0.49977480916030537,0.0,0.0,0.0,,0.49977480916030537,0.020998006735858134,1926.6184501845019,593.4188034188033,49.84244812549163,,0.0,,0.0027769045158820495,0.0,0.002253903753924043,0.0,0.0,0.0,0.0,0.0,0.0,0.0,0.0,0.0,0.0,0.0,0.0,REIT—Mortgage,Real Estate,AGNCO
