Quarters,Year,Quarter,FillingDate,Date,NetIncome,Revenue,OperatingIncome,EPSDiluted,GrossProfit,GrossProfitRatio,TotalAssets,CommonStockEquity,CurrentAssets,CurrentLiability,TotalLiability,Inventory,RetainedEarnings,MarketCap,EnterpriseValue,bookValuePerShare,currentRatio,debtToAssets,debtToEquity,roic,shareholdersEquityPerShare,roe,priceToSalesRatio,peRatio,pbRatio,payoutRatio,inventoryTurnover,dividendYield,assetTurnover,quickRatio,returnOnAssets,priceToFreeCashFlowsRatio,grossProfitMargin,epsdilutedGrowth,fiveYNetIncomeGrowthPerShare,fiveYRevenueGrowthPerShare,fiveYShareholdersEquityGrowthPerShare,grossProfitGrowth,netIncomeGrowth,operatingIncomeGrowth,threeYNetIncomeGrowthPerShare,threeYRevenueGrowthPerShare,threeYShareholdersEquityGrowthPerShare,Industry,Sector,Symbol
2023Q1,2023,Q1,2023-05-22,2023-03-31,1920798.0,0.0,2572713.0,0.05,0.0,0.0,301535162.0,289607544.0,1158344.0,1865118.0,11927618.0,0.0,-9310182.0,375187500.0,374478281.0,8.058644702608696,0.6210566838130349,0.0,0.0,0.006632417006374667,8.058644702608696,0.006632417006374668,0.0,48.832243161436026,1.2955032000133255,0.0,0.0,0.0,0.0,0.3802542252018371,0.0063700630707870815,-893.1674697189,0.0,1.272727272727273,5.775945152179043,0.0,-0.08856978420316444,0.0,0.31430346565105916,121.93162270642202,5.775945152179043,0.0,-0.08856978420316444,Shell Companies,Financial Services,CXAC
2022Q4,2022,Q4,2023-03-31,2022-12-31,1461457.0,0.0,20928.0,0.022,0.0,0.0,298948558.0,287686746.0,1533143.0,1199312.0,11261812.0,0.0,-8778535.0,284970003.64000005,284034282.64000005,10.317431682508856,1.2783520885307575,0.0,0.0,5.453514434956334e-05,10.317431682508856,0.005080028956217538,0.0,48.74758608019258,0.9905565953323412,0.0,0.0,0.0,0.0,0.7802148231652815,0.004888657131438647,-1492.6694548825908,0.0,2.0999999999999996,0.0,0.0,115292.12844843346,0.0,1.2375450124932634,1.0119711703466423,0.0,0.0,115292.12844843346,Shell Companies,Financial Services,CXAC
2022Q3,2022,Q3,2022-11-14,2022-09-30,653152.0,0.0,-1748200.0,-0.02,0.0,0.0,296837304.0,286225289.0,1742539.0,549515.0,10612015.0,0.0,-8299119.0,360453125.0,359326491.0,7.964529780869565,3.171049015950429,0.0,0.0,-0.004439932757649159,7.964529780869565,0.002281950704921814,0.0,137.96678453101268,1.2593336048653618,0.0,0.0,0.0,0.0,2.050233387623632,0.002200370341592915,-2742.6317851871013,0.0,-4.0,8827.378378378378,0.0,11853.924163353215,0.0,5.560766980190069,-1.2090330015529696,8827.378378378378,0.0,11853.924163353215,Shell Companies,Financial Services,CXAC
2022Q2,2022,Q2,2022-08-19,2022-06-30,-143211.0,0.0,-791387.0,-0.004,0.0,0.0,295827833.0,285572137.0,1906714.0,193196.0,10255696.0,0.0,-8023039.0,359015625.0,357757565.0,7.946355116521739,9.869324416654589,0.0,0.0,-0.0031565596187021006,7.946355116521739,-0.000501488000560783,0.0,-626.7249460586128,1.2571801604019932,0.0,0.0,0.0,0.0,6.511832543116835,-0.00048410252188812807,-884.9004715155787,0.0,0.6428571428571428,-205.95231213872833,0.0,11463.156443195505,0.0,0.6039244969923252,-0.23236178525657497,-205.95231213872833,0.0,11463.156443195505,Shell Companies,Financial Services,CXAC
2022Q1,2022,Q1,2022-05-16,2022-03-31,-361575.0,0.0,-642171.0,-0.0112,0.0,0.0,296081988.0,285668582.0,2327962.0,304140.0,10413406.0,0.0,-7582137.0,320185698.3828,318539581.3828,8.841757232684314,7.654244755704609,0.0,0.0,-0.001785965600254727,8.841757232684314,-0.0012657149675633563,0.0,-221.38263042439328,1.1208292355468057,0.0,0.0,0.0,0.0,5.412366015650687,-0.0012211989065677308,-236.30289626621794,0.0,0.0,0.0,0.0,0.0,0.0,0.0,0.0,0.0,0.0,0.0,Shell Companies,Financial Services,CXAC
2021Q4,2021,Q4,2022-03-29,2021-12-31,0.0,0.0,0.0,0.0,0.0,0.0,686808.0,3216.0,210351.0,683592.0,683592.0,0.0,-21784.0,355062500.0,354852149.0,8.948869565217391e-05,0.3077142506056244,0.0,0.0,,8.948869565217391e-05,0.0,0.0,0.0,110405.00621890549,0.0,0.0,0.0,0.0,0.3077142506056244,0.0,-89594.37294978551,0.0,1.0,0.0,0.0,0.0,0.0,1.0,1.0,0.0,0.0,0.0,Shell Companies,Financial Services,CXAC
2021Q3,2021,Q3,2021-09-30,2021-09-30,-74.0,0.0,-74.0,-2e-06,0.0,0.0,639926.0,24144.0,284591.0,615782.0,615782.0,0.0,-856.0,355062500.0,355077909.0,0.0006718330434782609,0.46216193393116395,0.46880420548625934,12.42544731610338,-0.00022829359790710302,0.0006718330434782609,-0.0030649436713055004,0.0,-1199535.472972973,14706.034625579856,0.0,0.0,0.0,0.0,0.46216193393116395,-0.00011563837068661065,-4798141.891891892,0.0,0.894736842105263,0.0,0.0,0.0,0.0,0.8930635838150289,0.8930635838150289,0.0,0.0,0.0,Shell Companies,Financial Services,CXAC
2021Q2,2021,Q2,2021-06-30,2021-06-30,-692.0,0.0,-692.0,-1.9e-05,0.0,0.0,90000.0,24910.0,25000.0,65090.0,65090.0,0.0,-90.0,355062500.0,355037500.0,0.0006931478260869565,0.3840835765862652,0.0,0.0,-0.027780008028904055,0.0006931478260869565,-0.027780008028904055,0.0,-128274.024566474,14253.813729425934,0.0,0.0,0.0,0.0,0.3840835765862652,-0.007688888888888889,0.0,0.0,0.0,0.0,0.0,0.0,0.0,0.0,0.0,0.0,0.0,0.0,Shell Companies,Financial Services,CXAC
