Quarters,Year,Quarter,FillingDate,Date,NetIncome,Revenue,OperatingIncome,EPSDiluted,GrossProfit,GrossProfitRatio,TotalAssets,CommonStockEquity,CurrentAssets,CurrentLiability,TotalLiability,Inventory,RetainedEarnings,MarketCap,EnterpriseValue,bookValuePerShare,currentRatio,debtToAssets,debtToEquity,roic,shareholdersEquityPerShare,roe,priceToSalesRatio,peRatio,pbRatio,payoutRatio,inventoryTurnover,dividendYield,assetTurnover,quickRatio,returnOnAssets,priceToFreeCashFlowsRatio,grossProfitMargin,epsdilutedGrowth,fiveYNetIncomeGrowthPerShare,fiveYRevenueGrowthPerShare,fiveYShareholdersEquityGrowthPerShare,grossProfitGrowth,netIncomeGrowth,operatingIncomeGrowth,threeYNetIncomeGrowthPerShare,threeYRevenueGrowthPerShare,threeYShareholdersEquityGrowthPerShare,Industry,Sector,Symbol
2023Q1,2023,Q1,2023-05-11,2023-03-31,-39397000.0,0.0,-40033000.0,-0.44,0.0,0.0,316946000.0,278801000.0,249518000.0,23871000.0,38145000.0,0.0,-332594000.0,1095498208.5,988000208.5,3.130313015021238,10.45276695572033,0.08191931748625948,0.09312735607117621,-0.12042725647194452,3.130313015021238,-0.14130867536343125,0.0,-6.9516600788131075,3.929319509255706,0.0,0.0,0.0,0.0,10.45276695572033,-0.12430193155931925,-25.149178340220384,0.0,0.16981132075471703,-0.33213319416716797,0.0,0.0,0.0,-0.0029020186849273225,-0.034818797497802825,-0.33213319416716797,0.0,0.0,Biotechnology,Healthcare,PRME
2022Q4,2022,Q4,2023-03-09,2022-12-31,-39283000.0,0.0,-38686000.0,-0.53,0.0,0.0,360314000.0,-293581000.0,293921000.0,26714000.0,360314000.0,0.0,-293197000.0,1378525783.4399998,1219650783.4399998,-3.9569335920494346,11.00250804821442,0.07977763839317928,-0.09791164959585259,0.16308834277406659,-3.9569335920494346,0.13380634305353548,0.0,-8.773042941221394,-4.69555517366587,0.0,0.0,0.0,0.0,11.00250804821442,-0.10902435098275393,-38.80220067666844,0.0,-0.7096774193548389,-12.586668781660974,0.0,0.0,0.0,-0.3384327086882453,-0.22211341020375927,-12.586668781660974,0.0,0.0,Biotechnology,Healthcare,PRME
2022Q3,2022,Q3,2022-11-14,2022-09-30,-29350000.0,0.0,-31655000.0,-0.31,0.0,0.0,215265000.0,172704000.0,148845000.0,22218000.0,42561000.0,0.0,-253914000.0,1449944827.21,1433436827.21,1.8307320597210188,6.699297866594653,0.14604789445567093,0.18203979062442097,-0.13534698318777338,1.8307320597210188,-0.16994395034278303,0.0,-12.350467012010222,8.395548610396979,0.0,0.0,0.0,0.0,6.60117922405257,-0.1363435765219613,-41.55879581558658,0.0,0.0,0.0,0.0,0.0,0.0,-6.814774430966335e-05,-0.20338338718874738,0.0,0.0,0.0,Biotechnology,Healthcare,PRME
2022Q2,2022,Q2,2022-06-30,2022-06-30,-29348000.0,0.0,-26305000.0,0.0,0.0,0.0,247597000.0,200737000.0,181605000.0,23833000.0,46860000.0,0.0,-224564000.0,0.0,-57518000.0,0.0,7.619896781773171,0.14023190911036887,0.17296761434115285,-0.09591680930052562,0.0,-0.1462012483996473,0.0,0.0,0.0,0.0,0.0,,0.0,7.577854235723577,-0.11853132307742016,0.0,0.0,1.0,0.0,0.0,0.0,0.0,-0.23104026845637585,-0.321992160016082,0.0,0.0,0.0,Biotechnology,Healthcare,PRME
2022Q1,2022,Q1,2022-03-31,2022-03-31,-23840000.0,0.0,-19898000.0,-0.33,0.0,0.0,,,,,,,,1103497050.1799998,,,0.0,0.0,0.0,0.0,,0.0,0.0,-11.571906985947987,0.0,0.0,0.0,0.0,0.0,0.0,0.0,-21.026601059049938,0.0,0.6597938144329896,0.0,0.0,0.0,0.0,0.6210519622959418,0.6766130342922152,0.0,0.0,0.0,Biotechnology,Healthcare,PRME
2021Q4,2021,Q4,2021-12-31,2021-12-31,-62911000.0,0.0,-61530000.0,-0.97,0.0,0.0,301856000.0,239560000.0,270579000.0,57983000.0,62296000.0,0.0,-171376000.0,997470870.8299999,822456870.8299999,3.6913731595351353,4.6665229463808355,0.03447339128591116,0.04343796961095341,-0.2416196826079609,3.6913731595351353,-0.26261061946902653,0.0,-3.963817419966301,4.163762192477876,0.0,0.0,0.0,0.0,4.6499836158874155,-0.2084139457224637,-73.51100824158007,0.0,0.0,-23.875840253064453,0.0,0.0,0.0,0.0,0.0,-23.875840253064453,0.0,0.0,Biotechnology,Healthcare,PRME
2019Q4,2019,Q4,2019-12-31,2019-12-31,-2529000.0,0.0,-2172000.0,-0.038969,0.0,0.0,,,,,,,,997470870.8299999,,,0.0,0.0,0.0,0.0,,0.0,0.0,-98.6032889313958,0.0,0.0,0.0,0.0,0.0,0.0,0.0,-747.7292884782609,0.0,0.0,0.0,0.0,0.0,0.0,0.0,0.0,0.0,0.0,0.0,Biotechnology,Healthcare,PRME
2020Q4,2020,Q4,2019-12-31,2019-12-31,-2529000.0,0.0,-2172000.0,-0.038969,0.0,0.0,,,,,,,,997470870.8299999,,,0.0,0.0,0.0,0.0,,0.0,0.0,-98.6032889313958,0.0,0.0,0.0,0.0,0.0,0.0,0.0,-747.7292884782609,0.0,0.0,0.0,0.0,0.0,0.0,0.0,0.0,0.0,0.0,0.0,Biotechnology,Healthcare,PRME
