Quarters,Year,Quarter,FillingDate,Date,NetIncome,Revenue,OperatingIncome,EPSDiluted,GrossProfit,GrossProfitRatio,TotalAssets,CommonStockEquity,CurrentAssets,CurrentLiability,TotalLiability,Inventory,RetainedEarnings,MarketCap,EnterpriseValue,bookValuePerShare,currentRatio,debtToAssets,debtToEquity,roic,shareholdersEquityPerShare,roe,priceToSalesRatio,peRatio,pbRatio,payoutRatio,inventoryTurnover,dividendYield,assetTurnover,quickRatio,returnOnAssets,priceToFreeCashFlowsRatio,grossProfitMargin,epsdilutedGrowth,fiveYNetIncomeGrowthPerShare,fiveYRevenueGrowthPerShare,fiveYShareholdersEquityGrowthPerShare,grossProfitGrowth,netIncomeGrowth,operatingIncomeGrowth,threeYNetIncomeGrowthPerShare,threeYRevenueGrowthPerShare,threeYShareholdersEquityGrowthPerShare,Industry,Sector,Symbol
2023Q1,2023,Q1,2023-04-25,2023-03-31,927000000.0,14252000000.0,1425000000.0,1.01,7509000000.0,0.5268734213,133637000000.0,21604000000.0,35982000000.0,30993000000.0,111965000000.0,1603000000.0,149253000000.0,118964175000.0,171303175000.0,23.806060606060605,1.1609718323492402,0.4615188907263707,2.8548416959822256,0.014586537660863168,23.806060606060605,0.04290872060729495,8.34719162222846,32.083110841423945,5.506580957230143,1.6148867313915858,4.206487835308796,0.012583620236932672,0.10664711120423236,0.9881263511115413,0.006936701661964875,35.86499095568285,0.5268734212742071,-0.6587837837837838,-0.4398548919811576,-0.24181732378051402,0.20655290102389076,-0.2204920585487387,-0.6579335793357933,-0.6068965517241379,-0.2280161772463513,-0.20627440650620663,0.0570419430062411,Information Technology Services,Technology,IBM
2022Q4,2022,Q4,2023-02-28,2022-12-31,2710000000.0,16691000000.0,3625000000.0,2.96,9633000000.0,0.5771373794,127243000000.0,21944000000.0,29118000000.0,31505000000.0,105222000000.0,1552000000.0,149825000000.0,127618161999.99998,173745162000.0,24.226098476484875,0.924234248531979,0.42448700517906685,2.461401749908859,0.0397379729426783,24.226098476484875,0.12349617207437112,7.645926667066083,11.772893173431733,5.815628964637258,0.5512915129151291,4.547680412371134,0.011706797657844345,0.13117420997618728,0.758165370576099,0.021297831707834617,37.30434434375913,0.5771373794260379,1.8338028169014085,3.6242383576554715,-0.24430726814798448,0.27299238612653554,0.2965006729475101,1.8431860609831985,1.8618640038040895,-0.2766277538754067,-0.2493723310896812,0.03118717712632474,Information Technology Services,Technology,IBM
2022Q3,2022,Q3,2022-10-25,2022-09-30,-3214000000.0,14107000000.0,-4206000000.0,-3.55,7430000000.0,0.5266888779,125850000000.0,20076000000.0,28999000000.0,30466000000.0,105703000000.0,1794000000.0,148611000000.0,107416121000.0,153426121000.0,22.205508240238913,0.9518479616621808,0.427699642431466,2.6811117752540348,-0.03908120151565544,22.205508240238913,-0.16009165172345088,7.614384419082725,-8.355329884878655,5.350474247858139,-0.4639079029247044,3.721850613154961,0.013880598052875136,0.1120937624155741,0.7442066566008009,-0.0255383392928089,73.77480837912088,0.5266888778620543,-3.320261437908497,-2.212010046674954,-0.24284628673129047,0.05150045134141973,-0.1037394451145959,-3.3089080459770117,-3.083209509658247,-2.8837655571191103,-0.23311814836213898,0.09568279688414325,Information Technology Services,Technology,IBM
2022Q2,2022,Q2,2022-07-25,2022-06-30,1392000000.0,15536000000.0,2019000000.0,1.53,8290000000.0,0.5335993821,127503000000.0,19409000000.0,27896000000.0,31844000000.0,108027000000.0,1684000000.0,153298000000.0,127282785000.0,173623785000.0,21.52967276760954,0.8760206004270821,0.41861760115448265,2.750012880622392,0.022645671931811134,21.52967276760954,0.07171930547684065,8.192764225025746,22.859695581896553,6.557925962182493,1.0689655172413792,4.302850356294536,0.01169050472929234,0.12184811337772444,0.6772704434116317,0.01091739017905461,153.9090507859734,0.5335993820803295,1.0958904109589043,-0.3807066871958719,-0.16472606715031066,0.09278956894718268,0.13004362050163576,1.1027190332326284,1.1616702355460387,-0.45216607435965417,-0.20288099509579385,0.08139316270923427,Information Technology Services,Technology,IBM
2022Q1,2022,Q1,2022-04-26,2022-03-31,662000000.0,14198000000.0,934000000.0,0.73,7336000000.0,0.5166924919,133275000000.0,19050000000.0,31330000000.0,34056000000.0,114163000000.0,1776000000.0,153401000000.0,116929069700.52,164542069700.52002,21.18276495608675,0.9199553676297862,0.4317914087413243,3.020839895013123,0.012419986482617558,21.18276495608675,0.034750656167979004,8.23560147207494,44.157503663338375,6.13800890816378,2.22809667673716,3.8637387387387387,0.012614485035909255,0.10653160757831551,0.72289758045572,0.0049671731382479834,40.74183613258537,0.5166924919002677,-0.7316176470588236,-0.6035915664391183,-0.18049074356598255,0.08924743245572947,0.20104780615586115,-0.7311129163281884,-0.7054556922106591,-0.588404847455031,-0.22751181352208022,0.14338861142738749,Information Technology Services,Technology,IBM
2021Q4,2021,Q4,2022-02-22,2021-12-31,2462000000.0,3259000000.0,3171000000.0,2.72,6108000000.0,1.8741945382,131906000000.0,18901000000.0,29539000000.0,33619000000.0,113005000000.0,1649000000.0,154209000000.0,120053412000.0,168542412000.0,21.04319750612336,0.8786400547309557,0.41801737601018907,2.9172530553938945,0.035122591444277484,21.04319750612336,0.13025765832495634,36.8374998465787,12.190638911454101,6.351696312364425,0.5987002437043054,-1.7277137659187387,0.01227786845408442,0.024706988309857018,0.6611439959546684,0.018664806756326476,61.78765414307772,1.8741945382019025,1.1760000000000002,-0.42231764128122934,-0.841905758142531,0.09402483581654165,-0.252478276832701,1.1787610619469027,0.7299509001636661,0.26562357410631826,-0.8497128703894717,0.12921135462425481,Information Technology Services,Technology,IBM
2021Q3,2021,Q3,2021-11-05,2021-09-30,1130000000.0,17618000000.0,1833000000.0,1.25,8171000000.0,0.46378703598592347,144214000000.0,22228000000.0,29967000000.0,35832000000.0,121857000000.0,1891000000.0,161747000000.0,124634103000.0,176157103000.0,24.77761676513209,0.8363194909578031,0.40896168194488747,2.6533201367644415,0.018343643875806934,24.77761676513209,0.050836782436566495,7.0742480985355884,27.57391659292035,5.607076795033292,1.3017699115044248,4.9957694341618195,0.011802548135641494,0.12216567046195238,0.6341817369948649,0.007835577683165297,62.97832390096008,0.46378703598592347,-0.1496598639455782,-0.5788040468287756,-0.02556562216503214,0.38964411486984224,-0.09251443802754332,-0.1471698113207547,-0.1462505822077317,-0.573956732809845,-0.04585936597563511,0.1411931053572767,Information Technology Services,Technology,IBM
2021Q2,2021,Q2,2021-07-27,2021-06-30,1325000000.0,18745000000.0,2147000000.0,1.47,9004000000.0,0.4803414243798346,146814000000.0,21942000000.0,30774000000.0,36616000000.0,124747000000.0,1807000000.0,162086000000.0,131198050000.0,183637050000.0,24.516201117318435,0.8404522613065326,0.4072431784434727,2.7248655546440617,0.021228977247422797,24.516201117318435,0.06038647342995169,6.999095758869032,24.754349056603772,5.979311366329414,1.1071698113207546,5.390702822357499,0.011181568628497146,0.12767855926546515,0.649251693248853,0.00902502486138924,70.49868350349274,0.4803414243798346,0.3867924528301886,-0.4341796853220932,-0.00924383781409922,0.4918839985839109,0.09751340809361288,0.387434554973822,0.388745148771022,-0.43645716171371735,-0.041844868521118496,0.2113809742148002,Information Technology Services,Technology,IBM
2021Q1,2021,Q1,2021-04-27,2021-03-31,955000000.0,17729000000.0,1546000000.0,1.06,8204000000.0,0.4627446556489368,148628000000.0,21389000000.0,34038000000.0,36542000000.0,127116000000.0,1828000000.0,162218000000.0,119085255866.15999,169674255866.15997,23.934937362887744,0.9314761096820098,0.4112280324030465,2.8575435971761185,0.01872310291698139,23.934937362887744,0.04464911870587685,6.716975343570421,31.17415075030366,5.567593429620833,1.5256544502617801,5.210612691466083,0.012234931935129933,0.11928438786769653,0.7442942367686498,0.006425438006297602,28.053063808282683,0.4627446556489368,-0.29801324503311255,-0.4894467706342888,0.021164744003263274,0.5422599170444988,-0.22044849866970734,-0.29572271386430676,-0.21122448979591837,-0.4139797364667593,-0.0422090441087134,0.2130847093477236,Information Technology Services,Technology,IBM
2020Q4,2020,Q4,2021-02-23,2020-12-31,1356000000.0,20368000000.0,1960000000.0,1.51,10524000000.0,0.5166928515318147,155970000000.0,20597000000.0,39165000000.0,39869000000.0,135245000000.0,1839000000.0,162717000000.0,112360488000.0,162043488000.0,23.075285682276494,0.9823421706087436,0.4032506251202154,3.053600038840608,0.02173626811674088,23.075285682276494,0.06583483031509443,5.516520424194815,20.715429203539824,5.455187066077584,1.0722713864306785,5.352909189777053,0.012940492034886855,0.13058921587484773,0.8164237879053902,0.008693979611463743,22.29817185949593,0.5166928515318147,-0.20105820105820102,-0.6700265970572188,0.0027415504006042626,0.5684463567801734,0.24825050409204127,-0.2009428403064231,-0.18435289221806075,2.332505811009434,-0.06419209758005835,0.21252140577836867,Information Technology Services,Technology,IBM
2020Q3,2020,Q3,2020-10-27,2020-09-30,1697000000.0,17561000000.0,2403000000.0,1.89,8431000000.0,0.4800979443084107,154127000000.0,21208000000.0,39845000000.0,37993000000.0,132794000000.0,1949000000.0,162806000000.0,108454330163.44,160812330163.44,23.79229447188865,1.0487458215987155,0.43309089257560324,3.1474443606186346,0.02404654385233019,23.79229447188865,0.0800169747265183,6.175863001163943,15.977361544407778,5.1138405395812905,0.8562168532704774,4.684453565931247,0.01339734428132411,0.11393850525865033,0.8807675098044376,0.011010400513861944,31.97356431705189,0.4800979443084107,0.24342105263157887,-0.3707175869323849,-0.00361316330603109,0.7451381329576215,-0.030919540229885058,0.24687729610580456,0.15918958031837915,-0.3509244192198387,-0.044013599905829044,0.12663975554966675,Information Technology Services,Technology,IBM
2020Q2,2020,Q2,2020-07-28,2020-06-30,1361000000.0,18123000000.0,2073000000.0,1.52,8700000000.0,0.48005297136235725,154199000000.0,20551000000.0,39953000000.0,38442000000.0,133512000000.0,1869000000.0,162559000000.0,107412838000.0,161452838000.0,23.106588711490893,1.039305967431455,0.42854363517273136,3.2154639676901366,0.019607630304972652,23.106588711490893,0.06622548781081213,5.92687954532914,19.73049926524614,5.226647754367184,1.0653930933137399,5.041733547351525,0.013499317465199086,0.1175299450709797,0.8727693668383539,0.008826256979617248,37.781511783327474,0.48005297136235725,0.16030534351145034,-0.5641751897269102,-0.03829377949604705,0.6586964404631324,0.09834616841307915,0.15829787234042553,3.5163398692810457,-0.3862607668544255,-0.012383329453364672,0.17282967513832645,Information Technology Services,Technology,IBM
2020Q1,2020,Q1,2020-04-28,2020-03-31,1175000000.0,17570000000.0,459000000.0,1.31,7921000000.0,0.45082527034718267,153403000000.0,19999000000.0,38931000000.0,40673000000.0,133275000000.0,1786000000.0,162626000000.0,98505840000.0,152942840000.0,22.521396396396398,0.9571706045779755,0.4279903261344302,3.2829141457072852,-0.12145150194909422,22.521396396396398,0.058752937646882344,5.606479225953329,20.95868936170213,4.925538276913846,1.225531914893617,5.402575587905935,0.014618422623470852,0.11453491783081166,0.7998918201263737,0.007659563372293892,26.67366368805849,0.45082527034718267,-0.6812652068126521,-0.4381383155824497,-0.0020121384784476883,0.8329125919841266,-0.2863963963963964,-0.6797492504769692,-0.8924050632911392,-0.28743886743886743,0.02706474031177977,0.15808173536115927,Information Technology Services,Technology,IBM
2019Q4,2019,Q4,2020-02-25,2019-12-31,3669000000.0,21777000000.0,4266000000.0,4.11,11100000000.0,0.509712081553933,152186000000.0,20841000000.0,38420000000.0,37701000000.0,131201000000.0,1619000000.0,162954000000.0,118906884000.0,175013884000.0,23.49340547852553,1.019071112172091,0.4223713087931873,3.0842569934264192,0.043371228210206114,23.49340547852553,0.176047214625018,5.460204986912798,8.10213164349959,5.705430833453289,0.3919324066503134,6.594811612106239,0.012093496622113148,0.14309463419762658,0.8663695923185062,0.024108656512425584,43.68364584864071,0.509712081553933,1.197860962566845,-0.2530555269832836,0.008288601039343303,0.9605551723906037,0.3317336532693461,1.194377990430622,1.2012383900928794,-0.12833573901624976,0.06962172285324884,0.22140986719989691,Information Technology Services,Technology,IBM
2019Q3,2019,Q3,2019-10-29,2019-09-30,1672000000.0,18027000000.0,1938000000.0,1.87,8335000000.0,0.4623620125367504,149617000000.0,17956000000.0,38121000000.0,35066000000.0,131525000000.0,1712000000.0,160709000000.0,128842119999.99998,186459120000.0,20.266365688487586,1.0871214281640336,0.45251542271265965,3.7705502339051016,0.02345417123226005,20.266365688487586,0.09311650701715304,7.147174793365506,19.264671052631577,7.175435509022053,0.8588516746411483,5.661214953271028,0.01114542356179796,0.12048764512054111,0.9062624764729368,0.011175200679067219,44.92403068340306,0.4623620125367504,-0.33451957295373663,102.98103837471781,-0.09900166006996049,0.41004429953293486,-0.07491675915649279,-0.33066453162530024,-0.18776194467728416,-0.3689712385441961,0.009547099222418236,0.13663214972470064,Information Technology Services,Technology,IBM
2019Q2,2019,Q2,2019-07-30,2019-06-30,2498000000.0,19161000000.0,2386000000.0,2.81,9010000000.0,0.4702259798549136,154652000000.0,17645000000.0,77517000000.0,42351000000.0,136876000000.0,1745000000.0,160467000000.0,123971962638.15999,152929962638.15997,19.909200011650576,1.8303463908762485,0.4808020588159222,4.214054973080192,0.022146499377109347,19.909200011650576,0.14156984981581183,6.470015272593288,12.407121961385107,7.025897570879003,0.5748598879103283,5.817191977077364,0.011583264227180853,0.12389752476527946,1.6767254610280748,0.016152393761477382,56.121304951634215,0.4702259798549136,0.5786516853932584,-0.3189714675803504,-0.11295469811798112,0.14526306794302338,0.12036806764486446,0.5700817096165933,0.16903478686918177,0.07723454969807282,0.02271515266357568,0.2115342332138983,Information Technology Services,Technology,IBM
2019Q1,2019,Q1,2019-04-30,2019-03-31,1591000000.0,18181000000.0,2041000000.0,1.78,8042000000.0,0.44232990484571805,130926000000.0,16481000000.0,52705000000.0,38871000000.0,114319000000.0,1771000000.0,159396000000.0,127479680000.00002,161634680000.0,18.526303956834532,1.3558951403359831,0.39174037242411747,3.112007766519022,0.023774309555138554,18.526303956834532,0.09653540440507251,7.011697926406689,20.031376492771845,7.734948122079972,0.8780641106222502,5.725014116318464,0.010958609246587377,0.13886470219818828,1.1821409276838775,0.012151902601469533,31.368031496062997,0.44232990484571805,-0.1720930232558139,-0.22340709647047458,-0.0589926937603056,0.15484011899290093,-0.24749695892205484,-0.18493852459016394,-0.5769071310116086,-0.1455803129478534,0.051944312806017245,0.19375186032078862,Information Technology Services,Technology,IBM
2018Q4,2018,Q4,2019-02-26,2018-12-31,1952000000.0,21760000000.0,4824000000.0,2.15,10687000000.0,0.49113051470588237,123382000000.0,16796000000.0,49146000000.0,38227000000.0,106452000000.0,1682000000.0,159206000000.0,102450771000.0,136883771000.0,18.635304560079884,1.2856358071520129,0.371302134833282,2.7275541795665634,0.03393782634271038,18.635304560079884,0.1162181471778995,4.708215579044118,13.121256531762295,6.099712491069303,0.7254098360655737,6.5832342449464925,0.013821272267438574,0.17636284060884083,1.113349203442593,0.015820784231087192,32.15655084745763,0.49113051470588237,-0.2687074829931973,-0.6244497640657557,-0.06519133241346549,-0.12309739642481235,0.21415587366507613,-0.27542687453600595,0.39140467262763196,-0.5295791407830037,0.06093072573020601,0.2666571477030879,Information Technology Services,Technology,IBM
2018Q3,2018,Q3,2018-10-30,2018-09-30,2694000000.0,18755000000.0,3467000000.0,2.94,8802000000.0,0.4693148493735004,121990000000.0,19784000000.0,48257000000.0,36822000000.0,102072000000.0,1893000000.0,158612000000.0,139413600000.0,174771600000.0,21.712028094820017,1.3105480419314541,0.38462988769571277,2.3716639708855642,0.04670127093476658,21.712028094820017,0.13617064294379297,7.433409757398027,12.937416481069041,7.04678528103518,0.5311804008908686,5.257791864764924,0.010264421835459381,0.15374211000901714,1.1292705447830103,0.022083777358799902,42.543057674702474,0.4693148493735004,0.12643678160919544,-0.20185835528241136,-0.0534243994765162,0.1916109799587039,-0.043156864876617025,0.12063227953410982,0.06089351285189718,-0.02273798008958196,0.040987427322139655,0.5925529257754625,Information Technology Services,Technology,IBM
2018Q2,2018,Q2,2018-07-31,2018-06-30,2404000000.0,20003000000.0,3268000000.0,2.61,9199000000.0,0.4598810178473229,121622000000.0,18520000000.0,46795000000.0,35442000000.0,102974000000.0,1742000000.0,157349000000.0,127839469999.99998,162595470000.0,20.238225330564966,1.3203261666948818,0.3740852806235714,2.4566414686825055,0.04418969853063616,20.238225330564966,0.12980561555075593,6.3910148477728335,13.294454034941761,6.9027791576673865,0.5977537437603994,6.202066590126291,0.011240659868192508,0.164468599431024,1.1299305908244455,0.019766160727499957,105.30434102141679,0.4598810178473229,0.44198895027624296,-0.10350181087266105,-0.03449015002328756,0.25480188479494076,0.1155711860295901,0.4318046456223943,0.8922987840185292,-0.2518014578319822,0.03165868687970586,0.45279222027287086,Information Technology Services,Technology,IBM
2018Q1,2018,Q1,2018-04-24,2018-03-31,1679000000.0,19071000000.0,1727000000.0,1.81,8246000000.0,0.4323842483351686,125285000000.0,18166000000.0,49122000000.0,35733000000.0,106995000000.0,1753000000.0,156371000000.0,141263001000.0,175700001000.0,19.73063973063973,1.3746956594744355,0.37024384403559885,2.5534515028074423,0.03947101714263771,19.73063973063973,0.09242541010679291,7.4072151958470975,21.03380002977963,7.776230375426621,0.8231089934484812,6.175128351397604,0.00978317032922159,0.15222093626531508,1.1773710575658356,0.013401444706070161,39.174431780366056,0.4323842483351686,2.5877192982456143,-0.33015923269349096,-0.014494088126207248,0.15095398428731763,-0.24083962437856749,2.5929791271347247,-0.6287618228718831,-0.22565041667582664,0.04477262872263625,0.6057857769413655,Information Technology Services,Technology,IBM
2017Q4,2017,Q4,2018-02-27,2017-12-31,-1054000000.0,22543000000.0,4652000000.0,-1.14,10862000000.0,0.48183471587632526,125355000000.0,17594000000.0,49735000000.0,37363000000.0,107631000000.0,1583000000.0,153126000000.0,141836790000.0,176687790000.0,19.03082747431044,1.3311297272702942,0.3735231941286746,2.661304990337615,-0.017015990224495715,19.03082747431044,-0.05990678640445606,6.291832941489598,-33.64250237191651,8.061656814823234,-1.3159392789373814,7.379027163613392,0.009778845107817232,0.17983327350325076,1.1832561625137168,-0.008408120936540225,30.541944444444443,0.48183471587632526,-1.3904109589041096,-1.2198256743466545,-0.06413202745003717,0.13488715060217124,0.23431818181818181,-1.3866471019809243,0.48816378758797185,-1.205895512349412,0.0015305034523206901,0.5881472472663513,Information Technology Services,Technology,IBM
2017Q3,2017,Q3,2017-10-31,2017-09-30,2726000000.0,19153000000.0,3126000000.0,2.92,8800000000.0,0.45945804834751736,121636000000.0,19627000000.0,44742000000.0,31697000000.0,101879000000.0,1711000000.0,155565000000.0,134837352000.00002,169548352000.0,21.11792554336131,1.4115531438306463,0.3751027656285968,2.324654812248433,0.04260728519879043,21.11792554336131,0.13889030417282316,7.040012112984912,12.365861335289802,6.869992968869415,0.5117388114453412,6.0508474576271185,0.01034579795070434,0.15746160676115623,1.21907436034956,0.02241112828438949,52.08086210892237,0.45945804834751736,0.17741935483870966,-0.12774764481156242,-0.05300337065503585,0.11486490543198935,0.0006822833750284285,0.16945516945516945,0.23410975128306355,160.61243813212826,-0.08742536272423967,0.46929207673838974,Information Technology Services,Technology,IBM
2017Q2,2017,Q2,2017-07-25,2017-06-30,2331000000.0,19289000000.0,2533000000.0,2.48,8794000000.0,0.455907512053502,120495000000.0,18419000000.0,45013000000.0,35966000000.0,101951000000.0,1604000000.0,154234000000.0,143815667000.0,177792667000.0,19.701572360680288,1.2515431240616137,0.37904477364205985,2.479667734404691,0.037725625124076526,19.701572360680288,0.12655410174276563,7.455838405308725,15.424245709995711,7.808006243552853,0.6018876018876019,6.543017456359102,0.009755543531985288,0.16008133117556744,1.0913918700995384,0.019345201045686544,54.475631439393936,0.455907512053502,0.34054054054054045,-0.26183491440688866,-0.08054361424155232,0.10581342594019115,0.13149768399382397,0.332,0.6363049095607235,-0.3975543951876283,-0.15347451831902453,0.1333194298058363,Information Technology Services,Technology,IBM
2017Q1,2017,Q1,2017-04-25,2017-03-31,1750000000.0,18155000000.0,1548000000.0,1.85,7772000000.0,0.428091434866428,117495000000.0,18327000000.0,42889000000.0,36481000000.0,99047000000.0,1609000000.0,153292000000.0,164109536000.0,196794536000.0,19.447156196943972,1.1756530796853157,0.36410911102600113,2.3343154908059147,0.031184932846836655,19.447156196943972,0.09548753205652862,9.039357532360231,23.444219428571426,8.954522616904022,0.7548571428571429,6.453076444996892,0.008049501766917433,0.15451721349844674,1.002275156931005,0.014894250819183795,53.31693827160494,0.428091434866428,-0.608050847457627,-0.29797669992480097,-0.09497636126373378,0.0888941958300449,-0.28657976868000734,-0.6111975116640747,-0.6906474820143885,-0.19365521131254193,-0.11298497027031258,0.21224159059892803,Information Technology Services,Technology,IBM
2016Q4,2016,Q4,2017-02-28,2016-12-31,4501000000.0,21771000000.0,5004000000.0,4.72,10894000000.0,0.5003904276330899,117470000000.0,18246000000.0,43888000000.0,36275000000.0,99078000000.0,1553000000.0,152759000000.0,157458114000.0,191800114000.0,19.234661606578115,1.2098690558235699,0.3589682472120541,2.3110818809602103,0.0748546222401172,19.234661606578115,0.24668420475720707,7.232470442331542,8.745729504554545,8.629733311410721,0.2952677182848256,7.0038634900193175,0.00844033988619983,0.18533242530007663,1.0412680909717436,0.038316165829573506,61.94260975609756,0.5003904276330899,0.5838926174496644,0.0131068813133495,-0.08760874649159722,0.11961815151608242,0.20856445529176837,0.5776375744830003,0.4804733727810651,-0.1772204487709498,-0.11135465949934965,-0.0948940605012711,Information Technology Services,Technology,IBM
2016Q3,2016,Q3,2016-10-25,2016-09-30,2853000000.0,19227000000.0,3380000000.0,2.98,9014000000.0,0.46881988869818486,115606000000.0,17010000000.0,41433000000.0,34447000000.0,98447000000.0,1729000000.0,149585000000.0,151542900000.0,184986900000.0,17.830188679245282,1.202804308067466,0.3674809265955054,2.4975308641975307,0.04969214296395511,17.830188679245282,0.16772486772486772,7.881775628023092,13.279258675078864,8.90904761904762,0.46862951279355064,5.906882591093117,0.008822584231923766,0.1663148971506669,1.0208145847243593,0.024678649897064166,45.9360109123977,0.46881988869818486,0.14176245210727975,-0.07408523249470433,-0.08417826751524353,-0.04925924076304594,-0.07100896629908275,0.13892215568862276,0.030802073802988716,-0.19267297932045588,-0.07313795143172504,-0.021434178689506502,Information Technology Services,Technology,IBM
2016Q2,2016,Q2,2016-07-26,2016-06-30,2505000000.0,20239000000.0,3279000000.0,2.61,9703000000.0,0.4794209200059292,118056000000.0,15733000000.0,43524000000.0,33585000000.0,102167000000.0,1685000000.0,148071000000.0,145314172000.0,179822172000.0,16.433047837894296,1.295935685573917,0.37715152131191976,2.8300387720078817,0.0447071524879881,16.433047837894296,0.1592194749888769,7.1799086911408665,14.5024123752495,9.236265937837667,0.5349301397205589,6.252818991097923,0.009221399272742646,0.17143558988954394,1.1065654309959803,0.02121874364708274,59.99759372419488,0.4794209200059292,0.2488038277511962,-0.1396526984016938,-0.04489149726131912,-0.14388411160187453,0.11721358664363846,0.2444113263785395,1.1431372549019607,-0.10711029471091557,-0.06626044575132387,0.018874879744189506,Information Technology Services,Technology,IBM
2016Q1,2016,Q1,2016-04-26,2016-03-31,2013000000.0,18684000000.0,1530000000.0,2.09,8685000000.0,0.46483622350674375,118856000000.0,14925000000.0,47623000000.0,34664000000.0,103784000000.0,1690000000.0,146888000000.0,145649465000.0,176851465000.0,15.51939274201934,1.3738460650819293,0.38328733930133946,3.0523283082077053,0.04934666727345068,15.51939274201934,0.1348743718592965,7.795411314493684,18.088607178340784,9.758758123953099,0.620963735717834,5.916568047337278,0.008582249169264028,0.15719862690987413,1.2000634664204939,0.016936460927508917,32.04608690869087,0.46483622350674375,-0.5446623093681917,-0.1064371796785084,-0.03502990901763069,-0.16338206557445148,-0.2386921458625526,-0.5489580999327807,-0.7015798712697484,-0.2311472332278784,-0.0756548784971589,-0.0947020900488718,Information Technology Services,Technology,IBM
2015Q4,2015,Q4,2016-02-23,2015-12-31,4463000000.0,22060000000.0,5127000000.0,4.59,11408000000.0,0.5171350861287398,110491000000.0,14262000000.0,42504000000.0,34269000000.0,96071000000.0,1551000000.0,146124000000.0,133408828000.0,165611828000.0,14.712193109139674,1.2403046485161515,0.36101582934356646,2.796872808862712,0.08283080152944595,14.712193109139674,0.312929462908428,6.047544333635539,7.473046605422362,9.354145842097882,0.28254537306744343,6.8678272082527405,0.009452148099224737,0.1996542704835688,1.0723394321398347,0.04039243015268212,31.726237336504163,0.5171350861287398,0.5249169435215948,0.08603194993351627,-0.027495266520898936,-0.20834024669599457,0.20898685883849089,0.5128813559322034,0.41200771137427705,-0.11229515511352336,-0.1266018207941047,-0.12265092312569505,Information Technology Services,Technology,IBM
2015Q3,2015,Q3,2015-10-27,2015-09-30,2950000000.0,19280000000.0,3631000000.0,3.01,9436000000.0,0.48941908713692944,108649000000.0,13294000000.0,42112000000.0,33732000000.0,95198000000.0,1613000000.0,142898000000.0,141360247000.0,171541247000.0,13.633473489898472,1.248428791651844,0.3650378742556305,2.983375959079284,0.0560887557502917,13.633473489898472,0.2219046186249436,7.331963018672199,11.979681949152543,10.633387016699263,0.43050847457627117,6.10291382517049,0.008984138235129144,0.1774521624681313,1.0281335230641528,0.02715165348967777,44.59313785488959,0.48941908713692944,-0.14000000000000007,0.0580649593090295,0.022546657539280885,-0.2304732473909272,-0.09181905678537054,-0.14467961728037113,-0.11697470817120623,-0.10031220915438777,-0.0914011855147925,-0.2802569029890653,Information Technology Services,Technology,IBM
2015Q2,2015,Q2,2015-07-28,2015-06-30,3449000000.0,20813000000.0,4112000000.0,3.5,10390000000.0,0.49920722625282277,112729000000.0,13684000000.0,45186000000.0,35535000000.0,98892000000.0,1912000000.0,141218000000.0,159780918000.0,190055918000.0,13.93057110862262,1.2715913887716337,0.3430173247345404,2.825781935106694,0.06556593016040602,13.93057110862262,0.2520461853259281,7.67697679335031,11.581684401275732,11.676477491961414,0.3705421861409104,5.451359832635983,0.00799845198035475,0.18462862262594362,1.031940340509357,0.030595498939935597,56.22129415904293,0.49920722625282277,0.4893617021276595,0.32585733820579355,0.1419243266412363,-0.15420351301178195,0.0992382564536606,0.48216587881392353,0.34908136482939633,0.03950225615397164,-0.055771466321852314,-0.21810237878914598,Information Technology Services,Technology,IBM
2015Q1,2015,Q1,2015-04-28,2015-03-31,2327000000.0,19590000000.0,3048000000.0,2.35,9452000000.0,0.48249106687085247,112037000000.0,12141000000.0,46316000000.0,35640000000.0,99748000000.0,1970000000.0,139030000000.0,158590050000.0,188621050000.0,12.287217892925817,1.299551066217733,0.34655515588600194,3.1980067539741373,0.04814468007341873,12.287217892925817,0.19166460752821018,8.095459418070444,17.03803717232488,13.062354830738819,0.4675547915771379,5.1461928934010155,0.00686045562127006,0.17485295036461168,1.0284231200897866,0.020769924221462552,60.071988636363635,0.48249106687085247,-0.573502722323049,0.17814619889798955,0.12869698236455182,-0.2743553795545286,-0.26512206499766755,-0.575674690007294,-0.47601856627127387,-0.10968387476990538,-0.06860804190792094,-0.31200839284622406,Information Technology Services,Technology,IBM
2014Q4,2014,Q4,2014-12-31,2014-12-31,5484000000.0,24113000000.0,5817000000.0,5.51,12862000000.0,0.5334052171028076,117532000000.0,11868000000.0,49422000000.0,39600000000.0,105518000000.0,2103000000.0,137793000000.0,158899776000.0,191227776000.0,11.983037156704363,1.248030303030303,0.34717353571793214,3.4381530165149985,0.08584101264190196,11.983037156704363,0.4620829120323559,6.58979703894165,7.243789934354486,13.388926188068755,0.1985776805251641,5.349976224441274,0.006853376558567333,0.2051611476023551,1.0178535353535354,0.04665963312119253,31.748206993006992,0.5334052171028076,274.5,0.5167644710223759,0.1788001094013361,-0.30209673598979403,0.182821408865183,303.6666666666667,0.29698996655518395,0.18226868649416927,-0.03210895820113206,-0.30248703172664343,Information Technology Services,Technology,IBM
2014Q3,2014,Q3,2014-09-30,2014-09-30,18000000.0,22397000000.0,4485000000.0,0.02,10874000000.0,0.48551145242666427,118911000000.0,14255000000.0,47163000000.0,42306000000.0,104516000000.0,2356000000.0,133403000000.0,188273394000.0,224409394000.0,14.372857430933657,1.1148064104382358,0.3842958178805998,3.205682216766047,0.059268063384438345,14.372857430933657,0.0012627148368993335,8.406188060901014,2614.90825,13.207533777621887,60.55555555555556,4.890916808149406,0.005789453182110266,0.18835095155200107,0.8879827920389542,0.00015137371647702905,68.36361437908496,0.48551145242666427,-0.9951456310679613,-0.9925467865746164,0.2647972176908787,0.031298424739838765,-0.09186570903624519,-0.9956490210297317,-0.13299826019717764,-0.99438090965348,0.026156356188875785,-0.23361094870540824,Information Technology Services,Technology,IBM
2014Q2,2014,Q2,2014-06-30,2014-06-30,4137000000.0,24363000000.0,5173000000.0,4.12,11974000000.0,0.49148298649591593,124314000000.0,17377000000.0,48182000000.0,42433000000.0,106801000000.0,2338000000.0,134483000000.0,181197492000.0,217953492000.0,17.38395358143257,1.1354841750524356,0.3738195215341796,2.6742820970248027,0.0648195726938115,17.38395358143257,0.23807331530183576,7.437404753109223,10.949812182741116,10.427432353110435,0.26492627507855937,5.298973481608212,0.006048648841121928,0.195979535691877,0.9378785379303843,0.03327863313866499,70.75263256540414,0.49148298649591593,0.7991266375545851,0.768698359137403,0.39013774542074897,0.49898308370750577,0.13583760197306013,0.7353187919463087,0.71575456053068,0.3608766650765111,0.10118833403007936,-0.09434457861671004,Information Technology Services,Technology,IBM
2014Q1,2014,Q1,2014-03-31,2014-03-31,2384000000.0,22483000000.0,3015000000.0,2.29,10542000000.0,0.46888760396744206,122646000000.0,16607000000.0,47959000000.0,41058000000.0,105906000000.0,2456000000.0,131431000000.0,199265648000.0,233836648000.0,16.042310664605875,1.1680793024501923,0.3585930238246661,2.648280845426627,0.039810520408668525,16.042310664605875,0.14355392304449932,8.862947471422853,20.896145973154365,11.9988949238273,0.4152684563758389,4.861970684039088,0.004968242192954402,0.18331621088335534,0.958765648594671,0.019438057498817735,84.25608794926005,0.46888760396744206,-0.6003490401396161,0.3489488943439301,0.34476491076361626,0.5855950464252391,-0.2636211232187762,-0.6145513338722717,-0.5718545867651236,-0.016888176764680456,0.07873211239259217,-0.13519265639196812,Information Technology Services,Technology,IBM
2013Q4,2013,Q4,2014-02-25,2013-12-31,6185000000.0,27699000000.0,7042000000.0,5.73,14316000000.0,0.5168417632405502,126223000000.0,22792000000.0,51350000000.0,40154000000.0,103294000000.0,2310000000.0,130042000000.0,201168825000.0,230171825000.0,21.25128205128205,1.2788265179060616,0.31467323704871536,1.7426728676728678,0.10007953050133904,21.25128205128205,0.2713671463671464,7.262674645294054,8.131318714632174,8.826291023166023,0.16572352465642684,5.793506493506493,0.005095222880583013,0.21944495060329733,1.0684365194003087,0.0490005783415067,37.580576312348214,0.5168417632405502,0.5570652173913044,0.7511731097003292,0.2855431057630486,1.1216560313062356,0.2579964850615114,0.5305617421430339,0.44362443624436243,0.360382804057904,0.10371265098537828,0.14352663680442895,Information Technology Services,Technology,IBM
2013Q3,2013,Q3,2013-10-29,2013-09-30,4041000000.0,23721000000.0,4878000000.0,3.68,11380000000.0,0.4797436870283715,117845000000.0,19877000000.0,47533000000.0,39222000000.0,97837000000.0,2492000000.0,124885000000.0,202012862000.0,228120862000.0,18.220735172793106,1.2118963846820663,0.3070134498705927,1.8201941942949138,0.07305798511018599,18.220735172793106,0.20330029682547668,8.51620344842123,12.497702425142293,10.163146450671631,0.25661964860183123,4.952247191011236,0.005133336510028752,0.20128982986125843,0.9832746927744633,0.03429080571937715,76.40425945537065,0.4797436870283715,0.2646048109965636,0.7717323547337399,0.16078583616684672,-0.10568163821753532,-0.06198483349818661,0.25263484190948543,0.16838323353293413,0.2955177895731094,0.12453586777431477,0.028449806137687918,Information Technology Services,Technology,IBM
2013Q2,2013,Q2,2013-07-31,2013-06-30,3226000000.0,24924000000.0,4175000000.0,2.91,12132000000.0,0.4867597496389023,115152000000.0,17756000000.0,47911000000.0,41037000000.0,97270000000.0,2389000000.0,121883000000.0,210580152000.0,235144152000.0,16.12862203651558,1.1675073713965445,0.2963213839099625,1.9217166028384771,0.06264953780037245,16.12862203651558,0.18168506420364947,8.448890707751564,16.31898264104154,11.85966163550349,0.3248605083694978,5.3545416492256175,0.00497672734133082,0.21644435181325553,0.9550649413943514,0.028015145199388636,96.68510192837465,0.4867597496389023,0.07777777777777777,0.4479962062931576,0.18162446923440037,-0.2203320022469842,0.13616782168945496,0.06398416886543536,0.14008738394320044,0.10653266186066837,0.22015964038803404,-0.02074855710675617,Information Technology Services,Technology,IBM
2013Q1,2013,Q1,2013-04-30,2013-03-31,3032000000.0,23408000000.0,3662000000.0,2.7,10678000000.0,0.45616883116883117,117258000000.0,19092000000.0,48949000000.0,42122000000.0,98044000000.0,2421000000.0,119713000000.0,236527606000.0,259339606000.0,17.142857142857142,1.1620768244622763,0.2848163877944362,1.749266708569034,0.05866154752103093,17.142857142857142,0.15880997276346115,10.104562799043062,19.50260603562005,12.388833333333334,0.31266490765171506,5.258157786038827,0.004007988818015602,0.19962817035937847,0.9540857509140117,0.0258575107881765,74.61438675078864,0.45616883116883117,-0.47368421052631576,0.6236125842311349,0.21817989580882036,-0.1747225205871823,-0.2959715171095141,-0.4801988685067718,-0.5833902161547213,0.3619610252747777,0.19657497645466815,0.0124034727130083,Information Technology Services,Technology,IBM
2012Q4,2012,Q4,2013-02-26,2012-12-31,5833000000.0,29304000000.0,8790000000.0,5.13,15167000000.0,0.5175743925743925,119213000000.0,18860000000.0,49433000000.0,43625000000.0,100229000000.0,2287000000.0,117641000000.0,215436285000.0,238294285000.0,16.768916155419223,1.133134670487106,0.27908030164495484,1.764050901378579,0.12559602731822547,16.768916155419223,0.30927889713679746,7.351770577395578,9.23351127207269,11.422920731707318,0.16406651808674783,6.181460428508964,0.004442148638053241,0.24581211780594397,0.9560343839541547,0.048929227517133196,41.53388953152111,0.5175743925743925,0.5405405405405405,0.8149327000020518,0.173057916036763,-0.185408814789435,0.2928991560821754,0.5253661087866108,1.0499067164179106,0.420648424269419,0.26150728699644904,-0.023362677947400094,Information Technology Services,Technology,IBM
2012Q3,2012,Q3,2012-10-30,2012-09-30,3824000000.0,24747000000.0,4288000000.0,3.33,11731000000.0,0.47403725704125754,115778000000.0,21541000000.0,48141000000.0,39499000000.0,94112000000.0,2586000000.0,112773000000.0,239346484000.0,261104484000.0,18.942138586000702,1.2187903491227625,0.29078926911848535,1.562926512232487,0.05852030722013233,18.942138586000702,0.1775219349148136,9.671737341900029,15.647651935146444,11.111205793602897,0.25313807531380755,5.033255993812839,0.004044346020140408,0.2137452711223203,0.9877971594217575,0.03302872739207794,70.16900732922896,0.47403725704125754,-0.0029940119760478406,0.9532111312283393,0.2704770831452214,0.26434580243557687,-0.04478462665906685,-0.014686936356609122,-0.11696869851729819,0.3809443865991668,0.21882362238186387,0.3591589409982239,Information Technology Services,Technology,IBM
2012Q2,2012,Q2,2012-07-31,2012-06-30,3881000000.0,25783000000.0,4856000000.0,3.34,12281000000.0,0.4763216072605981,113832000000.0,20471000000.0,47392000000.0,38903000000.0,93269000000.0,2758000000.0,109928000000.0,224721420000.0,246292420000.0,17.816362053959963,1.218209392591831,0.28493745168318224,1.5844365199550583,0.0690213634557393,17.816362053959963,0.18958526696302086,8.715875576930536,14.475742076784334,10.97754970445997,0.25199690801339863,4.895576504713561,0.004352055091143514,0.2265004568135498,0.9779194406601033,0.034094103591257294,73.0326356841079,0.4763216072605981,0.27969348659003834,1.1479906344108384,0.39188897440607195,0.5281496505103401,0.10460514481021767,0.26581865622961515,0.33443253641110193,0.44350440504108013,0.2798725885997174,0.5362687898924706,Information Technology Services,Technology,IBM
2012Q1,2012,Q1,2012-04-24,2012-03-31,3066000000.0,24673000000.0,3639000000.0,2.61,11118000000.0,0.4506140315324444,115347000000.0,20701000000.0,48847000000.0,38209000000.0,94564000000.0,2754000000.0,107036000000.0,241846215000.0,262064215000.0,17.85954619963765,1.2784160799811564,0.27788325660832097,1.5483793053475678,0.05515207263983224,17.85954619963765,0.14810878701512004,9.802059538767073,19.72001100782779,11.682827641176756,0.2837573385518591,4.921931735657226,0.003597327334645283,0.21390239884869133,1.0253081734669842,0.026580665296886786,75.71891515341265,0.4506140315324444,-0.4350649350649351,1.150982108753313,0.4909786578332064,-0.03698840208721452,-0.24480369515011546,-0.44153005464480877,-0.48681427161190244,0.549404287640343,0.3180061119354168,0.7652075550454297,Information Technology Services,Technology,IBM
2011Q4,2011,Q4,2012-02-28,2011-12-31,5490000000.0,29486000000.0,7091000000.0,4.62,14722000000.0,0.4992877975988605,116433000000.0,20138000000.0,50928000000.0,42123000000.0,96197000000.0,2595000000.0,104857000000.0,215544136000.0,234942136000.0,17.179662173690495,1.2090306958193862,0.26899590322331296,1.5552686463402523,0.10400485921804214,17.179662173690495,0.27261892938722815,7.31005005765448,9.815306739526411,10.70335365974774,0.16029143897996356,5.689402697495183,0.00408269051680441,0.25324435512268856,0.984806400303872,0.047151580737419804,36.47108900169205,0.4992877975988605,0.4482758620689656,0.9838728567751787,0.4364779709030658,-0.09629890446050314,0.20939784769572004,0.4300599114352696,0.42790978654853,0.42218896337549894,0.2520855351870675,0.7151592915033149,Information Technology Services,Technology,IBM
2011Q3,2011,Q3,2011-10-25,2011-09-30,3839000000.0,26157000000.0,4966000000.0,3.19,12173000000.0,0.46538211568604965,110158000000.0,22291000000.0,45373000000.0,36028000000.0,87780000000.0,2663000000.0,100266000000.0,207850482000.0,226707482000.0,18.75399629816591,1.259381592095037,0.2737885582526916,1.353012426539859,0.07230397427929713,18.75399629816591,0.17222197299358485,7.9462660855602705,13.535457280541808,9.324412632901172,0.23261265954675697,5.251220428088621,0.004296357609601309,0.23744984476842354,1.0072721216831353,0.0348499428094192,64.81150046772684,0.46538211568604965,0.06333333333333331,1.1995541805568746,0.47235840899742676,-0.17138089236204593,-0.01703811369509044,0.047762008733624454,0.03804347826086957,0.5448154123760237,0.17477921728238668,-0.07950787456184125,Information Technology Services,Technology,IBM
2011Q2,2011,Q2,2011-07-26,2011-06-30,3664000000.0,26666000000.0,4784000000.0,3.0,12384000000.0,0.46441161029025724,113474000000.0,23126000000.0,46937000000.0,39843000000.0,90264000000.0,2573000000.0,97334000000.0,206683440000.0,224742440000.0,19.19488711819389,1.178048841703687,0.2623772846643284,1.2874254086309782,0.06783199741234541,19.19488711819389,0.15843639193980802,7.750822770569264,14.102308951965066,8.937275793479202,0.24699781659388648,5.550719005052468,0.00437867687899911,0.23499656308934205,0.9573827272042768,0.03228933500185065,62.10439903846154,0.46441161029025724,0.2987012987012987,1.3133637556598532,0.5551838102136907,-0.11998402705016484,0.14054153619451096,0.27977645826056585,0.3870687155697304,0.5027662706617771,0.15518760646415283,-0.07210676940318733,Information Technology Services,Technology,IBM
2011Q1,2011,Q1,2011-04-26,2011-03-31,2863000000.0,24607000000.0,3449000000.0,2.31,10858000000.0,0.4412565530133702,112960000000.0,22672000000.0,47524000000.0,40387000000.0,90184000000.0,2549000000.0,94590000000.0,199304154000.0,216798154000.0,18.550155457371954,1.1767152796692004,0.2678558781869688,1.3345536344389555,0.04887634184098596,18.550155457371954,0.12627911079745943,8.099490145080669,17.403436430317846,8.790761908962596,0.2776807544533706,5.393879952922715,0.003988878224786023,0.21783817280453258,0.9632555030083938,0.02534525495750708,72.89837381126554,0.4412565530133702,-0.4473684210526315,1.145688975268999,0.5246938962558274,-0.11332625911037182,-0.2367496133839449,-0.45539280958721706,-0.484223119485569,0.3970131692621391,0.16689486474902104,-0.10697351024974201,Information Technology Services,Technology,IBM
2010Q4,2010,Q4,2011-02-22,2010-12-31,5257000000.0,29018000000.0,6687000000.0,4.18,14226000000.0,0.490247432628024,113452000000.0,23046000000.0,48116000000.0,40562000000.0,90280000000.0,2450000000.0,92532000000.0,181997076000.0,199960076000.0,18.583985162486897,1.186233420442779,0.2523005323837394,1.2420376638028292,0.0978259040513775,18.583985162486897,0.2281089993925193,6.2718683575711625,8.654987445311013,7.897122103618848,0.15369982879969565,6.037551020408163,0.004439631766391675,0.25577336671015055,0.9830876189537006,0.04633677678665867,36.97624461600975,0.490247432628024,0.48226950354609927,1.0810129055505229,0.49870516472696524,-0.12155886196414434,0.29315516771202615,0.46475341320702146,0.5305561913481346,0.48349645793877793,0.053513276284313425,-0.09723739094768605,Information Technology Services,Technology,IBM
2010Q3,2010,Q3,2010-10-26,2010-09-30,3589000000.0,24271000000.0,4369000000.0,2.82,11001000000.0,0.45325697334267234,107174000000.0,22238000000.0,44469000000.0,35443000000.0,84815000000.0,2629000000.0,88095000000.0,168372527999.99997,185968527999.99997,17.716698534098153,1.254662415709731,0.25617220594547185,1.234598435111071,0.06746723578517232,17.716698534098153,0.1613904128069071,6.937189567796958,11.728373363053775,7.5713880744671265,0.22791864028977432,5.047546595663751,0.004858274741827242,0.22646350794035866,1.0039217899162034,0.03348759960438166,47.52258763759525,0.45325697334267234,0.08045977011494251,2.001327511851489,0.4292327021453356,-0.06755143451925275,0.017762975298362477,0.059952746603662135,0.017466231951560315,0.6608434030907494,0.12890102673092776,0.18255039276074211,Information Technology Services,Technology,IBM
2010Q2,2010,Q2,2010-07-27,2010-06-30,3386000000.0,23724000000.0,4294000000.0,2.61,10809000000.0,0.4556145675265554,103420000000.0,21059000000.0,44895000000.0,34993000000.0,82244000000.0,2595000000.0,85323000000.0,157881528000.0,174206528000.0,16.470358204285937,1.2829708798902637,0.25768710114097854,1.2654921886129447,0.06659311053223739,16.470358204285937,0.16078636212545705,6.654928679817906,11.656935026580035,7.497104705826488,0.2460129946839929,4.976878612716763,0.005276108044761259,0.22939470121833302,1.0211470865601693,0.03274028234384065,56.44673864855202,0.4556145675265554,0.3248730964467005,1.3222867035149932,0.3363194378449544,-0.12309352617911327,0.08350040096230954,0.3018069973087274,0.5390681003584229,0.6840734265492263,0.15091802029639548,0.41269985743612725,Information Technology Services,Technology,IBM
2010Q1,2010,Q1,2010-04-27,2010-03-31,2601000000.0,22856000000.0,2790000000.0,1.97,9976000000.0,0.4364718235911796,105208000000.0,22033000000.0,45697000000.0,34576000000.0,83059000000.0,2524000000.0,82783000000.0,166878900000.0,180725900000.0,16.93283123270827,1.3216392873669598,0.25016158467036725,1.194526392229837,0.04269772968830756,16.93283123270827,0.11805019743112603,7.301316940847042,16.039878892733565,7.574043480234193,0.2760476739715494,5.103011093502377,0.004302521169542705,0.21724583681849288,1.0842202683942619,0.024722454566192684,47.234333427681854,0.4364718235911796,-0.4512534818941504,1.322145244617829,0.24884947238935026,-0.07825861535053606,-0.2410802586534804,-0.4595886141699564,-0.5370831259333001,0.6254808259754219,0.230343974769524,-0.08695816342025785,Information Technology Services,Technology,IBM
2009Q4,2009,Q4,2010-02-23,2009-12-31,4813000000.0,27230000000.0,6027000000.0,3.59,13145000000.0,0.48273962541314724,109022000000.0,22637000000.0,48935000000.0,36002000000.0,86267000000.0,2494000000.0,80900000000.0,172578560000.0,186495560000.0,17.170054611650485,1.3592300427754014,0.2394012217717525,1.1529796351106596,0.09327591452810739,17.170054611650485,0.2126165127887971,6.337809768637532,8.964188655724081,7.623738127843796,0.1510492416372325,5.647554129911788,0.004212574261831829,0.2497661022545908,1.1323537581245486,0.044147052888407846,34.73803542673108,0.48273962541314724,0.49583333333333335,0.9558528629199666,0.22496927350279303,-0.059909639762155915,0.23682724877681596,0.4975108898568762,0.4540410132689988,0.5463645156258571,0.1794655842750097,-0.096804290669687,Information Technology Services,Technology,IBM
2009Q3,2009,Q3,2009-10-27,2009-09-30,3214000000.0,23566000000.0,4145000000.0,2.4,10628000000.0,0.45098871255198164,103675000000.0,18395000000.0,43446000000.0,32960000000.0,85182000000.0,2546000000.0,76812000000.0,157873239000.0,173809239000.0,13.936661868323357,1.318143203883495,0.24565227875572704,1.3845066594183202,0.06945325402750939,13.936661868323357,0.17472139168252243,6.699195408639565,12.280121266334785,8.582399510736614,0.22588674548848786,5.081696779261587,0.0045986261167416725,0.22730648661683145,1.0659587378640776,0.03100072341451652,37.37529332386364,0.45098871255198164,0.03448275862068969,1.2586283472653652,0.2723410176642739,-0.21659650342223832,0.004441924203761459,0.03577183370931357,0.02777089015621126,0.6582771694852645,0.1945550787494793,-0.38422807932881037,Information Technology Services,Technology,IBM
2009Q2,2009,Q2,2009-07-28,2009-06-30,3103000000.0,23250000000.0,4033000000.0,2.32,10581000000.0,0.4550967741935484,103655000000.0,15379000000.0,44435000000.0,36430000000.0,88182000000.0,2691000000.0,74328000000.0,138471362000.0,156165362000.0,11.597164618052938,1.2197364809223168,0.28336307944623995,1.9098771051433774,0.0656135910954007,11.597164618052938,0.20176864555562782,5.9557575053763445,11.15624895262649,9.003924962611352,0.23590074121817595,4.707915273132665,0.005286291616023824,0.22430177029569245,0.9986824046115839,0.029935844870001446,35.70690097988654,0.4550967741935484,0.3647058823529411,0.9769468177741512,0.2718774760148482,-0.3243635902711858,0.12193828862262751,0.3520697167755991,0.5009304056568664,0.7799545844813456,0.23192847235540137,-0.46831205403954745,Information Technology Services,Technology,IBM
2009Q1,2009,Q1,2009-04-28,2009-03-31,2295000000.0,21711000000.0,2687000000.0,1.7,9431000000.0,0.4343880981990696,101944000000.0,13601000000.0,43995000000.0,37425000000.0,88251000000.0,2759000000.0,71968000000.0,130249227000.0,148931227000.0,10.11753328870044,1.1755511022044087,0.30385309581731146,2.2774795970884494,0.04431049688985496,10.11753328870044,0.16873759282405706,5.9992274423103495,14.188368954248366,9.576444893757811,0.29411764705882354,4.450888002899601,0.005182372406709178,0.21296986580867927,0.9554575818303274,0.02251235972690889,35.920912024269164,0.4343880981990696,-0.483779082900384,0.8027990842734241,0.22793947980110787,-0.39273262144777243,-0.27094928880643165,-0.48159024169866727,-0.5180269058295964,0.5637747355866847,0.22306602016123953,-0.5163948296669263,Information Technology Services,Technology,IBM
2008Q4,2008,Q4,2009-02-24,2008-12-31,4427000000.0,27007000000.0,5575000000.0,3.293163728334449,12936000000.0,0.4789869293146221,109524000000.0,13465000000.0,49004000000.0,42435000000.0,96059000000.0,2701000000.0,70353000000.0,113136288000.0,134321288000.0,10.016365394629174,1.1548014610580888,0.3097585917241883,2.5195692536204977,0.08964659543811511,10.016365394629174,0.3287783141477906,4.1891468137890175,6.388992997515247,8.402249387300408,0.15111813869437543,5.209552017771196,0.005913222113138448,0.24658522333004637,0.9535053611405679,0.040420364486322635,21.59089465648855,0.4789869293146221,0.6064213308948533,1.0564950458558093,0.31155286379492797,-0.3918789356124686,0.1802919708029197,0.5676345609065155,0.49183837302649186,0.6166158308689191,0.2867245314379743,-0.5265392573600416,Information Technology Services,Technology,IBM
2008Q3,2008,Q3,2008-10-28,2008-09-30,2824000000.0,25302000000.0,3737000000.0,2.05,10960000000.0,0.43316733855031225,115910000000.0,27519000000.0,44187000000.0,44752000000.0,88391000000.0,3000000000.0,66600000000.0,157977872000.0,182635872000.0,20.373880210261348,0.9873748659277798,0.29689414200672937,1.250517824048839,0.043748707120659154,20.373880210261348,0.10262000799447654,6.243691091613311,13.985293201133144,5.7406836004215265,0.23973087818696884,4.780666666666667,0.004285410301007219,0.2182900526270382,0.7752726135144798,0.02436373048054525,60.481574272588055,0.43316733855031225,0.035353535353535276,1.0176787261880393,0.49933185219306947,0.28434626546864517,0.00027379757232819205,0.021338155515370705,0.24235372340425532,1.1946165703584166,0.38459945571511767,0.07229884500045923,Information Technology Services,Technology,IBM
2008Q2,2008,Q2,2008-07-29,2008-06-30,2765000000.0,26178000000.0,3008000000.0,1.98,10957000000.0,0.41855756742302697,120928000000.0,28264000000.0,46312000000.0,44683000000.0,92664000000.0,2915000000.0,64456000000.0,161947539000.0,186553539000.0,20.686525653224034,1.0364568180292282,0.2830775337390844,1.2111519954712708,0.03489314034504081,20.686525653224034,0.09782762524766488,6.186398464359386,14.642634629294754,5.729816692612511,0.24773960216998192,5.221612349914237,0.0042297648005629775,0.21647591955543793,0.8297339032741758,0.0228648451971421,52.529204995134606,0.41855756742302697,0.20000000000000007,1.053149514614786,0.5321796522364952,0.34661318161091836,0.15022044929666176,0.1923242777059077,0.28712023962344885,0.7746497376691539,0.3798995257612513,0.10138152681181833,Information Technology Services,Technology,IBM
2008Q1,2008,Q1,2008-04-29,2008-03-31,2319000000.0,23862000000.0,2337000000.0,1.65,9526000000.0,0.3992121364512614,121823000000.0,28728000000.0,48425000000.0,47048000000.0,93095000000.0,2976000000.0,62378000000.0,159238620000.0,183638620000.0,20.772234273318873,1.0292679816357762,0.28882887467883733,1.2247981063770537,0.026514595333633418,20.772234273318873,0.08072263993316625,6.6733140558209705,17.166733505821476,5.542976190476191,0.23889607589478223,4.817204301075269,0.003479055520576604,0.19587434228347686,0.8272615201496344,0.019035814255107822,53.2570635451505,0.3992121364512614,-0.4225835020242915,1.090292684914674,0.48357709461603354,0.45844364919859404,-0.3572633425544835,-0.4132085020242915,-0.6763157894736842,0.9479223978140927,0.22670061553390772,0.13073990511211392,Information Technology Services,Technology,IBM
2007Q4,2007,Q4,2008-02-26,2007-12-31,3952000000.0,30718000000.0,7220000000.0,2.8575560375994216,14821000000.0,0.4824858389218048,120431000000.0,28470000000.0,53177000000.0,44310000000.0,91961000000.0,2664000000.0,60640000000.0,149502300000.0,169785300000.0,20.585683297180044,1.2001128413450688,0.2928980079879765,1.2389884088514225,0.0815437748625698,20.585683297180044,0.13881278538812786,4.866928185428739,9.45738233805668,5.2512223393045305,0.14018218623481782,5.967342342342342,0.0037056286090581887,0.25506721691258893,1.0141051681336042,0.032815471099633814,46.80723231058234,0.4824858389218048,0.7009262128567986,3.842968007534658,0.6180067380304889,0.5589710908886283,0.5890425645974053,0.6738670055061414,1.9124647035094797,0.5309544468546638,0.31733279639885276,0.12710197284153496,Information Technology Services,Technology,IBM
2007Q3,2007,Q3,2007-10-30,2007-09-30,2361000000.0,23490000000.0,2479000000.0,1.68,9327000000.0,0.3970625798212005,108609000000.0,20546000000.0,46588000000.0,45011000000.0,88063000000.0,2855000000.0,57298000000.0,163237742000.0,189263742000.0,14.981770453551116,1.0350358801181934,0.32521245937261184,1.719118076511243,0.03195414676057728,14.981770453551116,0.11491287841915701,6.949244018731375,17.284809614570097,7.944988902949479,0.23252858958068615,4.96077057793345,0.0033631928086826877,0.21628041874982737,0.8581013530025994,0.021738529956080988,51.26813505025125,0.3970625798212005,0.0838709677419354,1.2165742869706588,0.46085962142272957,0.14641874668333152,-0.0009640102827763496,0.04469026548672567,0.14187010594196223,0.5968781294054738,0.2206117753934633,-0.15784917011484267,Information Technology Services,Technology,IBM
2007Q2,2007,Q2,2007-07-31,2007-06-30,2260000000.0,23170000000.0,2171000000.0,1.55,9336000000.0,0.40293482952093224,102548000000.0,16756000000.0,42293000000.0,48084000000.0,85792000000.0,2848000000.0,55503000000.0,151265300000.0,178977300000.0,11.65878096298358,0.8795649280425921,0.33859265904747043,2.072212938648842,0.030348172192930505,11.65878096298358,0.13487705896395322,6.5284980578334055,16.732887168141595,9.027530436858438,0.26194690265486725,4.857443820224719,0.003913653693213183,0.22594297304676833,0.7169952582979785,0.022038460038226,64.92072961373391,0.40293482952093224,0.28099173553719015,46.87707248220746,0.3987772264762096,-0.07089406207585876,0.1323226197695573,0.22559652928416485,0.31815421979356406,0.3285586046196466,0.16951937082726667,-0.32077389852836563,Information Technology Services,Technology,IBM
2007Q1,2007,Q1,2007-04-24,2007-03-31,1844000000.0,21408000000.0,1647000000.0,1.21,8245000000.0,0.3851363976083707,101619000000.0,27809000000.0,42446000000.0,36763000000.0,73810000000.0,2912000000.0,53878000000.0,141342870000.0,158335870000.0,18.54551517172391,1.1545847727334548,0.23564490892451215,0.861088136934086,0.022753638861835578,18.54551517172391,0.06630946815779064,6.60233884529148,19.162536605206075,5.082630443381639,0.24511930585683298,4.520260989010989,0.0031978974248930985,0.2106692646060284,0.9465767211598618,0.018146212814532714,75.14240829346093,0.3851363976083707,-0.48745903954802255,0.7728110712519386,0.3224722401762261,0.3825262796013348,-0.29541958639548793,-0.47909604519774013,-0.6335928809788655,0.2985996580632995,0.08548283435302405,0.11312570573018764,Information Technology Services,Technology,IBM
