Year,Date,FillingDate,NetIncome,Revenue,OperatingIncome,EPSDiluted,GrossProfit,GrossProfitRatio,TotalAssets,CommonStockEquity,CurrentAssets,CurrentLiability,TotalLiability,Inventory,RetainedEarnings,EnterpriseValue,bookValuePerShare,currentRatio,debtToAssets,debtToEquity,roic,shareholdersEquityPerShare,roe,priceToSalesRatio,peRatio,pbRatio,payoutRatio,inventoryTurnover,dividendYield,assetTurnover,quickRatio,returnOnAssets,priceToFreeCashFlowsRatio,grossProfitMargin,epsdilutedGrowth,fiveYNetIncomeGrowthPerShare,fiveYRevenueGrowthPerShare,fiveYShareholdersEquityGrowthPerShare,grossProfitGrowth,netIncomeGrowth,operatingIncomeGrowth,threeYNetIncomeGrowthPerShare,threeYRevenueGrowthPerShare,threeYShareholdersEquityGrowthPerShare,Industry,Sector,Price,MarketCap,AvgVolume,Symbol
2022,2022-12-31,2023-02-15,1374000000.0,5468000000.0,1883000000.0,7.44,3855000000.0,0.7050109729,14349000000.0,2519000000.0,4094000000.0,2375000000.0,14349000000.0,-3511000000.0,13618000000.0,49943218000.0,13.697661772702556,1.7237894736842105,0.03303366088229145,0.18816990869392616,0.42400457560898863,13.697661772702556,0.5454545454545454,9.370559253840527,37.291279475982535,20.340697895990473,0.3748180494905386,-0.45941327257191683,0.01005109116011802,0.3810718516969824,1.4783157894736842,0.09575580179803471,43.02117380352645,0.7050109729334308,-0.36842105263157887,0.4269382905330211,0.3515571860965524,8.987864402695937,-0.15848068107400132,-0.3794037940379404,-0.3379043600562588,-0.005382672200769472,0.16557489636599443,2.120297681796142,Financial Data & Stock Exchanges,Financial Services,338.13,62046855000,748139,MCO
2021,2021-12-31,2022-02-22,2214000000.0,6218000000.0,2844000000.0,11.78,4581000000.0,0.7367320682,14680000000.0,2916000000.0,4011000000.0,2496000000.0,11764000000.0,212000000.0,12762000000.0,71553112000.0,15.643776824034335,1.6069711538461537,0.04529972752043597,0.22805212620027435,0.5519253921762413,15.643776824034335,0.7592592592592593,11.70860598263107,32.88351942186088,24.96711659807956,0.2091237579042457,7.721698113207547,0.006359530901221624,0.42356948228882835,1.451121794871795,0.1508174386920981,39.016137191854234,0.7367320681891283,0.25452609158679435,7.585256560921347,0.7835185964491116,3.460861872646054,0.17582135523613962,0.2452193475815523,0.19095477386934673,0.7377550003801573,0.4386439595996364,5.517389953218044,Financial Data & Stock Exchanges,Financial Services,338.13,62046855000,748139,MCO
2020,2020-12-31,2021-02-22,1778000000.0,5371000000.0,2388000000.0,9.39,3896000000.0,0.7253770248,12409000000.0,1763000000.0,4509000000.0,2222000000.0,10646000000.0,216000000.0,11011000000.0,52373024000.0,9.397654584221748,2.0292529252925293,0.04956080264324281,0.3488372093023256,0.6566946322512472,9.397654584221748,1.00850822461713,10.13759523366226,30.623748031496064,30.884301758366423,0.23622047244094488,6.828703703703703,0.007713636887228685,0.4328310097509872,1.856885688568857,0.14328310097509872,26.651504650024474,0.725377024762614,0.2654986522911052,1.014735099600267,0.6441026831894275,4.328266694341189,0.13190005810575248,0.25035161744022505,0.19519519519519518,0.8100855904367825,0.3013974986038861,6.48029231322788,Financial Data & Stock Exchanges,Financial Services,338.13,62046855000,748139,MCO
2019,2019-12-31,2020-02-24,1422000000.0,4829000000.0,1998000000.0,7.42,3442000000.0,0.7127769725,10265000000.0,831000000.0,3679000000.0,1912000000.0,9434000000.0,150000000.0,9656000000.0,43683713000.0,4.38985736925515,1.924163179916318,0.0645884072089625,0.7978339350180506,0.762778781110743,4.38985736925515,1.711191335740072,9.306629322841168,31.604580168776373,54.08148375451264,0.26582278481012656,9.246666666666666,0.008410894351089823,0.4704335119337555,1.7515690376569037,0.13852898197759375,27.98363200498132,0.7127769724580658,0.10089020771513349,0.6008438941657208,0.6120052601544282,5.925148816304899,0.0765669961216064,0.08582773365913256,0.06947864254362487,4.429633953654816,0.36389024684560495,1.6905514408616058,Financial Data & Stock Exchanges,Financial Services,338.13,62046855000,748139,MCO
2018,2018-12-31,2019-02-25,1309600000.0,4442700000.0,1868200000.0,6.74,3197200000.0,0.7196524636,9526200000.0,459900000.0,3386900000.0,2098500000.0,8869700000.0,0.0,8594400000.0,30822664000.0,2.400313152400835,1.6139623540624255,0.595830446557914,12.341813437703848,0.24040590148399082,2.400313152400835,2.847575559904327,6.039494901748936,20.4884422724496,58.34238747553815,0.2574832009773977,0.0,0.012567241450250718,0.4663664420230522,1.47943769359066,0.1374734941529676,19.575154300722257,0.7196524635919599,0.30873786407766984,0.8640336001432445,0.7114579891173614,0.5626964558953805,0.07241807265286955,0.308814711173296,0.0326681775468465,0.4529885489064009,0.33155191302011183,1.8500932067175349,Financial Data & Stock Exchanges,Financial Services,338.13,62046855000,748139,MCO
2017,2017-12-31,2018-02-27,1000600000.0,4204100000.0,1809100000.0,5.15,2981300000.0,0.7091410766,8594200000.0,-327700000.0,2580600000.0,2063300000.0,8709100000.0,0.0,7465400000.0,32677271000.000004,-1.7148090005232863,1.2507148742306016,0.6446789695375951,-16.907232224595667,0.19572523616506726,-1.7148090005232863,-3.053402502288679,6.709705049832308,28.19135618628823,-86.07955752212389,0.2902258644813112,0.0,0.010294852881979188,0.48917874845826254,1.1295012843503125,0.11642735798561821,42.941499467194404,0.7091410765681121,2.786764705882353,0.6937328509999319,0.7984409048499336,-1.9936276451630257,0.1566185599006828,2.7531882970742685,1.8324722091748864,0.1158345716856894,0.39018376978368563,-0.9239097785423666,Financial Data & Stock Exchanges,Financial Services,338.13,62046855000,748139,MCO
2016,2016-12-31,2017-02-24,266600000.0,3604200000.0,638700000.0,1.36,2577600000.0,0.7151656401,5327300000.0,-1225000000.0,3253100000.0,2428200000.0,6354600000.0,0.0,6688900000.0,19477329000.0,-6.357031655422937,1.3397166625483898,0.6312766316895989,-2.7453061224489796,0.14765538087047486,-6.357031655422937,-0.21763265306122448,5.040183397147772,68.13889347336834,-14.829248163265305,1.0693923480870218,0.0,0.01569430164734018,0.6765528504120286,1.2817313236141998,0.050044112402154936,16.352353047078946,0.7151656400865657,-0.7062634989200863,-0.45207294095893175,0.8558529392952834,-7.512403926758643,0.027669244876804083,-0.7167746733241263,-0.56651282747387,-0.6226980886896264,0.38051753598437155,-5.138672834420749,Financial Data & Stock Exchanges,Financial Services,338.13,62046855000,748139,MCO
2015,2015-12-31,2016-02-25,941300000.0,3484500000.0,1473400000.0,4.63,2508200000.0,0.7198163295,5123400000.0,-565000000.0,3243100000.0,1218500000.0,5456400000.0,0.0,6709000000.0,21721634000.0,-2.8235882058970514,2.661551087402544,0.6638169965257447,-6.0194690265486726,0.3576036634563442,-2.8235882058970514,-1.6660176991150442,5.76209900990099,21.330111547859346,-35.53634336283186,0.2890683097843408,0.0,0.013552123679041484,0.6801147675371824,2.4901107919573247,0.18372565093492602,18.859697538981777,0.7198163294590328,0.004338394793926155,1.1769885045661492,1.0138983165897368,-1.143227481866302,0.04334442595673877,-0.04794174168099525,0.023834340907511638,0.5216895899876148,0.42356467080161725,-2.6360978389310015,Financial Data & Stock Exchanges,Financial Services,338.13,62046855000,748139,MCO
2014,2014-12-31,2015-02-26,988700000.0,3334300000.0,1439100000.0,4.61,2404000000.0,0.7209909126,4669000000.0,-187800000.0,2686400000.0,1199700000.0,4626100000.0,0.0,6044300000.0,21514967000.0,-0.8913146654010441,2.239226473284988,0.5455772113943028,-13.563897763578275,0.4199704719398578,-0.8913146654010441,-5.264643237486688,6.054394325645562,20.41788914736523,-107.49290202342918,0.23869727925558815,0.0,0.01169059531731223,0.7141357892482331,2.0588480453446696,0.2117584065110302,21.384710805084747,0.7209909126353358,0.2805555555555556,1.7559411060501948,1.0789292704540345,0.6528548457585178,0.11808753081252035,0.22896208825357364,0.16564069334197312,0.8584219078063535,0.5702056228042962,-0.19351780343346914,Financial Data & Stock Exchanges,Financial Services,338.13,62046855000,748139,MCO
2013,2013-12-31,2014-02-27,804500000.0,2972500000.0,1234600000.0,3.6,2150100000.0,0.7233305299,4395100000.0,337000000.0,2968800000.0,1141300000.0,3967200000.0,0.0,5302100000.0,17398618000.0,1.536007292616226,2.601244195215982,0.4782143750995427,6.2367952522255194,0.35323283728248556,1.536007292616226,2.387240356083086,5.791864760302776,21.400022374145433,51.08699703264095,0.2452454940957116,0.0,0.011460057835827615,0.6763213578758163,2.453780776307719,0.18304475438556575,19.46446353872244,0.7233305298570227,0.1803278688524591,0.9423881724474249,0.8708620328115801,1.3744249474358137,0.11099054410168967,0.16594202898550725,0.14590681269723407,0.6969325917689512,0.5668571318341361,2.16589700828428,Financial Data & Stock Exchanges,Financial Services,338.13,62046855000,748139,MCO
2012,2012-12-31,2013-02-26,690000000.0,2730300000.0,1077400000.0,3.05,1935300000.0,0.7088232062,3960900000.0,385200000.0,2525700000.0,1164900000.0,3492000000.0,0.0,4713300000.0,11147224000.0,1.7258064516129032,2.1681689415400465,0.42192431013153575,4.33852544132918,0.3579985711528642,1.7258064516129032,1.7912772585669783,4.113622678826503,16.277426086956524,29.157383177570093,0.2072463768115942,0.0,0.0127321344114513,0.6893130349163069,2.0560563138466823,0.17420283268954026,14.434422310756972,0.7088232062410724,0.22489959839357412,0.17398202009518762,0.44256093903954075,1.5867213357703898,0.21168294515401953,0.20756037801890095,0.21274200810445745,0.8156194832290161,0.6069995530682136,1.672159193708028,Financial Data & Stock Exchanges,Financial Services,338.13,62046855000,748139,MCO
2011,2011-12-31,2012-02-27,571400000.0,2280700000.0,888400000.0,2.49,1597200000.0,0.7003113079,2876100000.0,-169000000.0,1424400000.0,1134000000.0,2974000000.0,0.0,4176100000.0,8105584000.0,-0.7467962881131242,1.2560846560846561,0.4324606237613435,-7.359763313609467,0.5688959738672782,-0.7467962881131242,-3.3810650887573965,3.341861709124392,13.338788939446971,-45.09931360946746,0.22068603430171507,0.0,0.016544682977108774,0.7929835541184242,1.1151675485008818,0.1986718125239039,10.36131593257205,0.7003113079317753,0.15813953488372107,-0.04815548337040377,0.4060324159618571,-2.2678584532959967,0.11911434977578475,0.1252461599054746,0.14958592132505175,0.3375261503851872,0.3916823844266975,0.8179571397439448,Financial Data & Stock Exchanges,Financial Services,338.13,62046855000,748139,MCO
2010,2010-12-31,2011-02-28,507800000.0,2032000000.0,772800000.0,2.15,1427200000.0,0.7023622047,2540300000.0,-309600000.0,1343000000.0,933800000.0,2838700000.0,0.0,3736200000.0,6816900000.0,-1.3174468085106383,1.4382094666952239,0.48797386135495807,-4.003875968992248,0.5971708268612506,-1.3174468085106383,-1.6401808785529717,3.0693405511811025,12.282197715636077,-20.14502583979328,0.20362347380858606,0.0,0.016578749058025623,0.799905522969728,1.2527307774684087,0.199897649883872,10.860003482500435,0.7023622047244095,0.27218934911242604,0.1470851670865329,0.4865759376397675,-2.267627391382085,0.1283997469955724,0.26318407960199003,0.12407272727272728,-0.179400251740192,0.019703314401966595,0.5521084356977616,Financial Data & Stock Exchanges,Financial Services,338.13,62046855000,748139,MCO
2009,2009-12-31,2010-03-01,402000000.0,1797200000.0,687500000.0,1.69,1264800000.0,0.7037614066,2003300000.0,-606200000.0,1012900000.0,1236000000.0,2599400000.0,0.0,3329000000.0,7047280000.0,-2.5675561202880135,0.8194983818770226,0.5958668197474167,-1.9691520950181458,0.7372231770678994,-2.5675561202880135,-0.6631474760805015,3.520743378588916,15.74,-10.437941273507095,0.24427860696517412,0.0,0.015519606541624785,0.8971197524085259,0.7514563106796116,0.20066889632107024,11.440028927861146,0.7037614066325395,-0.09625668449197869,0.1895848110482712,0.5718365806872985,-3.401776906222173,0.0021392916567625386,-0.1215034965034965,-0.08112804063084737,-0.35813987510603484,0.0619697537407062,-5.359017021420868,Financial Data & Stock Exchanges,Financial Services,338.13,62046855000,748139,MCO
2008,2008-12-31,2009-03-02,457600000.0,1755400000.0,748200000.0,1.87,1262100000.0,0.7189814287,1773400000.0,-994400000.0,809100000.0,1393100000.0,2767800000.0,0.0,3023200000.0,6091616000.0,-4.102310231023102,0.580791041561984,0.8276192624337431,-1.4759654062751408,0.9966673957823964,-4.102310231023102,-0.46017699115044247,2.774191637233679,10.64208041958042,-4.897240547063556,0.21153846153846154,0.0,0.019877547734863082,0.9898500056388858,0.4843873375924198,0.2580354122025488,10.814603597601598,0.7189814287341917,-0.2751937984496124,0.5448845791421681,0.7299798686751395,-37.05819273516136,-0.24650746268656717,-0.34768353528153956,-0.3384615384615385,0.002130384222445018,0.24501543622830754,-4.947180852539035,Financial Data & Stock Exchanges,Financial Services,338.13,62046855000,748139,MCO
TTM,,,,,,,,,,,,,,,,67835680000.0,15.771958537915985,1.4812583668005355,0.5378762144167403,2.738498789346247,0.13915507064297084,15.771958537915985,0.5530675770659704,11.454519940915805,45.00367755991285,21.435511587685923,0.38198983297022515,0.0,0.008696166587789872,0.3679597798763503,1.3082329317269077,0.09355255112439703,47.183920152091254,0.7001477104874446,,,,,,,,,,,Financial Data & Stock Exchanges,Financial Services,338.13,62046855000,748139,MCO
