Quarters,Year,Quarter,FillingDate,Date,NetIncome,Revenue,OperatingIncome,EPSDiluted,GrossProfit,GrossProfitRatio,TotalAssets,CommonStockEquity,CurrentAssets,CurrentLiability,TotalLiability,Inventory,RetainedEarnings,MarketCap,EnterpriseValue,bookValuePerShare,currentRatio,debtToAssets,debtToEquity,roic,shareholdersEquityPerShare,roe,priceToSalesRatio,peRatio,pbRatio,payoutRatio,inventoryTurnover,dividendYield,assetTurnover,quickRatio,returnOnAssets,priceToFreeCashFlowsRatio,grossProfitMargin,epsdilutedGrowth,fiveYNetIncomeGrowthPerShare,fiveYRevenueGrowthPerShare,fiveYShareholdersEquityGrowthPerShare,grossProfitGrowth,netIncomeGrowth,operatingIncomeGrowth,threeYNetIncomeGrowthPerShare,threeYRevenueGrowthPerShare,threeYShareholdersEquityGrowthPerShare,Industry,Sector,Symbol
2023Q1,2023,Q1,2023-04-27,2023-03-31,1218548000.0,1836219000.0,1610880000.0,3.1,885610000.0,0.4823008584,22690454000.0,12112134000.0,3949554000.0,2664422000.0,10536866000.0,978351000.0,2338572000.0,11534252420.0,14878797420.0,33.50873397480233,1.4823305016998058,0.24115017707446487,0.4517624227076748,0.07087789521790194,33.50873397480233,0.10060555802965852,6.281523293245522,2.366392710832893,0.9522890367626381,0.04437248265969006,0.9716441236325204,0.004687776721987154,0.08092473601453722,1.034143240072331,0.05370311233085068,9.661286445764715,0.4823008584488016,-0.2757009345794393,1.5630185486365884,-0.018542552822133546,-0.24245058056242247,-0.44336196525702737,-0.2882238247832045,0.40073476663550794,6.152080012597768,0.808202623519267,-0.1115412232899738,Oil & Gas E&P,Energy,EQT
2022Q4,2022,Q4,2023-02-16,2022-12-31,1711982000.0,2572732000.0,1150025000.0,4.28,1590998000.0,0.6184079803,22669926000.0,11172474000.0,4014441000.0,3732220000.0,11456598000.0,812371000.0,1283578000.0,12390677290.0,16646447290.0,30.50396572954407,1.075617460921382,0.2520702537802726,0.5114725708916396,0.05124514014983752,30.50396572954407,0.15323213103919509,4.816155468194899,1.809405310628266,1.1090361266448236,0.03204706591541266,1.2084798694192678,0.004427845122258042,0.11348656365265594,0.8216913793934977,0.07551775863758885,18.563173949455194,0.6184079803104249,1.5325443786982251,-0.20055010483225114,0.5986910812706198,-0.4986007297709896,-0.4007962527686374,1.5041057820293415,-0.45778806857936016,2.0142649354651176,1.1084688695314489,-0.20537003555495362,Oil & Gas E&P,Energy,EQT
2022Q3,2022,Q3,2022-10-27,2022-09-30,683670000.0,3696759000.0,2120988000.0,1.69,2655187000.0,0.7182472539,22541137000.0,9618962000.0,3902467000.0,6637902000.0,12882536000.0,0.0,-299577000.0,15076970250.0,19758748250.0,25.998108041633895,0.5879066909996562,0.2115828939773535,0.4958247054100016,0.12068975211198026,25.998108041633895,0.0710752366003733,4.078429307942444,5.513248442230902,1.5674217498728034,0.08116927757543844,0.0,0.0036806466471604265,0.16400055596130755,0.3052557871447936,0.030329880875130655,19.142563625629272,0.7182472538783297,-0.22831050228310504,12.734049434363854,1.7746672639585754,-0.2591504154084434,0.14388549026365674,-0.2330043607472169,0.5573731130236339,2.3063495533622245,2.306529525107324,-0.3910941965789401,Oil & Gas E&P,Energy,EQT
2022Q2,2022,Q2,2022-07-28,2022-06-30,891361000.0,3372603000.0,1361901000.0,2.19,2321200000.0,0.6882517747,22621664000.0,9061187000.0,4085629000.0,7189747000.0,13531574000.0,0.0,-880127000.0,12723390400.0,17721714400.0,24.49856704860679,0.5682576869533796,0.22288674254908922,0.5564468540379974,0.07181291489506526,24.49856704860679,0.09837132817146363,3.772572816901367,3.568529024716136,1.4041637591189764,0.051840948841154144,0.0,0.003631814991702212,0.149087308519833,0.2924578570010878,0.039402981142324454,-78.40876563751772,0.688251774667816,1.540740740740741,9.164759229776601,1.4539013175222772,-0.299002464233069,0.5585709652705644,1.5885190841307475,0.4071827331707,3.8960507885329596,1.5770690712834576,-0.4444082459593373,Oil & Gas E&P,Energy,EQT
2022Q1,2022,Q1,2022-04-28,2022-03-31,-1514583000.0,2498527000.0,967821000.0,-4.05,1489313000.0,0.5960764082,21814611000.0,8188673000.0,3025930000.0,7605287000.0,13608578000.0,0.0,-1725279000.0,12874226219.999998,17907591220.0,21.886537731663378,0.39787190148116697,0.23150896433587562,0.6167394888036194,0.055912375371139654,21.886537731663378,-0.1849607378387194,5.152726474438738,-2.125044685566918,1.572199331930827,-0.031073239300850465,0.0,0.003655598340107465,0.11453456584671622,0.16166503644109684,-0.06942975054654882,17.6616203572869,0.5960764082197231,-1.8617021276595744,-5.275770982594449,0.5284732663042387,-0.37019158733526086,-0.1423893114297955,-1.8402427888429418,-0.6079922005182913,-6.414332651470096,0.3356674853546165,-0.49889763406781135,Oil & Gas E&P,Energy,EQT
2021Q4,2021,Q4,2022-02-10,2021-12-31,1802554000.0,2823154000.0,2468882000.0,4.7,1736584000.0,0.6151219523,21607388000.0,10029527000.0,2286766000.0,5080171000.0,11561625000.0,0.0,-115779000.0,8243918279.999999,13642929280.0,26.53398256029292,0.4501356351981065,0.25514300941881546,0.5496743764686012,0.11940680183555662,26.53398256029292,0.17972472679918006,2.920109310367057,1.1433663402039551,0.8219648124981367,0.0,0.0,0.0,0.1306568845804037,0.3055003463466092,0.08342304030454768,10.019882298032465,0.6151219522562354,1.8468468468468469,5.295503913417823,1.1680044205553934,-0.21712204780453231,1.179439585443328,1.9103270160298609,1.946103621883821,2.907279433219157,0.7369620191223143,-0.38341620830171463,Oil & Gas E&P,Energy,EQT
2021Q3,2021,Q3,2021-10-28,2021-09-30,-1980117000.0,1792399000.0,-2609526000.0,-5.55,796803000.0,0.44454555040479266,23011720000.0,8248460000.0,3340899000.0,7228353000.0,14751995000.0,0.0,-1908833000.0,7299964320.0,13466780320.0,23.118399515684207,0.46219366984429233,0.2689763303221141,0.7503955889947942,-0.13539664594614495,23.118399515684207,-0.2400589928301768,4.0727339838953265,-0.9216582050454594,0.8850093617475263,0.0,0.0,0.0,0.07789070091240463,0.15980901873497325,-0.08604819631040184,-38.7120199818636,0.44454555040479266,-0.6567164179104477,-118.68235628978317,0.8741474969905444,-0.339024096844943,3.116440903877747,-1.114477226396941,-1.1430996492398007,-35.29105433858444,0.12220391354835622,-0.45449851676987024,Oil & Gas E&P,Energy,EQT
2021Q2,2021,Q2,2021-07-29,2021-06-30,-936457000.0,1085416000.0,-1217641000.0,-3.35,193566000.0,0.1783334684581764,18985257000.0,8291758000.0,2168655000.0,3679201000.0,10682835000.0,0.0,71284000.0,6214012560.0,11379560560.0,29.702954620355644,0.5894364020883882,0.289504535018936,0.6628652211026902,-0.06439375116996912,29.702954620355644,-0.11293829366462456,5.72500549098226,-1.6589156149187845,0.7494203955301156,0.0,0.0,0.0,0.057171519985218,0.2669976443254935,-0.04932548450621448,-35.40687372865421,0.1783334684581764,-21.333333333333336,-1.1633930806292463,0.7904849723074483,-0.18211955778174563,-0.27936829408129377,-22.112123007058592,-138.66433013001696,-50.93091688811891,-0.07043031751650061,-0.3259711180016054,Oil & Gas E&P,Energy,EQT
2021Q1,2021,Q1,2021-05-06,2021-03-31,-40518000.0,1138736000.0,8845000.0,-0.15,268606000.0,0.23588083629568224,18039404000.0,9219640000.0,1313705000.0,1750027000.0,8809038000.0,0.0,1007741000.0,5181070160.0,9946448160.0,33.062843372111374,0.7506769895550183,0.2664194448996208,0.5212836943741838,0.0004660150695500574,33.062843372111374,-0.004394748601897688,4.549843124306248,-31.96770669825756,0.5619601372721711,0.0,0.0,0.0,0.0631249236393841,0.41323133871648837,-0.0022460830745849474,34.85696901196195,0.23588083629568224,-1.6521739130434783,-5.040430817553429,0.46761964485404817,-0.05637178093182687,31.06222719641858,-1.6361952016078383,-0.9394522292121602,0.9757329522138569,-0.21103282989887626,-0.2525310618917145,Oil & Gas E&P,Energy,EQT
2020Q4,2020,Q4,2021-02-17,2020-12-31,63688000.0,841051000.0,146083000.0,0.23,-8935000.0,-0.010623612598998158,18113469000.0,9255240000.0,1215450000.0,1762410000.0,8850739000.0,0.0,1048259000.0,3458441840.0,8390701840.0,34.01361244230147,0.689652237561067,0.2733032529550248,0.5348829419874579,0.010758678594763642,34.01361244230147,0.006881291030810655,4.112047711732107,13.57572007285517,0.3736739230965378,0.0,0.0,0.0,0.04643235373632737,0.33179680097139713,0.003516057581239684,22.711518088746168,-0.010623612598998158,1.097872340425532,1.2654567837892348,0.062194929051006945,0.02241303509849088,0.9587406548853189,1.1060335641981887,1.1921651681476464,-0.9599679538271452,-0.29652210149461017,-0.44091202410758645,Oil & Gas E&P,Energy,EQT
2020Q3,2020,Q3,2020-10-22,2020-09-30,-600640000.0,599309000.0,-760195000.0,-2.35,-216557000.0,-0.36134448172812356,17574735000.0,8845809000.0,1342154000.0,1839517000.0,8728926000.0,0.0,984571000.0,3304765770.0,8022047770.0,34.60950588640356,0.7296230477891751,0.26919040315543874,0.5348238923087758,-0.040696252468437395,34.60950588640356,-0.06790108174390833,5.514293578104117,-1.3755185177477358,0.3735967812553945,0.0,0.0,0.0,0.03410059952539825,0.26792902702176713,-0.034176333242009055,-35.98669073208977,-0.36134448172812356,-1.2815533980582525,-9.789524643499664,-0.13962188950120236,0.02092185571018122,0.20932856256161234,-1.2831511926256771,-0.9647749359027376,-18.466691112780033,-0.348844254194192,-0.013757538902446452,Oil & Gas E&P,Energy,EQT
2020Q2,2020,Q2,2020-07-27,2020-06-30,-263075000.0,500648000.0,-386912000.0,-1.03,-273890000.0,-0.547070995989198,18008868000.0,9438827000.0,1541795000.0,1560586000.0,8570041000.0,0.0,1585211000.0,3040735600.0,7658107600.0,36.9391016108076,0.9879590102692194,0.25655915741067126,0.48950362158348704,-0.01977691553834624,36.9391016108076,-0.02787157768650702,6.073599814640226,-2.889609046849758,0.3221518521316261,0.0,0.0,0.0,0.027800081604240755,0.350101179941381,-0.014608080863272472,15.926752566520008,-0.547070995989198,-0.5846153846153846,-29.352452002348024,-0.3035845823456891,0.09578450350159079,-1.1465238210929725,-0.5739893142833211,-4.136497024919341,-5.342459333216063,-0.47272513327009164,0.05696872601750709,Oil & Gas E&P,Energy,EQT
2020Q1,2020,Q1,2020-05-07,2020-03-31,-167139000.0,717621000.0,123358000.0,-0.65,-127597000.0,-0.1778055547426845,18634517000.0,9633878000.0,1948043000.0,1473232000.0,9000639000.0,0.0,1848286000.0,1805925450.0,6824138450.0,37.71557539099967,1.322292076197096,0.27029753440886073,0.5228282940680793,0.01046314047754383,37.71557539099967,-0.0173490882903022,2.5165448753589987,-2.701232881015203,0.18745571098160055,-0.04585404962336738,0.0,0.004243807517082169,0.03851030858486968,0.57794766879894,-0.008969322896858556,7.398119874153032,-0.1778055547426845,0.859002169197397,-1.5736237420468668,-0.35787240490131295,0.18872547740175769,-7.11582495865666,0.8579865819713083,1.084372330406199,-1.6911227929831083,-0.3569792343253839,0.08530581497037565,Oil & Gas E&P,Energy,EQT
2019Q4,2019,Q4,2020-02-27,2019-12-31,-1176924000.0,850801000.0,-1462067000.0,-4.61,-15722000.0,-0.018479056794714628,18809227000.0,9803588000.0,1754855000.0,1345902000.0,9005639000.0,0.0,2023089000.0,2783685600.0,8101104600.0,38.38763587382138,1.3038505032312901,0.28294703445282465,0.5428640004047498,-0.07356578018859553,38.38763587382138,-0.12005033259251613,3.27184100629877,-0.5913053009370189,0.28394559216482784,-0.006516988352688873,0.0,0.0027553398990173314,0.04523317199585076,0.6787552139754603,-0.06257163040246151,-21.872112264380732,-0.018479056794714628,-2.269503546099291,-46.5152222444721,-0.2817548946499791,0.26990889587528416,0.8477258639392531,-2.259924437993729,-8.051421107045794,-3.1510558997454936,-0.03297452848697079,0.13261677527049634,Oil & Gas E&P,Energy,EQT
2019Q3,2019,Q3,2019-10-31,2019-09-30,-361028000.0,771263000.0,-161529000.0,-1.41,-103248000.0,-0.1338687321964103,20160449000.0,10897625000.0,1495220000.0,1449710000.0,9262824000.0,0.0,3117015000.0,2715700400.0,7867553400.0,42.69643661723509,1.0313924853936305,0.2559166713003267,0.4734421490921187,-0.008118178818864981,42.69643661723509,-0.03312905334878012,3.5211081044987247,-1.8805330888462946,0.24920112409814069,-0.021239349856520824,0.0,0.0028235809811715607,0.03825624121764352,0.4742955487649254,-0.017907736082663637,-15.740362021897514,-0.1338687321964103,-3.877551020408163,-3.175193991558334,-0.20865196855902388,0.4679703255533859,-3.2174305227438684,-3.8752050714365356,-1.5456507786373004,-29.503877192819875,0.12731802572465642,0.22072965022658414,Oil & Gas E&P,Energy,EQT
2019Q2,2019,Q2,2019-07-25,2019-06-30,125566000.0,902617000.0,296030000.0,0.49,46562000.0,0.051585556221520314,20479347000.0,11248475000.0,1598091000.0,1533288000.0,9230872000.0,0.0,3485711000.0,4099440930.0,9067066930.0,44.09454760700748,1.0422640756335404,0.24404078899586007,0.4443087618543847,0.013914589339222301,44.09454760700748,0.01116293542013473,4.5417280308259205,8.161924665116354,0.3644441517627945,0.06104359460363474,0.0,0.0018697671538348034,0.04407450100825969,0.5195220989142287,0.006131347840338855,84.01698870739655,0.051585556221520314,-0.3466666666666667,-0.32661869458584836,0.020426782141665285,0.5645829744987931,-0.8809338720400961,-0.3415210995799487,0.6872036293999635,1.3174372340044322,0.6293567364411107,0.2141576000495986,Oil & Gas E&P,Energy,EQT
2019Q1,2019,Q1,2019-04-25,2019-03-31,190691000.0,1275169000.0,175456000.0,0.75,391060000.0,0.3066730762745958,20339685000.0,11139588000.0,1380041000.0,2185490000.0,9200097000.0,0.0,3367810000.0,5241195300.0,10248452300.0,43.67677987500294,0.6314561036655395,0.24818983184842833,0.45316783708697306,0.009028597489207282,43.67677987500294,0.01711831712267994,4.110196609233756,6.87131970045781,0.4705017187350196,0.04012774593452234,0.0,0.0014599723082251866,0.062693645452228,0.4525063029343534,0.009375317267696132,10.476963532889963,0.3066730762745958,1.3,-0.4111335742722701,0.1438787775752613,0.5823290133139004,2.188281874341,1.299505094339919,1.1424848607399214,19.790508812985973,0.7968567648594232,0.2465546760217952,Oil & Gas E&P,Energy,EQT
2018Q4,2018,Q4,2019-02-14,2018-12-31,-636687000.0,1094955000.0,-1231401000.0,-2.5,-329097000.0,-0.3005575571598833,20721344000.0,10958229000.0,1969664000.0,2355001000.0,9763115000.0,0.0,3184275000.0,4810187380.0,10304081380.0,43.0338632275901,0.8363750164012669,0.26530040715505715,0.5016669208135731,-0.06396202277708282,43.0338632275901,-0.05810126800598892,4.3930457233402285,-1.8887567124819575,0.43895663980009914,-0.01199804613569933,0.0,0.0015880878220590235,0.05284189095070281,0.584671938568179,-0.03072614401845749,-13.89312066037409,-0.3005575571598833,-15.666666666666668,-4.272241236993949,1.3433598673958658,0.608089849218897,-1.6902955020262278,-15.040284181089865,-18.144700935620406,-1.8357444399828096,0.4776890419206272,0.2935521855895134,Oil & Gas E&P,Energy,EQT
2018Q3,2018,Q3,2018-10-25,2018-09-30,-39693000.0,1161945000.0,71824000.0,-0.15,476748000.0,0.4103016924208977,28661329000.0,11000175000.0,1234658000.0,2646076000.0,12443937000.0,0.0,2369271000.0,11433618000.0,19936860000.0,42.38008552935737,0.4665995988021508,0.2968493540547265,0.7734510587331566,0.43500518847466585,42.38008552935737,-0.003608397139136423,9.840068161573912,-72.01281082306704,1.0394032822205101,-0.19746554808152572,0.0,0.0006855222904945749,0.040540513665643346,0.33530442814189765,-0.0013848973995588272,-45.13614723228878,0.4103016924208977,-3.142857142857143,-1.2610866391505717,0.331487410234408,0.6327322520734645,0.12910315558123892,-3.229192407053802,-0.2815372765557323,-1.5719650008255852,0.642587515881854,0.25014080541338185,Oil & Gas E&P,Energy,EQT
2018Q2,2018,Q2,2018-07-26,2018-06-30,17806000.0,1108568000.0,99969000.0,0.07,422236000.0,0.3808841676829928,28963228000.0,11679283000.0,1780812000.0,2356243000.0,12260609000.0,0.0,2416802000.0,14624355400.0,22459234400.0,44.067777232766105,0.7557845264686197,0.2946118782063933,0.7306022981034024,0.0194246007833999,44.067777232766105,0.0015245798907347308,13.192113970455578,205.329037964731,1.2521620890597478,0.4468156801078288,0.0,0.0005440239779730737,0.038275015478247104,0.6250348542149515,0.0006147795404572999,-44.59175145825266,0.3808841676829928,1.011686143572621,-0.8835659126088912,0.2105863252358404,0.7405326390662684,-0.3622843437692095,1.0112270286016214,1.0580029428215345,0.8501803945632503,0.4867395358526145,0.3072539745064357,Oil & Gas E&P,Energy,EQT
2018Q1,2018,Q1,2018-04-26,2018-03-31,-1585994000.0,1370991000.0,-1723516000.0,-5.99,662107000.0,0.4829404423515545,27632346000.0,11716322000.0,1191581000.0,1108676000.0,10768584000.0,0.0,2406952000.0,12584306270.0,19830750270.0,44.23306666868018,1.0747783843070473,0.26985859253499506,0.6364476838379826,-0.07281187469985605,44.23306666868018,-0.13536620109962835,9.17898532521366,-1.9836623388865278,1.0740833403178915,-0.005007585148493626,0.0,0.000631103521290888,0.049615439818247786,0.7977858274193723,-0.05739628477437276,73.16669827611268,0.4829404423515545,-2.0274442538593482,-9.978178596853985,0.3927711699534544,0.8278108634976239,0.7209519328989195,-2.2389890873240623,-9.021987535431862,-6.24912620251663,0.18303325878288593,0.39414479953071035,Oil & Gas E&P,Energy,EQT
2017Q4,2017,Q4,2018-02-15,2017-12-31,1280071000.0,961958000.0,214849000.0,5.83,384733000.0,0.3999478147694598,29522604000.0,13319618000.0,1163055000.0,1232237000.0,11107991000.0,0.0,3996775000.0,12461894040.0,19646133040.0,60.8376747648867,0.9438565795378648,0.24833696919147105,0.5504327526510144,0.09922498067949725,60.8376747648867,0.09610418256739796,12.954717399304336,2.433828678253003,0.935604462530382,0.004067743117373958,0.0,0.0004178337565129867,0.03258377885636375,0.7081032301416043,0.04335901399483596,-34.61531464316368,0.3999478147694598,42.38152676186295,17.22861966927265,0.34363287336907483,1.5284853540437546,0.9019918034002541,53.84451585261354,0.560336688599358,61.28273205700759,-0.0527266567846048,1.012583026530778,Oil & Gas E&P,Energy,EQT
2017Q3,2017,Q3,2017-10-26,2017-09-30,23340000.0,624688000.0,137694000.0,0.134389,202279000.0,0.32380804497605203,15984648000.0,6087670000.0,858458000.0,1435259000.0,6559971000.0,0.0,2721911000.0,11317574240.0,14232527240.0,35.09228942332081,0.5981206179511851,0.2126109376947181,0.5582613709350212,0.016253944838694682,35.09228942332081,0.0038339791742982125,18.117162871705556,121.22508826049699,1.8590978551728328,0.22309340188517565,0.0,0.0004600809227826192,0.039080497737579205,0.5314434537599138,0.0014601510148987953,-145.50564070917062,0.32380804497605203,-0.4327783053708979,-0.36848784382345756,0.47978146512368225,0.4722237272389064,-0.09913645291018487,-0.43247580605942715,-0.27450815094260095,-0.7931008102942625,-0.05696237362095043,0.20652784191295406,Oil & Gas E&P,Energy,EQT
2017Q2,2017,Q2,2017-07-27,2017-06-30,41126000.0,644567000.0,189794000.0,0.236925,224539000.0,0.34835633844115504,15724011000.0,6062176000.0,996853000.0,1355726000.0,6346441000.0,0.0,2703778000.0,10163138580.0,12882956580.0,34.948150027095274,0.7352909068646615,0.20937164187941615,0.543066054169328,0.016332979134632934,34.948150027095274,0.006784032664178671,15.767388929312236,61.78049518552741,1.6764835893910042,0.1266109030783446,0.0,0.0005123417297730088,0.04099253046821196,0.6515468464866795,0.002615490411447817,-46.9194978024819,0.34835633844115504,-0.7493225864132154,0.12778430753946532,0.645425659175043,0.4337911977573734,-0.3498558059808668,-0.7492194741206888,-0.514150991695764,-0.6756530089076425,0.0716446830966403,0.24004629801289096,Oil & Gas E&P,Energy,EQT
2017Q1,2017,Q1,2017-04-27,2017-03-31,163992000.0,756781000.0,390644000.0,0.945139,345368000.0,0.4563645228936773,15646614000.0,6019343000.0,1251953000.0,894743000.0,6336038000.0,0.0,2667859000.0,10583314300.0,12974750300.0,34.751104131906956,1.399231958227111,0.21032096784646187,0.5467060109384031,0.029937988028302585,34.751104131906956,0.02724416933874677,13.984645888308506,16.133888086004195,1.7582175164299494,0.03174545099760964,0.0,0.0004919063964678815,0.04836707801445092,1.3169770537461596,0.010480989688887322,-22.70800238595377,0.4563645228936773,1.8514765765765764,0.9648182380659576,0.4515753703755254,0.40175221972419195,1.3440683602896761,1.8543118807239083,3.0618158403090794,-0.25432893175267024,-0.00041320703717893454,0.2589682771938836,Oil & Gas E&P,Energy,EQT
2016Q4,2016,Q4,2017-02-09,2016-12-31,-191958000.0,595671000.0,-189466000.0,-1.11,147337000.0,0.24734627000475096,15472922000.0,5860281000.0,1828219000.0,804640000.0,6353675000.0,0.0,2509073000.0,11308052400.000002,13493971400.000002,33.89287242779314,2.272095595545834,0.2125945571237288,0.5613142100182568,-0.01021961747521915,33.89287242779314,-0.032755767172256756,18.9837215509904,-14.727248148032384,1.929609245699993,-0.027037164379708063,0.0,0.0004589649761439025,0.03849764123415086,2.151973553390336,-0.012406060083544659,-10.272660659471237,0.24734627000475096,-21.2,-2.8262494898212625,0.03267469601391446,0.40935568696400043,0.33528788029834783,-22.94685628742515,-2.746922743575795,-2.452932772882589,0.8774533152286639,0.26650920982297627,Oil & Gas E&P,Energy,EQT
2016Q3,2016,Q3,2016-10-27,2016-09-30,-8016000.0,463370000.0,108457000.0,-0.05,110341000.0,0.2381271985670199,14889984000.0,6046224000.0,2146069000.0,618626000.0,5615705000.0,0.0,2706221000.0,12553601540.0,13683946540.0,34.976160863554064,3.469089562999292,0.1939396979875868,0.4776136312515051,0.010230446325330626,34.976160863554064,-0.00132578614355009,27.09196007510197,-391.5170140968064,2.0762713290146046,-0.6474550898203593,0.0,0.0004134271733464626,0.03111957675710061,3.147022595235247,-0.0005383484629667835,-129.03545699366828,0.2381271985670199,0.9677548335504508,-1.0387321007621084,0.18964304502006174,0.52043988694027,4.423761305544632,0.9690077132749522,1.334236283174932,-1.0791688073516033,-0.20273063619338125,0.3474891610606981,Oil & Gas E&P,Energy,EQT
2016Q2,2016,Q2,2016-07-28,2016-06-30,-258645000.0,362224000.0,-324492000.0,-1.55062,20344000.0,0.056164141525685767,14783186000.0,6057710000.0,2613889000.0,527277000.0,5525733000.0,0.0,2719427000.0,12915401430.000002,13454004430.000002,36.31698850726315,4.957335518143215,0.1891080853613017,0.461497826736506,-0.01876504810857799,36.31698850726315,-0.04269682767910646,35.6558412197977,-12.483714579829497,2.132060040840516,-0.020066113785304183,0.0,0.00040184581393998525,0.024502431343284187,4.603434248032817,-0.017495890263438476,-59.94338359788361,0.056164141525685767,-44.11829152994828,-3.640687435177196,-0.07010989046553417,0.6768928785327096,-0.8163136320132908,-46.89158977998581,-3.551017680678611,-3.687288219845123,-0.37149746388649696,0.4344019103937537,Oil & Gas E&P,Energy,EQT
2016Q1,2016,Q1,2016-04-28,2016-03-31,5636000.0,436074000.0,127201000.0,0.035962,110754000.0,0.2539798291115728,14049625000.0,5491155000.0,2156358000.0,421348000.0,5568054000.0,0.0,2983262000.0,10540987200.0,11787981200.0,35.03799770290965,5.117760141260906,0.1995413400713542,0.5105448671545422,0.014145760688599247,35.03799770290965,0.0010263778749643746,24.172473479271865,467.5739531582683,1.9196302417251017,0.8136976579134138,0.0,0.000435063615294021,0.03103812379333968,4.04891918319299,0.00040114949687269235,-93.38720343037369,0.2539798291115728,1.0408659090909091,-0.9560908152524069,-0.08849338891080781,0.6586528195335317,0.018184158270206665,1.0418787477986908,1.8085270804354066,-0.9460765698311572,-0.25127008730801864,0.4478497119877388,Oil & Gas E&P,Energy,EQT
2015Q4,2015,Q4,2016-02-11,2015-12-31,-134579000.0,444152000.0,45291000.0,-0.88,108776000.0,0.24490714890397883,13976172000.0,5077791000.0,2251019000.0,795819000.0,5948130000.0,0.0,2982212000.0,7956758290.0,9447869290.0,33.267976125739516,2.828556493373493,0.22125822435499506,0.6089937533860689,-0.02693485635783767,33.267976125739516,-0.026503453962559705,17.914493889479278,-14.780831871985972,1.5669723881900617,-0.034069208420333036,0.0,0.0005762396987429412,0.03177923110848951,2.2344138554118462,-0.009629174569402838,-36.50592449003936,0.24490714890397883,-4.259259259259259,-2.798489913450874,0.16903606505108723,0.6115111994038746,-0.011010392137252585,-4.299556231152083,-0.733668519008556,-3.7489557202166583,-0.11012940820107632,0.38265623592108894,Oil & Gas E&P,Energy,EQT
2015Q3,2015,Q3,2015-10-22,2015-09-30,40787000.0,415752000.0,170055000.0,0.27,109987000.0,0.26454953914833845,13740106000.0,5171517000.0,2262821000.0,991116000.0,5987833000.0,0.0,3121376000.0,9880728270.0,11546253270.0,33.900249752541775,2.283104096795935,0.24222520554062682,0.643563581053683,0.014727106269950385,33.900249752541775,0.007886854089428692,23.76591879293425,60.56297515139627,1.9106053929630318,0.11238875131782186,0.0,0.0004639334140903361,0.030258281850227355,1.8261273150670558,0.0029684632709529317,-29.57018141824657,0.26454953914833845,5.75,0.09175680156182743,0.5794074570344581,0.6527027951612603,-0.20103587046534266,6.367593930635838,4.1478779439365505,0.25495157170518595,0.11993574893903473,0.42221419192586745,Oil & Gas E&P,Energy,EQT
2015Q2,2015,Q2,2015-07-23,2015-06-30,5536000.0,428915000.0,33034000.0,0.04,137662000.0,0.32095403518179594,13572330000.0,5139253000.0,2490307000.0,1031323000.0,5927089000.0,0.0,3085173000.0,12400608360.0,13732651360.0,33.710187991131754,2.414672221990589,0.24241968770284836,0.6402097736772251,-0.22506011859748098,33.710187991131754,0.001077199351734581,28.91157539372603,559.9985711705202,2.412920391348704,0.8271315028901735,0.0,0.0003692560773687719,0.03160216410888919,2.0445069100563065,0.0004078886970770678,-25.287185857815498,0.32095403518179594,-0.9649122807017544,-0.8213723046514577,0.6122881854352672,0.6543472482392543,-0.6371070210309322,-0.9680787881933033,-0.8950498635463958,-0.827268643582439,0.24579607682687818,0.383002269904364,Oil & Gas E&P,Energy,EQT
2015Q1,2015,Q1,2015-04-23,2015-03-31,173427000.0,665181000.0,314759000.0,1.14,379346000.0,0.5702898910221429,13066318000.0,4823759000.0,2522485000.0,1055575000.0,5926153000.0,0.0,3085994000.0,12599223320.0,14100148320.0,31.727742113709912,2.389678611183478,0.25136714107218266,0.6808887011146286,0.030830371540589648,31.727742113709912,0.03595266678953074,18.94104509900313,18.16214216932773,2.6119097823916992,0.026305015943307558,0.0,0.000362085811492704,0.05090806759792621,1.9142031594154845,0.013272828657621834,-72.16711336663154,0.5702898910221429,12.399999999999999,0.7367763416744313,0.3435283647478681,0.5201582317375978,-0.08984774252988287,12.794545701849836,6.804587155963302,1.367284630776924,0.45359444636518675,0.27979913288266145,Oil & Gas E&P,Energy,EQT
2014Q4,2014,Q4,2015-02-12,2014-12-31,-14704000.0,703194000.0,40330000.0,-0.1,416794000.0,0.592715523738826,12064900000.0,4582815000.0,1904323000.0,833479000.0,5691837000.0,4145000.0,2917129000.0,11476498500.0,13387969500.0,30.228653408528743,2.2847882190193154,0.24773516564579898,0.652197393959826,0.039127463196911134,30.228653408528743,-0.0032085083076667945,16.320529612027407,-195.12545055767137,2.50424651660606,-0.30971164309031557,69.09529553679131,0.00039681092625943356,0.05828427919004716,1.659926644822485,-0.0012187419705094946,-28.03926328056858,0.592715523738826,-1.1538461538461537,-1.229153798699253,0.7641797403695663,0.8388489693337543,0.3017327536666417,-1.1491958804728324,-0.8257905945063347,-1.1595460014924313,0.39036483143978123,0.25698772452340357,Oil & Gas E&P,Energy,EQT
2014Q3,2014,Q3,2014-10-23,2014-09-30,98555000.0,578723000.0,231503000.0,0.65,320184000.0,0.5532595041150948,11763652000.0,4408089000.0,1859218000.0,616795000.0,5588402000.0,0.0,2936387000.0,13873527780.0,15696272780.0,29.085354025218233,3.014320803508459,0.25453515625929773,0.6792655502191539,0.02102441945095483,29.085354025218233,0.022357760925425962,23.972656659576344,35.19234889148191,3.147288491679728,0.04618740804626858,0.0,0.0003281068861635998,0.049195861965314856,2.222986567660244,0.008377925494565803,-57.5051823574031,0.5532595041150948,-0.10958904109589036,28.250457823136742,1.2882388285277033,0.8019701283881144,0.12209823931815633,-0.111484750407948,0.029950482935965937,-0.456839596995734,0.6947107916437812,0.2643621053276147,Oil & Gas E&P,Energy,EQT
2014Q2,2014,Q2,2014-07-24,2014-06-30,110921000.0,526168000.0,224771000.0,0.73,285344000.0,0.5423058794909611,11385936000.0,4276592000.0,1964177000.0,948965000.0,5356003000.0,13389000.0,2842384000.0,16221433600.0,17774787600.0,28.182939687895402,2.0698097400852506,0.2483431313859484,0.6611851212367231,0.02207521396027521,28.182939687895402,0.02593677395458814,30.829380730109015,36.56078109645604,3.7930748596078376,0.04110132436599021,17.986705504518635,0.0002810479093537084,0.046212098855992166,1.590755191181972,0.009741930746844176,-45.58977215559859,0.5423058794909611,-0.42063492063492064,2.5891686452552376,0.9057692001372663,0.7103705161101487,-0.34009098078395184,-0.4228665976388318,-0.37002054424018543,0.24484078864849804,0.48479316756074764,0.301313043874688,Oil & Gas E&P,Energy,EQT
2014Q1,2014,Q1,2014-04-24,2014-03-31,192193000.0,661625000.0,356791000.0,1.26,432399000.0,0.653540903079539,10246306000.0,4178270000.0,1370173000.0,758381000.0,5231800000.0,9928000.0,2755631000.0,14678445870.0,16376624870.0,27.602843345158583,1.806707973960318,0.25452909565652243,0.624177709913433,0.033892404395853094,27.602843345158583,0.04599822414539989,22.185446242206687,19.093366915028124,3.5130438841913043,0.02363249441967189,23.08883964544722,0.0003094333037861317,0.06457205162523938,1.6339821277168072,0.018757296532037986,-480.5829771142324,0.653540903079539,0.68,1.3058075693515947,0.21742386822751264,0.6567202938200136,2.352398009024515,0.6682696063538909,2.126290240611254,0.5502569896690847,0.4318360061033133,0.30668237180082003,Oil & Gas E&P,Energy,EQT
2013Q4,2013,Q4,2014-02-20,2013-12-31,115205000.0,276661000.0,114126000.0,0.75,128982000.0,0.46620954887027805,9792053000.0,4034788000.0,1255425000.0,523410000.0,4927925000.0,19656000.0,2567980000.0,13536310160.0,15192185160.0,26.760857453638607,2.3985498939645784,0.25546389505857453,0.6199869732932685,0.00825525313565877,26.760857453638607,0.028552925209453385,48.92742439302974,29.37439815980209,3.354899974918137,0.03931252983811467,7.513176638176638,0.00033458157699306143,0.028253625669714,2.0661087866108785,0.011765152823417111,-38.90113188894349,0.46620954887027805,0.29310344827586216,1.9779284488747602,-0.4141625762592489,0.7040018828404292,-0.5143914551088253,0.3053503444525018,-0.33082768487463937,0.5585824525329488,-0.26282266459751663,0.2963043297011092,Oil & Gas E&P,Energy,EQT
2013Q3,2013,Q3,2013-10-24,2013-09-30,88256000.0,506598000.0,170548000.0,0.58,265609000.0,0.5242993458323957,9682252000.0,3911106000.0,933291000.0,540682000.0,4946929000.0,67911000.0,2457304000.0,13368240880.0,15446222880.0,25.956543380298516,1.7261366200465338,0.25839845936668454,0.639685807543953,0.019860607216472866,25.956543380298516,0.022565484034439365,26.38826225133143,37.867796183828865,3.418020600822376,0.051293963016678754,3.5486003740189367,0.0003386384222603864,0.05232233162284972,1.143487299373754,0.0091152347614997,-237.2737594291901,0.5242993458323957,0.017543859649122823,-0.20517947002968015,0.4736362055047595,0.7850732695617236,-0.02850736824394758,0.016118633139909737,-0.004360897866254123,1.3917220809852429,0.9484337226731856,0.26543173311363055,Oil & Gas E&P,Energy,EQT
2013Q2,2013,Q2,2013-07-25,2013-06-30,86856000.0,520092000.0,171295000.0,0.57,273403000.0,0.5256819947240103,9054275000.0,3811076000.0,577408000.0,495404000.0,4952050000.0,55034000.0,2373575000.0,11999853000.0,14543439000.0,25.31855837900681,1.1655295476015535,0.28277095626099275,0.6718013495401298,0.01860269814328248,25.31855837900681,0.02279041404579704,23.072558316605523,34.53950504282951,3.1486784834519175,0.05206318504190845,4.482483555620162,0.0003768379495982159,0.057441595268533374,0.5222505268427384,0.009592816652907052,-60.858588266320446,0.5256819947240103,-0.13636363636363646,0.31510154998387735,0.3059323341720862,1.359377202813395,-0.03760480981111353,-0.13364919455388757,-0.13763938882875626,1.8384596578641421,0.9800757191005782,0.24252310294780408,Oil & Gas E&P,Energy,EQT
2013Q1,2013,Q1,2013-04-25,2013-03-31,100255000.0,558660000.0,198635000.0,0.66,284086000.0,0.5085132280814807,8802484000.0,3637917000.0,657084000.0,499358000.0,4875448000.0,41405000.0,2291241000.0,10175634630.0,12520958630.0,24.20002394779381,1.3158575611084633,0.284652491274054,0.6887592542655591,0.021648367874663836,24.20002394779381,0.027558352760659464,18.214360487595318,25.37438190115206,2.797104670062566,0.04504513490598973,6.63142132592682,0.0004438052430347531,0.06346617613846274,0.8017594591455429,0.011389398719725023,10351.612034587995,0.5085132280814807,1.0625,0.15273210027022918,-0.15452534701956896,1.850458012329005,37.52535937076214,1.0868633042609437,0.3236421065257518,0.015412881872135699,0.14120594531550382,0.15948577370052788,Oil & Gas E&P,Energy,EQT
2012Q4,2012,Q4,2013-02-21,2012-12-31,48041000.0,489787000.0,150067000.0,0.32,7374000.0,0.015055524136001976,8849862000.0,3603820000.0,852845000.0,570465000.0,4961060000.0,76787000.0,2195502000.0,8833965420.0,11178083420.0,24.060916416854166,1.4949996932327136,0.28544772788547434,0.7009709141966025,0.015181112003445603,24.060916416854166,0.013330576998851219,18.03634114421167,45.97096969255428,2.4512782047938018,0.6861430861139444,6.282482711917382,0.0037313933701135092,0.05534402683341277,0.7278851463279956,0.005428446228879049,-39.2646861790786,0.015055524136001976,0.523809523809524,-0.3575236857353087,0.031460488729077175,1.661128515969208,-0.9725914362176628,0.5072632008282872,0.7498280104009981,-0.2421797537353681,0.24376269278260312,0.46365737025767534,Oil & Gas E&P,Energy,EQT
2012Q3,2012,Q3,2012-10-25,2012-09-30,31873000.0,364057000.0,85761000.0,0.21,269040000.0,0.7390051557860445,8997700000.0,3565998000.0,1227927000.0,818938000.0,5149929000.0,88171000.0,2180424000.0,8982224160.0,11069767160.0,23.83624769391193,1.4994138750430435,0.30302599553219156,0.7645929694856811,0.010359275448791866,23.83624769391193,0.008938030812131695,24.67257643720626,70.45323753647287,2.5188528316617114,1.033884479026135,1.0776445770151184,0.0036686904504952813,0.040461117841226094,0.9462132664499633,0.0035423497115929627,-81.915734870317,0.7390051557860445,0.0,-0.21458157203963027,0.30232319093860055,1.6459868572266305,0.12633601687996884,0.013578833555937163,0.05352316839467348,8.583182149287088,0.45825269764598825,0.4767640882090689,Oil & Gas E&P,Energy,EQT
2012Q2,2012,Q2,2012-07-26,2012-06-30,31446000.0,337804000.0,81404000.0,0.21,238863000.0,0.7071053036672154,8748171000.0,3646008000.0,1213553000.0,696610000.0,5102163000.0,77907000.0,2181504000.0,8022082660.0,10243727660.0,24.37464400796887,1.7420838058598067,0.3128291616613347,0.7505970913942043,0.008714108737269998,24.37464400796887,0.008624775370761666,23.747743247563676,63.77665410545062,2.2002372622331055,1.04779622209502,1.2699885761228131,0.004107287520769575,0.03861424290860341,0.902174818047401,0.0035945799413385953,-40.84189157816493,0.7071053036672154,-0.5625000000000001,-0.7623304198516221,-0.06540491107396802,1.8914312033428966,-0.2107694290160679,-0.5634622058721455,-0.4689750547959503,0.03223288604840969,0.24120310094129532,0.47925209057650625,Oil & Gas E&P,Energy,EQT
2012Q1,2012,Q1,2012-04-26,2012-03-31,72035000.0,449960000.0,153296000.0,0.48,302653000.0,0.6726220108454085,8858989000.0,3706134000.0,1604630000.0,715932000.0,5152855000.0,65657000.0,2183007000.0,7207105740.0,9198944740.0,24.791188944037888,2.241316214389076,0.3089570378741863,0.7385180892002285,0.014682843477392871,24.791188944037888,0.019436696028799823,16.017214285714285,25.012513847435276,1.944642514274983,0.45724994794197266,2.243584080905311,0.004570211842070185,0.05079134876451478,1.2464032896979043,0.008131289021805987,-151.84682257758675,0.6726220108454085,-0.21040354005679945,0.03164150284074145,-0.20084847041747175,2.41071975410768,-0.04549052753747512,-0.20706470290381523,-0.5919516824114075,-0.1249195675709804,-0.16165509214784238,0.48796503743944125,Oil & Gas E&P,Energy,EQT
2011Q4,2011,Q4,2012-02-16,2011-12-31,90846000.0,498543000.0,375681000.0,0.6079054610180606,317077000.0,0.6360073253460584,8772719000.0,3593830000.0,1690134000.0,804910000.0,5178889000.0,123960000.0,2143910000.0,8187872390.0,10103563390.0,24.048487362905764,2.099780099638469,0.3131232175566093,0.7643494544817089,0.03810420678614076,24.048487362905764,0.025278324239043026,16.423603159607094,22.532286479316646,2.2783137738846855,0.3623274552539462,1.4639077121652146,0.004020091964330187,0.056828789341138136,1.2607981016511163,0.010355512355975382,-45.540298285815986,0.6360073253460584,-0.4891550747747389,0.01149516167235354,0.1331807453107813,2.054016594850479,0.18787018270776124,-0.4922364935108488,1.7861036331679534,1.3691888007552662,0.06508120866386818,0.5312912830558021,Oil & Gas E&P,Energy,EQT
2011Q3,2011,Q3,2011-10-27,2011-09-30,178914000.0,336720000.0,134841000.0,1.19,266929000.0,0.7927328344024709,7720194000.0,3437737000.0,968893000.0,592640000.0,4282457000.0,138012000.0,2085980000.0,7974171760.0,9643170760.0,23.003974812802376,1.6348761474082074,0.2595674409218214,0.5829157378822173,0.015524212400406471,23.003974812802376,0.05204412088533823,23.681907103825136,11.142464759605174,2.3195991316380513,0.1839654806219748,0.5056879111961279,0.004127576002952813,0.04361548427409985,0.7890321274298057,0.02317480622896264,-82.29704071417514,0.7927328344024709,1.0517241379310345,3.5250045492437065,0.16310144513573793,2.1805113344939153,-0.03283790834516943,1.0388130455591769,-0.11966442514852778,0.6246212360853611,-0.012405439628854013,0.5820203765333726,Oil & Gas E&P,Energy,EQT
2011Q2,2011,Q2,2011-07-28,2011-06-30,87754000.0,349000000.0,153170000.0,0.58,275992000.0,0.7908080229226361,7293089000.0,3236555000.0,799385000.0,472035000.0,4056534000.0,110382000.0,1939980000.0,7848798880.0,9782941880.0,21.657309761516018,1.6934867117904393,0.27606518993529355,0.6220713073005093,0.018562313905004103,21.657309761516018,0.027113396806171995,22.489395071633236,22.360231100576613,2.425047274030567,0.37501424436492925,0.661412186769582,0.004192870845991151,0.047853522697995324,0.4615187433135255,0.012032487194383615,-169.10776894404586,0.7908080229226361,-0.2926829268292683,0.6064941130985596,0.11675897954472661,2.7945217150157537,-0.12360121429206519,-0.2822052267800908,-0.2249540801611116,0.33830943264763647,-0.11733464459505455,1.0181940124978532,Oil & Gas E&P,Energy,EQT
2011Q1,2011,Q1,2011-04-28,2011-03-31,122255000.0,455671000.0,197627000.0,0.82,314916000.0,0.6911038885511696,7036772000.0,3153256000.0,615436000.0,405255000.0,3883516000.0,72241000.0,1885135000.0,7448622900.0,9259194900.0,21.124371110262544,1.5186388816917744,0.2770020117178729,0.6181546947028722,0.02436227333242577,21.124371110262544,0.038771035399599654,16.34649319355412,15.23173469387755,2.3622005000545467,0.26899513312338963,1.9484087983278193,0.004415044289596135,0.0647556862720577,0.7807627296393629,0.017373733297028807,-207.40165116667595,0.6911038885511696,0.6726035041647859,0.35348531666614935,-0.15132338116892716,3.1024181767592345,0.27555227918958547,0.6721376499391353,0.4676543759979206,0.41563249852213313,-0.3055100693642931,1.4881848471124608,Oil & Gas E&P,Energy,EQT
2010Q4,2010,Q4,2011-02-24,2010-12-31,73113000.0,371218000.0,134655000.0,0.4902536661905816,246886000.0,0.665070120522173,7098438000.0,3078696000.0,827940000.0,596984000.0,4019742000.0,137853000.0,1795766000.0,6687123720.000001,8689973720.0,20.643962100943455,1.3868713399354087,0.2821536230928551,0.6505514022820051,0.01715735581262327,20.643962100943455,0.023748041378557676,18.01400718715149,22.865713758155184,2.1720636659156995,0.4493592110842121,0.9019172596896694,0.004913024100591935,0.05229573041280349,0.7042215536764804,0.01029987160555604,-30.49568234365951,0.665070120522173,1.0427236091274232,-0.1843733505039763,0.07575876345264558,6.057494530830509,0.2921706452845397,1.001889272219484,0.5270123154385249,-0.017987854147683995,-0.2148519768015541,1.283214623983588,Oil & Gas E&P,Energy,EQT
2010Q3,2010,Q3,2010-10-28,2010-09-30,36522000.0,257335000.0,88182000.0,0.24,191063000.0,0.7424679891969611,6925902000.0,3059017000.0,768117000.0,518156000.0,3866885000.0,167368000.0,1755507000.0,5377735980.0,7129568980.0,20.51200606170331,1.482404912806182,0.28143626635202174,0.6371981587549203,0.011233466614214519,20.51200606170331,0.011939129465445926,20.897802397652864,36.81162025628389,1.7579948002904202,0.8994304802584744,0.39596577601453087,0.006108332599846227,0.03715544921080315,0.5753884930407059,0.005273248163199537,-27.481876197727956,0.7424679891969611,0.1999999999999999,-0.3616682562917736,-0.20952527586201816,8.318717572470725,0.015417565714650142,0.2174,0.12292274191699881,-0.09717797113328704,-0.0765408307346782,1.2769732531552065,Oil & Gas E&P,Energy,EQT
2010Q2,2010,Q2,2010-07-29,2010-06-30,30000000.0,257515000.0,78529000.0,0.2,188162000.0,0.7306836494961458,6774035000.0,3007096000.0,886654000.0,479777000.0,3766939000.0,144039000.0,1751835000.0,5333360500.0,6856959500.0,20.376730476029138,1.848054408610667,0.28774578224057007,0.6482001239734282,0.010108646028863034,20.376730476029138,0.009976402482661012,20.710873153020213,44.44467083333333,1.7735916977708726,1.0923666666666667,0.4814876526496296,0.006144531201294193,0.03801500877984835,1.1353899832630576,0.004428675080657245,-51.20009695968973,0.7306836494961458,-0.6923076923076923,-0.616075911987023,-0.2121136152767131,2.6765524989368004,-0.3036298500392296,-0.6593425310849941,-0.5356418489412405,-0.7701756780877789,-0.2778493908696667,1.4171805053331898,Oil & Gas E&P,Energy,EQT
2010Q1,2010,Q1,2010-04-28,2010-03-31,88065000.0,436640000.0,169113000.0,0.65,270204000.0,0.6188255771344815,6559833000.0,2798513000.0,1117936000.0,471835000.0,3761320000.0,113031000.0,1754605000.0,5497444000.0,6893618000.0,20.87134184541034,2.3693367384784936,0.2971417107722102,0.6965127551667618,0.022725473894729613,20.87134184541034,0.03146849773433248,12.590335287651154,15.606211321183219,1.9644161024086721,0.32723556463975473,1.4724810007873945,0.005242072497691654,0.0665626701167545,1.585880657433213,0.013424884444466803,94.97018277303665,0.6188255771344815,0.5357426600700589,0.04376673908519437,-0.10085763773508076,2.383440889472454,0.22669451128160895,0.5901375898306309,0.4938123294084393,0.40616210363159017,-0.13537945629945392,1.8714354155247204,Oil & Gas E&P,Energy,EQT
2009Q4,2009,Q4,2010-02-18,2009-12-31,55382000.0,344027000.0,113209000.0,0.42324799388612916,220270000.0,0.640269513730027,5957257000.0,2151030000.0,695166000.0,612674000.0,3806227000.0,182957000.0,1695358000.0,5746932000.0,7701132000.0,16.438899503247995,1.1346425668463163,0.3280368800607394,0.908495000069734,0.018709505067243087,16.438899503247995,0.02574673528495651,16.704886535068468,25.942237550106533,2.671711691608206,0.5209454335343613,0.6764267013560563,0.00502024384488976,0.0577492292174066,0.5839206494808006,0.009296560480771604,-37.152243900546914,0.640269513730027,20.16239969430646,0.20143589852993338,-0.06304970045927254,1.3086614607303964,0.4729444176964639,18.038157442420076,1.835044575778824,-0.2957567821707224,-0.10693076227324666,1.087643647867775,Oil & Gas E&P,Energy,EQT
2009Q3,2009,Q3,2009-10-29,2009-09-30,2909000.0,218357000.0,39932000.0,0.02,149544000.0,0.6848601143998132,5689633000.0,2112032000.0,730156000.0,494575000.0,3577601000.0,195654000.0,1668826000.0,5574210000.0,7333206000.0,16.14086358425678,1.4763301824799069,0.34299224572129694,0.923991681944213,0.0028586507501355968,16.14086358425678,0.0013773465553552219,25.52796567089674,479.04864214506705,2.639263988424418,9.914747335854246,0.35170760628456355,0.005174186117853471,0.03837804652778132,0.5609482889349442,0.0005112807803244955,-49.65932881361972,0.6848601143998132,-0.9,-0.9234682981145131,-0.004178297751813534,1.3906926674306437,0.0017483571471634412,-0.8908237943328955,-0.4085374885208994,-0.9159738521214099,-0.13858617104392504,1.2316230128055392,Oil & Gas E&P,Energy,EQT
2009Q2,2009,Q2,2009-07-29,2009-06-30,26645000.0,238040000.0,67514000.0,0.2,149283000.0,0.6271340951100656,5676113000.0,2155775000.0,874505000.0,447450000.0,3520338000.0,157427000.0,1694760000.0,4567275300.0,6185430300.0,16.477680960024458,1.9544194882109733,0.34416157676917286,0.9061706346905405,0.010095667829696337,16.477680960024458,0.012359824193155594,19.187007645773818,42.85302401951585,2.1186233721051595,1.0824544942765997,0.5637978237532316,0.006314924786776046,0.04193714959515429,0.9976958319365292,0.004694233536224526,191.60445106347277,0.6271340951100656,-0.6363636363636364,-0.8069073443598347,-0.06215830627613236,1.2456727056289787,-0.2907328661361207,-0.6298945730834943,-0.5040694599518128,-0.44281542708992266,-0.1299281662644714,1.8870122330252745,Oil & Gas E&P,Energy,EQT
2009Q1,2009,Q1,2009-04-30,2009-03-31,71993000.0,469403000.0,136136000.0,0.55,210475000.0,0.4483886979844611,5318935000.0,2178327000.0,750731000.0,801729000.0,3140608000.0,147082000.0,1696957000.0,4096178190.0,5700645190.0,16.6611367338978,0.9363899771618589,0.3016519284405619,0.7365592952756863,0.02184477459376852,16.6611367338978,0.03304967527832139,8.726357074837614,14.224223848151901,1.880423917070302,0.4004972705679719,1.7604329557661713,0.007039000420047645,0.08825131346782768,0.25758454540125153,0.013535228386885721,830.6992881768404,0.4483886979844611,1.143513957307061,-0.021522334588644453,0.11638828533491782,1.1133979798401412,0.26673888838734916,1.1493655769517839,0.6698886217555566,-0.09001509906301007,-0.0018548411166383763,2.2356442625365247,Oil & Gas E&P,Energy,EQT
2008Q4,2008,Q4,2009-02-20,2008-12-31,33495000.0,408878000.0,81524000.0,0.25658801899800826,166155000.0,0.40636815871727017,5329662000.0,2050093000.0,927182000.0,1042608000.0,3279569000.0,288182000.0,1653797000.0,4379617000.0,5953034000.0,15.704711199632296,0.8892910854319169,0.2952189088163565,0.7674856701622804,0.012998111528664577,15.704711199632296,0.01633828319007967,10.71130508366799,32.68858784893268,2.136301621438637,0.8602477981788327,0.8422559354852142,0.00657911410974978,0.07671743536456908,0.24835604560870433,0.00628463868815696,-21.708353986160954,0.40636815871727017,-0.648509563016427,-0.3563074794168945,0.29168680896114985,1.0190284129338532,0.046342477140482126,-0.6518118879810391,-0.4990106067868687,-0.5731188960557169,0.3536604980169835,4.368926413336722,Oil & Gas E&P,Energy,EQT
2008Q3,2008,Q3,2008-10-24,2008-09-30,96198000.0,297827000.0,162726000.0,0.73,158796000.0,0.5331820150624356,4946102000.0,1898167000.0,853358000.0,957457000.0,3047935000.0,340935000.0,1649115000.0,4788207200.0,6124740200.0,14.540884020223686,0.8912755350893042,0.27236943354585086,0.7097199561471672,0.03175830278538231,14.540884020223686,0.050679418618066796,16.077142770803185,12.4436246075802,2.5225426424545363,0.2993825235451881,0.40779327437781393,0.006014777305376426,0.06021448809587833,0.17004105667408562,0.019449255191259705,-22.72523588039867,0.5331820150624356,0.6590909090909091,2.2417635718841415,0.526279974626719,0.983426794908892,-0.042463126665782266,0.7367081294795184,0.6090296935718311,0.9208262354242264,0.045161352359466694,5.60600387065531,Oil & Gas E&P,Energy,EQT
2008Q2,2008,Q2,2008-08-01,2008-06-30,55391000.0,334009000.0,101133000.0,0.44,165838000.0,0.4965075791370891,4790156000.0,1354718000.0,1111660000.0,1711024000.0,3435438000.0,255630000.0,1581718000.0,8718341580.0,9803297580.0,10.731034592016982,0.649704504437109,0.2616825005281665,0.9252848194236735,0.02384373545113816,10.731034592016982,0.04088747621276162,26.10211575137197,39.349089111949596,6.4355397802347065,0.4856384611218429,0.6578687947424011,0.0030854491938821236,0.06972820926917621,0.2309868242643002,0.011563506491229095,-26.547125787887094,0.4965075791370891,-0.22807017543859642,0.7345993633290494,0.5029175045909382,0.5810677924441919,-0.25274299438108583,-0.21453488372093024,-0.15315307771534797,-0.17135445888534073,0.19460607489250042,0.9361895222528175,Oil & Gas E&P,Energy,EQT
2008Q1,2008,Q1,2008-05-01,2008-03-31,70520000.0,535774000.0,119423000.0,0.57,221929000.0,0.414221294799673,4045099000.0,1034839000.0,665538000.0,1205298000.0,3010260000.0,144448000.0,1553227000.0,7179379900.0,8459829900.0,8.489872098842408,0.5521771379360125,0.3165435506028406,1.237342233912715,0.03289175662572477,8.489872098842408,0.06814586616855375,13.400015491606535,25.45157366704481,6.93767813157409,0.3812960862166761,2.1727195945945947,0.003745309535716309,0.13245015758575995,0.2513245686958744,0.0174334422964679,-76.3918228152499,0.414221294799673,0.1417495915639387,0.1787511867818908,0.5938151248821479,0.19713892802028535,0.2813822569935622,0.1637539812201924,0.27137716646084403,-0.08057198000444121,0.21364562010767002,0.37628814756495516,Oil & Gas E&P,Energy,EQT
2007Q4,2007,Q4,2008-02-22,2007-12-31,60597000.0,384814000.0,93932000.0,0.49923381117152743,173195000.0,0.45007458148612056,3936971000.0,1097472000.0,742247000.0,1519308000.0,2839499000.0,283485000.0,1509596000.0,6467126400.0,7618244400.0,9.041621354424123,0.4885428102794167,0.3131414988832785,1.1233352650454864,0.026374571268955115,9.041621354424123,0.05521507610216935,16.80585009900887,26.680885192336255,5.892748425472358,0.4419360694423816,0.7464909959962608,0.004140942722257602,0.09774367146722696,0.2099745410410529,0.015391782159431705,-40.639245923272696,0.45007458148612056,0.8490141154501015,0.468427594566961,-0.18241959009479078,0.44746947567701556,0.48699698642603867,0.8404555808656037,0.6373588063031655,0.41712998328530043,0.12979977448882224,0.26979563074472535,Oil & Gas E&P,Energy,EQT
2007Q3,2007,Q3,2007-10-25,2007-09-30,32925000.0,226806000.0,57368000.0,0.27,116473000.0,0.5135357971129512,3673920000.0,1093446000.0,724654000.0,1239122000.0,2580474000.0,298593000.0,1475779000.0,6379732800.0,7292304800.0,9.008452792881858,0.5848124720568273,0.2976384896785994,1.0000493851548224,0.01747014623805358,9.008452792881858,0.03011122634313903,28.12858919076215,48.441403189066065,5.834520223220901,0.8132118451025057,0.3695096670049197,0.004196884233145313,0.06173406062189705,0.2387908535237047,0.008961817350405016,-85.90034603939732,0.5135357971129512,-0.689655172413793,0.26705194468068977,0.43272744441682504,0.0,-0.1346345305139902,-0.6932729660993264,-0.06747508899689526,-0.06620826141277616,0.11505323239406373,0.3342806550848762,Oil & Gas E&P,Energy,EQT
2007Q2,2007,Q2,2007-07-26,2007-06-30,107343000.0,293240000.0,61519000.0,0.87,134594000.0,0.45898922384395036,3439407000.0,1023026000.0,671158000.0,1126217000.0,2416381000.0,226954000.0,1469629000.0,6014403360.0,6871923360.0,8.42995813968819,0.5959402140084904,0.2698971072629671,0.9073923829892886,0.019663817728549946,8.42995813968819,0.1049269520031749,20.51017378256718,14.00744193845896,5.879032751855769,0.24935021380062045,0.6990227094477295,0.004450316747628314,0.08525888329005553,0.2171677394320988,0.03120974051631575,-32.47973992029119,0.45898922384395036,0.8913043478260869,1.9313701104358318,0.13838975385340951,0.0,-0.3010935828599321,0.8959164929880956,-0.37767819208125114,-0.16137105521974876,0.24551480339977405,0.14888296173592824,Oil & Gas E&P,Energy,EQT
2007Q1,2007,Q1,2007-04-27,2007-03-31,56618000.0,456546000.0,98854000.0,0.46,192578000.0,0.42181510734953326,3188111000.0,881079000.0,499292000.0,1110442000.0,2307032000.0,149822000.0,1389052000.0,5857205440.0,6712204440.0,7.268609188480164,0.4496335693354538,0.2681835732821097,0.9703999300857244,0.03674989992141532,7.268609188480164,0.06425984503092232,12.829387268752765,25.862823836942315,6.647764207295827,0.472729520647144,1.7618774278810856,0.0045695853208795765,0.143202667661195,0.23826998618568102,0.01775910562712528,85.34343722224651,0.42181510734953326,-0.23460504271492452,0.13382678579677812,0.39169956556299834,0.0,0.1270901248368576,-0.21606690389488112,-0.09814618837353574,-0.17001530452920452,0.17114013994973876,-0.07800624768129372,Oil & Gas E&P,Energy,EQT
