Quarters,Year,Quarter,FillingDate,Date,NetIncome,Revenue,OperatingIncome,EPSDiluted,GrossProfit,GrossProfitRatio,TotalAssets,CommonStockEquity,CurrentAssets,CurrentLiability,TotalLiability,Inventory,RetainedEarnings,MarketCap,EnterpriseValue,bookValuePerShare,currentRatio,debtToAssets,debtToEquity,roic,shareholdersEquityPerShare,roe,priceToSalesRatio,peRatio,pbRatio,payoutRatio,inventoryTurnover,dividendYield,assetTurnover,quickRatio,returnOnAssets,priceToFreeCashFlowsRatio,grossProfitMargin,epsdilutedGrowth,fiveYNetIncomeGrowthPerShare,fiveYRevenueGrowthPerShare,fiveYShareholdersEquityGrowthPerShare,grossProfitGrowth,netIncomeGrowth,operatingIncomeGrowth,threeYNetIncomeGrowthPerShare,threeYRevenueGrowthPerShare,threeYShareholdersEquityGrowthPerShare,Industry,Sector,Symbol
2023Q1,2023,Q1,2023-03-31,2023-03-31,74604000.0,155927000.0,85098000.0,2.02,86523000.0,0.5548942775,2096658000.0,1010966000.0,241447000.0,251042000.0,1085692000.0,11544000.0,305259000.0,668947256.5,1426598256.5,28.3213701168681,0.9617793038615052,0.42105484060824416,0.8732321363923218,0.04325819996638616,28.3213701168681,0.07379476658957868,4.290131000404036,2.241660153946169,0.6616911513344662,0.2109136239343735,6.012127512127512,0.023522033833171124,0.07436930581907016,0.555178018020889,0.035582341039883475,8.12637887825263,0.5548942774503454,0.0,1.9199542240039627,-0.16187168397410578,-0.23388932001643759,0.032346203407626596,-0.0053463102459836015,-0.00042286278102755657,23.46202423836134,0.08095801249854986,0.20858419444767004,Marine Shipping,Industrials,GSL
2022Q4,2022,Q4,2022-12-31,2022-12-31,75005000.0,156589000.0,85134000.0,2.02,83812000.0,0.5352355529,2106215000.0,966491000.0,237047000.0,261766000.0,1139724000.0,12237000.0,246390000.0,599238295.1999999,1413497295.1999998,26.854216893179625,0.9055683320217294,0.4436341968887317,0.9667849985152475,0.03804970421849435,26.854216893179625,0.07760548209967812,3.826822415367618,1.9973278288114125,0.6200143562640521,0.21241250583294446,5.94729100269674,0.026587085851518526,0.07434616124184854,0.5082287233636148,0.03561127425262853,6.919690703125902,0.535235552944332,-0.18218623481781382,1.1456447625817552,-0.20465954457058896,-0.26111450189194063,-0.1321653412856196,-0.1846839502146856,-0.16309658392725485,3.1849304350466388,0.13075544409878054,0.1601135087640531,Marine Shipping,Industrials,GSL
2022Q3,2022,Q3,2022-09-30,2022-09-30,91995000.0,163231000.0,101725000.0,2.47,96576000.0,0.5916523209,2094542000.0,915106000.0,216948000.0,255871000.0,1179436000.0,11555000.0,187317000.0,572699831.6999999,1452873831.6999998,25.21455722648853,0.8478803772213341,0.46925915068783536,1.0740646438773214,0.04967760341546741,25.21455722648853,0.10052933758493551,3.50852369770448,1.5563341260394588,0.6258289550063052,0.17653133322463177,5.768498485504111,0.02835691421768581,0.07793159554690238,0.48702275756142743,0.04392129639797149,5.23563406042876,0.5916523209439384,2.0875,0.8195423292065933,-0.24457397733368091,-0.5032494209009787,0.2530132987349984,2.1652559867877788,0.2000684236604299,1.3523816369894046,-0.3218858663137489,-0.27455762351236673,Marine Shipping,Industrials,GSL
2022Q2,2022,Q2,2022-06-30,2022-06-30,29064000.0,143891000.0,84766000.0,0.8,77075000.0,0.5356485117,2130848000.0,834396000.0,261192000.0,328229000.0,1296452000.0,11953000.0,115118000.0,599556477.8,1525157477.8,22.990698008266936,0.795761495784955,0.5194190294192734,1.3264720828000134,0.02188526012747532,22.990698008266936,0.03483238174679649,4.166740642569723,5.157208899325626,0.7185514765171453,0.5580787228186073,5.589893750522881,0.027053331254992572,0.06752757587589542,0.5887566302794696,0.013639640180810644,7.272640439107229,0.5356485117206775,-0.5031055900621118,-0.26949032310618837,-0.3182489917069666,-0.5353212301259245,-0.0006223824280694475,-0.5075233834892232,-0.01567652933252822,-0.10633609984710955,-0.35941967962602883,-0.300908874519737,Marine Shipping,Industrials,GSL
2022Q1,2022,Q1,2022-03-31,2022-03-31,59016000.0,140776000.0,86116000.0,1.61,77123000.0,0.5478419617,2047135000.0,791815000.0,168535000.0,259986000.0,1255320000.0,10985000.0,74423000.0,1037086256.3599999,2011148256.36,21.752105200176562,0.6482464440392944,0.5190410012041219,1.341913199421582,0.03703568731258339,21.752105200176562,0.07453256126746778,7.366925160254588,4.393241902026569,1.3097582849024076,0.19725159278839638,5.794538006372326,0.011224717258194098,0.06876732604347051,0.3991714938496688,0.028828582384649765,26.039124644973384,0.5478419616980167,-0.14361702127659565,0.4845702153073575,-0.32465477739386667,-0.5514178687028801,0.14220760948445668,-0.13818834971305072,0.03254118606268435,0.48855918940664467,-0.40458747529991057,-0.33809103700819665,Marine Shipping,Industrials,GSL
2021Q4,2021,Q4,2021-12-31,2021-12-31,68479000.0,135167000.0,83402000.0,1.88,67521000.0,0.499537609,1994114000.0,712553000.0,143358000.0,244763000.0,1281561000.0,11410000.0,13498000.0,835392737.19,1838562737.19,19.541215171334642,0.585701270208324,0.5368048165751808,1.5022742167951015,0.042524254316588087,19.541215171334642,0.09610372842441194,6.180448905354118,3.049813582229589,1.1723938250067012,0.1696724543290644,5.928659070990359,0.013908428314905732,0.06778298532581387,0.3321457900091109,0.03434056428067803,7.445169930217636,0.4995376090317903,0.08224983622336246,1.2389245289558903,-0.3817604060933635,-0.5894919445428844,0.15499486828600753,0.04873118213700476,0.047184973130430415,1.2235495581732385,-0.3685428862546061,-0.47254377359337574,Marine Shipping,Industrials,GSL
2021Q3,2021,Q3,2021-09-30,2021-09-30,65297000.0,113967000.0,79644000.0,1.737122,58460000.0,0.5129555046636307,1846085000.0,654281000.0,145322000.0,195328000.0,1191804000.0,9261000.0,-43362000.0,858700399.13,1854208399.13,18.065675206063883,0.7439895969855832,0.5836269727558591,1.6467312974089114,0.045950824835599396,18.065675206063883,0.09979962737722782,7.534640721700141,3.28767171206181,1.3124336472096851,0.17982449423403832,5.99362919771083,0.013674152256009793,0.061734427179680244,0.4445906372870249,0.03537052735924944,-2.9753895486502127,0.5129555046636307,1.0964188391699876,1.5434310315088584,-0.4717811037216137,-0.6749026492946933,0.4803372920412246,1.035696470881656,0.7541185798608052,1.702264563534332,-0.391029057192934,-0.5252131304989367,Marine Shipping,Industrials,GSL
2021Q2,2021,Q2,2021-06-30,2021-06-30,32076000.0,82871000.0,45404000.0,0.828614,39491000.0,0.47653582073342904,1452734000.0,593366000.0,183766000.0,128789000.0,859368000.0,6455000.0,-96917000.0,710067468.76,1388424468.76,16.353618678346844,1.4268765189573644,0.5653615871866425,1.3841709838447096,0.03060762925696751,16.353618678346844,0.054057697946966965,8.568346813239854,5.534258236376107,1.1966770404101348,0.35409652076318743,6.720371804802479,0.015995663087952222,0.05704485473596681,1.1479396532312542,0.02207974756562454,-8.040168360527657,0.47653582073342904,6.228911668484187,-0.10310466874014544,-0.6183311142441575,-0.7227986544517981,0.14314247669773636,4.684210526315789,0.4998678646934461,0.28208025417697313,-0.547269427959398,-0.563751305927756,Marine Shipping,Industrials,GSL
2021Q1,2021,Q1,2021-03-31,2021-03-31,5643000.0,72980000.0,30272000.0,0.114625,34546000.0,0.473362565086325,1338718000.0,549058000.0,170894000.0,101216000.0,789660000.0,5979000.0,-117635000.0,511596898.8,1127353898.8,15.13245646750195,1.6884089472020234,0.5661879499640701,1.3804843932699278,0.02316101311070034,15.13245646750195,0.010277602730494774,7.010097270485065,22.66511158958001,0.931772051040145,0.2629806840333156,6.4281652450242515,0.002900721258242311,0.05451484181134488,1.4541574454631678,0.004215226806541781,31.664102172433,0.473362565086325,-0.8082013680659671,-0.7982248600349862,-0.6740084086663295,-0.7396236977313543,0.24185778992019555,-0.52975,0.17124506693492222,-0.7827111308117415,-0.614071768712561,-0.5906576388677345,Marine Shipping,Industrials,GSL
2020Q4,2020,Q4,2020-12-31,2020-12-31,12000000.0,69970000.0,25846000.0,0.597632,27818000.0,0.39757038730884664,1274191000.0,464741000.0,98613000.0,112213000.0,809450000.0,6316000.0,-121794000.0,213913085.12,902612085.12,25.831848888066748,0.8788019213460116,0.6038780685156308,1.655666274333446,0.020943296745036977,25.831848888066748,0.025820833539541378,3.057211449478348,4.456522606666667,0.4602845135677722,0.104,6.67384420519316,0.005834145205749814,0.05491327438351079,0.7553581135875522,0.009417740354468051,12.565383289473685,0.39757038730884664,-0.1978363142176437,-0.3429960899563817,-0.3899861051812309,-0.5503824919686495,-0.0937876665472196,-0.1750876469375129,-0.10362766178816675,1.0466139308807978,-0.289059063097769,-0.2892446423355232,Marine Shipping,Industrials,GSL
2020Q3,2020,Q3,2020-09-30,2020-09-30,14547000.0,70520000.0,28834000.0,0.745025,30697000.0,0.43529495178672717,1301195000.0,441820000.0,123909000.0,118902000.0,859375000.0,5415000.0,-132546000.0,125862955.2,843720955.2,24.221249176580592,1.042110309330373,0.6277475705024996,1.8487664659816214,0.02283503971546945,24.221249176580592,0.03292517314743561,1.784783823028928,2.1630397195298,0.2848738291611969,0.06578676015673335,7.354201292705448,0.007603508105139422,0.05419633490752731,0.8720711173907925,0.011179723254393077,3.5687579448792106,0.43529495178672717,0.7738690476190478,1.1364136497249093,-0.3679551229806264,-0.5773990267131338,-0.06741402357516102,0.07627996448653447,-0.028569503402735664,-0.4275433546825232,-0.350658998709807,-0.5228185271352587,Marine Shipping,Industrials,GSL
2020Q2,2020,Q2,2020-08-06,2020-06-30,13516000.0,71376000.0,29682000.0,0.42,32916000.0,0.46116341627437796,1295471000.0,426018000.0,114182000.0,115130000.0,869453000.0,6071000.0,-146136000.0,76281873.92,832775873.92,23.67949589039147,0.991765829931382,0.640859579257274,1.9487791595660278,0.02362253918676893,23.67949589039147,0.03172635898013699,1.0687328222371666,1.4109550517904705,0.17905786591176898,0.06740159810594851,6.335035414264536,0.011942548775812769,0.05509656333487974,0.7326934769391124,0.010433270987926398,8.692100492251596,0.46116341627437796,19.999999999999996,0.4229977439652372,-0.3324515658588632,-0.6297616660234995,0.08212242751002696,8.010666666666667,0.4552853500686409,-0.31469589779577156,-0.3178043843564235,-0.5213995235103878,Marine Shipping,Industrials,GSL
2020Q1,2020,Q1,2020-04-02,2020-03-31,1500000.0,70947000.0,20396000.0,0.02,30418000.0,0.4287425824911554,1313167000.0,411416000.0,114229000.0,135371000.0,901751000.0,5991000.0,-158741000.0,64959930.6,828251930.6,23.433510256859787,0.8438217934417268,0.6474827649491649,2.0666503004258465,0.016165888200470963,23.433510256859787,0.0036459447372003033,0.9156120850775932,10.826655100000002,0.1578935447333113,0.586,6.764980804540143,0.01353141839717421,0.05402740093225005,0.7034815433142992,0.0011422766487430768,-21.056703598055105,0.4287425824911554,-0.9230769230769231,-0.2541481974872381,-0.26113985369054316,-0.6311820524903919,0.0461908856405847,-0.8284341759121583,-0.25406868302673447,-0.921765045691398,-0.29431668612090217,-0.5167431437988008,Marine Shipping,Industrials,GSL
2019Q4,2019,Q4,2020-02-03,2019-12-31,8743000.0,67554000.0,27343000.0,0.26,29075000.0,0.43039642360185926,1351825000.0,406402000.0,161870000.0,129596000.0,945423000.0,5595000.0,-159362000.0,155025996.54,913890996.54,23.14792189756434,1.2490354640575327,0.6634653154069499,2.2069010487153116,0.020877286241110394,23.14792189756434,0.021513181529618456,2.2948455537791985,4.432860475237333,0.3814597283970059,0.08967173738991192,6.877390527256479,0.005057216321765178,0.04997244465814732,1.1129510170066976,0.006467553122630518,-5.733846082775456,0.43039642360185926,-0.3953488372093023,21.941365952851914,-0.27992392259328797,-0.6356361574893256,-0.0564966251298027,-0.1839649057308195,-0.017957835003411988,1.063355684146218,-0.3582601806747345,-0.5137247953760024,Marine Shipping,Industrials,GSL
2019Q3,2019,Q3,2019-10-03,2019-09-30,10714000.0,65947000.0,27843000.0,0.43,30816000.0,0.4672843343897372,1262504000.0,345592000.0,111020000.0,127223000.0,916912000.0,5313000.0,-167321000.0,76063567.5,858095567.5,34.757491488944424,0.8726409532867485,0.6880999980990159,2.513741637537906,0.0229288631259774,34.757491488944424,0.031001875043403782,1.1534045142311249,1.7748639047041255,0.2200964359707401,0.07140190405077469,6.61227178618483,0.010057377337711646,0.05223508202746288,0.7356924455483679,0.008486309746345358,7.142119014084507,0.4672843343897372,0.19444444444444448,0.1046833815377581,0.33472088071940825,-0.4547624356941776,0.0538627269929209,0.17298007444712066,0.041755528117633854,1.324786301004085,0.11333206210664484,-0.37452831010571414,Marine Shipping,Industrials,GSL
2019Q2,2019,Q2,2019-06-30,2019-06-30,9134000.0,63087000.0,26727000.0,0.36,29241000.0,0.46350278187265204,1236339000.0,335211000.0,99535000.0,104163000.0,901128000.0,5963000.0,-177270000.0,72268015.5,862100015.5,32.886553941695,0.955569636051189,0.6998331363808794,2.581153363105626,0.022401642427425223,32.886553941695,0.027248509147969488,1.1455294355413952,1.9779947312239983,0.21558963011357024,0.08386249178892052,5.676002012409861,0.010599433161410111,0.05102726679333096,0.7903478202432725,0.007387941333242744,-5.483157473444613,0.46350278187265204,-0.18181818181818185,3.699767226706284,0.27243793587798065,-0.4325167515373382,-0.064288,-0.1556664817896099,-0.08547476475620189,-0.09085854221295983,0.034267671461142596,-0.44255781045257225,Marine Shipping,Industrials,GSL
2019Q1,2019,Q1,2019-05-07,2019-03-31,10818000.0,64514000.0,29225000.0,0.44,31250000.0,0.48439098490250176,1239230000.0,326414000.0,116302000.0,107434000.0,912816000.0,5327000.0,-186067000.0,57410797.92,831383797.92,32.86268417012798,1.082543701249139,0.7036135342107599,2.671267163785867,0.024351622250791564,32.86268417012798,0.033141960822758824,0.8898967343522336,1.3267424181919025,0.17588338098243333,0.07080791273802921,6.244415243101183,0.013342437794844708,0.05205974677824133,0.9381573803451422,0.00872961435730252,2.407464164045792,0.48439098490250176,1.0859375,3.070004334523901,0.3141665443717516,-0.43609103192369086,0.5514844603316453,1.150802944128471,1.520008540773296,0.4130177914341413,0.052687715418991636,-0.43454889791248746,Marine Shipping,Industrials,GSL
2018Q4,2018,Q4,2019-03-01,2018-12-31,-71736000.0,50128000.0,-56201000.0,-5.12,20142000.0,0.401811362910948,1233487000.0,316362000.0,98972000.0,95516000.0,917125000.0,5769000.0,-196119000.0,42354625.44,837513625.44,37.048032031894174,1.0361824196993175,0.7111692299959383,2.77282985946479,-0.04708345180588465,37.048032031894174,-0.2267528969977431,0.8449294893073731,-0.14760589327534293,0.13388025565649478,-0.010664101706256273,5.197781244583116,0.018061781731105307,0.04063926089208885,0.8878407806022027,-0.05815707826673487,7.497720913436006,0.401811362910948,-9.0,-8.326559673744043,0.12074773477117577,-0.3615755237564572,0.21410488245931283,-16.493736501079912,-4.683862087047719,-9.274851193709454,-0.07924399743836605,-0.35515866820740954,Marine Shipping,Industrials,GSL
2018Q3,2018,Q3,2018-10-30,2018-09-30,4630000.0,35859000.0,15256000.0,0.64,16590000.0,0.4626453609972392,693261000.0,264047000.0,105578000.0,62587000.0,429214000.0,3323000.0,-123618000.0,58846629.28,364227629.28,38.05007334143099,1.6868998354290827,0.5768678751581294,1.5145788439179388,0.02291271179790959,38.05007334143099,0.017534757069764095,1.641056060682116,3.1774637840172786,0.2228642222028654,0.1654427645788337,5.798675895275354,0.013016888297123549,0.051725107859810375,1.5511368175499705,0.006678581371229594,2.9544446872175922,0.4626453609972392,0.0,-0.3694506649330362,-0.01679164159324576,-0.33278700382913634,-0.003184522021270204,-0.03239289446185998,0.004080558115045413,1.1141270194108777,-0.15519421214483076,-0.3361202012952722,Marine Shipping,Industrials,GSL
2018Q2,2018,Q2,2018-07-30,2018-06-30,4785000.0,35009000.0,15194000.0,0.64,16643000.0,0.47539204204633095,671843000.0,260139000.0,76515000.0,53620000.0,411704000.0,2608000.0,-127481000.0,73280708.16,394613708.15999997,37.486917211581705,1.4269861991794106,0.5818799927959359,1.5027812054324803,0.02318671556512423,37.486917211581705,0.0183940124318153,2.0931962683881284,3.828668137931035,0.2816982773055943,0.15987460815047022,7.04217791411043,0.010439309597414239,0.0521089004425141,1.3285341290563222,0.007122199680580136,-6.708230333211278,0.47539204204633095,-0.11111111111111106,-0.5319795336553553,-0.033078430087670294,-0.32914399222790475,-0.04460390355912744,-0.03489310205728116,-0.0191724226970499,0.30607383107957237,-0.15113224142560294,-0.41387714339126636,Marine Shipping,Industrials,GSL
2018Q1,2018,Q1,2018-04-30,2018-03-31,4958000.0,36102000.0,15491000.0,0.72,17420000.0,0.48252174394770375,689091000.0,256074000.0,97105000.0,65684000.0,433017000.0,2525000.0,-131501000.0,60957256.800000004,369414256.8,36.967726539820276,1.478366116558066,0.5801048047355138,1.5610526644641782,0.0235495993304399,36.967726539820276,0.01936159079016222,1.688473126142596,3.073681766841468,0.23804547435506926,0.15449778136345302,7.398811881188119,0.012566182276102686,0.052390758259794425,1.4057609159003714,0.007194985858181285,3.2444782201405156,0.48252174394770375,1.0432692307692306,-0.32076182785314955,0.01618232795790833,-0.3212680718364281,0.030891229731329153,1.0500509797191573,1.2146073175124337,5.248400992490325,-0.04707097946994681,-0.41816821820274486,Marine Shipping,Industrials,GSL
2017Q4,2017,Q4,2018-03-06,2017-12-31,-99059000.0,37871000.0,-72183000.0,-16.64,16898000.0,0.44619893850175596,675184000.0,251605000.0,77388000.0,57036000.0,423579000.0,742000.0,-135693000.0,64243899.519999996,389492899.52,36.34421972273205,1.35682726698927,0.5902316998033129,1.5838914171022038,-0.111040359900318,36.34421972273205,-0.3937083921225731,1.6963877246441867,-0.16213544332165677,0.2553363387850003,-0.0077226703277844515,28.265498652291104,0.011907745415762708,0.05608989549515391,1.3277228417140052,-0.14671408090239105,5.823941575559786,0.44619893850175596,-11.947368421052632,-13.088891353682696,0.037729886322986975,-0.3197899123795352,-0.20179499291450165,-11.271567814184985,-4.628380416205891,-600.725446037548,0.023750192932566125,-0.4279175638388392,Marine Shipping,Industrials,GSL
2017Q3,2017,Q3,2017-10-10,2017-09-30,9644000.0,41216000.0,19894000.0,1.52,21170000.0,0.5136354813664596,764998000.0,351389000.0,70227000.0,35880000.0,413609000.0,629000.0,-35869000.0,86949049.2,416397049.2,50.758989093120526,1.9572742474916387,0.5163542911223298,1.1241387749758813,0.026611913329818913,50.758989093120526,0.02744536681569429,2.1095945555124223,2.253967472003318,0.24744385623909684,0.07942762339278307,31.869634340222575,0.008809757059425095,0.05387726503860141,1.8668896321070234,0.0126065689060625,8.853380429691478,0.5136354813664596,0.35714285714285704,-0.008945511045666099,-0.10435196798525859,-0.1593776884854862,0.06649874055415617,0.2707866649097378,0.07355242566510173,0.4281816145216646,0.19812273681996567,-0.20374841813420685,Marine Shipping,Industrials,GSL
2017Q2,2017,Q2,2017-07-05,2017-06-30,7589000.0,40259000.0,18531000.0,1.12,19850000.0,0.4930574529918776,766420000.0,342511000.0,62263000.0,45640000.0,423909000.0,674000.0,-44747000.0,67565503.2,405000503.2,49.476540566932385,1.3642199824715162,0.5178192113984499,1.1586985527472111,0.025043158752349592,49.476540566932385,0.022156952623419393,1.6782707767207334,2.2257709579654765,0.19726520666489544,0.10080379496639874,30.280415430267063,0.011322345927559081,0.052528639649278466,1.3253943908851884,0.009901881474909318,2.6378349027875383,0.4930574529918776,0.0,-0.13408365594489288,-0.12022009151520192,-0.16077289282504467,0.011104319478402609,0.003835978835978836,0.005262015840295107,4.302741340241004,0.19559588574948159,-0.14624353730111922,Marine Shipping,Industrials,GSL
2017Q1,2017,Q1,2017-04-12,2017-03-31,7560000.0,39642000.0,18434000.0,1.12,19632000.0,0.4952323293476616,773362000.0,335687000.0,60479000.0,39492000.0,437675000.0,601000.0,-51571000.0,81964708.8,443040708.8,48.49079729787316,1.5314240858908132,0.5406174598700221,1.2454846330063423,0.024423105697877152,48.49079729787316,0.02252097936470581,2.0676229453609807,2.7104731746031745,0.244170041735307,0.10132275132275133,33.29450915141431,0.009345485529255,0.05125930676707674,1.478729869340626,0.009775499701304176,12.678222552204176,0.4952323293476616,1.1217391304347828,-0.18470724490313617,-0.11376457644184557,-0.15912103914597048,-0.00833459615093196,1.1392085734803985,1.4105385060799074,3.0809402550394833,0.15862405458536882,-0.1679195976846877,Marine Shipping,Industrials,GSL
2016Q4,2016,Q4,2017-02-02,2016-12-31,-54307000.0,41426000.0,-44902000.0,-9.2,19797000.0,0.4778882827209965,776257000.0,328893000.0,56929000.0,48715000.0,447364000.0,553000.0,-58365000.0,82909824.0,448539824.0,47.60251330409289,1.1686133634404188,0.5408943172171072,1.2766249205668714,-0.05998346404020183,47.60251330409289,-0.16512057112799602,2.0013958383623813,-0.38167190233303255,0.25208752998695627,-0.014086581840278417,39.1121157323689,0.009226892099059334,0.05336634645484679,1.1337370419788566,-0.06996007765469425,3.2838174904942967,0.4778882827209965,-1.346938775510204,-5.96506976994042,0.03568750770994398,-0.022880786157758185,0.052248325714893164,-1.3695187399101183,-2.7783574554022215,-7.8550901205197015,0.14470851885000569,-0.17969705926946683,Marine Shipping,Industrials,GSL
2016Q3,2016,Q3,2016-10-28,2016-09-30,-22919000.0,41154000.0,-11884000.0,-3.92,18814000.0,0.45716090780969043,844588000.0,383882000.0,52879000.0,37436000.0,460706000.0,590000.0,-3293000.0,91739222.72,482477222.72,55.57004745461615,1.412517362966129,0.5203531189171525,1.1448413835501534,-0.014444149276235638,55.57004745461615,-0.059703242142116586,2.229169041162463,-1.000689632182905,0.23897766167728623,-0.03342205157293075,37.86440677966102,0.008349754633717918,0.048726716458202105,1.3559675178972113,-0.027136307880291928,16.043935417978314,0.45716090780969043,-4.769230769230769,-19.940347824785647,-0.09098648742727554,0.014575989709559607,-0.016981033491822978,-4.366480611045828,-1.663132637687629,-4.135468946226006,0.13351742092769256,-0.02557197388684127,Marine Shipping,Industrials,GSL
2016Q2,2016,Q2,2016-06-30,2016-06-30,6808000.0,41333000.0,17921000.0,1.04,19139000.0,0.46304405680690974,883405000.0,407482000.0,55172000.0,46493000.0,475923000.0,536000.0,20392000.0,70175191.12,465120191.12,58.99545200982133,1.186673262641688,0.503953452833072,1.0925513274205978,0.020989589468185906,58.99545200982133,0.016707486465659834,1.697800573875596,2.5769385693301996,0.1722166650796845,0.1123678025851939,41.406716417910445,0.010901288443829748,0.04678827944147928,1.1379992687071172,0.007706544563365614,2.6819227669494765,0.46304405680690974,0.3,1.4972265010674637,-0.08963198195335183,0.07397937517962194,-0.05598303245536155,0.27897801991358256,-0.025237965732934457,-0.3309812443685027,0.1469495465890357,0.05576708771857571,Marine Shipping,Industrials,GSL
2016Q1,2016,Q1,2016-04-15,2016-03-31,5323000.0,42610000.0,18385000.0,0.8,20274000.0,0.4758038019244309,870118000.0,401357000.0,33788000.0,33929000.0,468761000.0,576000.0,14349000.0,63534657.199999996,483205657.2,58.11764102821035,0.9958442630198355,0.5173930432424108,1.1216772100648549,0.02156573314109065,58.11764102821035,0.013262506945188449,1.491073860596104,2.983968495209468,0.15829961156775638,0.14390381363892543,38.77777777777778,0.012056411945195796,0.04897036953608591,0.9307671903091751,0.00611756106643007,8.96748866619619,0.4758038019244309,-0.23076923076923075,-0.5147271281571861,0.07673570274208245,0.18197039747924856,-0.02739266011033821,-0.240764512908287,-0.0529542059444702,-0.2685377675323139,0.20301706829283347,0.06704691490577395,Marine Shipping,Industrials,GSL
2015Q4,2015,Q4,2016-02-02,2015-12-31,7011000.0,44029000.0,19413000.0,1.04,20845000.0,0.47343796134365984,904920000.0,396766000.0,57631000.0,53632000.0,508154000.0,610000.0,9792000.0,143643344.0,568125344.0,57.45294261598365,1.0745636933174225,0.5283041594837112,1.2049243130711804,0.022193534272625298,57.45294261598365,0.017670364900218265,3.2624711894433216,5.122070460704608,0.36203541634111797,0.7871915561260876,38.006557377049184,0.03842155053143291,0.04865512973522521,1.0426610978520285,0.007747646200769129,3.8441229962266172,0.47343796134365984,1.1511627906976745,4.6676601917015175,0.09085590894653407,0.21255794518026644,0.1634851529359232,1.1738925541941565,1.6866996816413158,-0.1423022947479448,0.209422709712366,0.07527610797566657,Marine Shipping,Industrials,GSL
2015Q3,2015,Q3,2015-11-05,2015-09-30,-40318000.0,42184000.0,-28270000.0,-6.88,17916000.0,0.4247107908211644,906353000.0,395274000.0,30976000.0,16372000.0,511079000.0,750000.0,8300000.0,256000121.6,722434121.6,57.31470277551618,1.8920107500610799,0.5409194872196594,1.2403143136153656,-0.031931223719228526,57.31470277551618,-0.10200013155431423,6.068654504077375,-1.5873810804107347,0.6476523161148975,-0.1369115531524381,32.35733333333334,0.021562489757817365,0.04654257226489017,1.5837405326166627,-0.04448377177545614,-5.493564841201716,0.4247107908211644,-15.333333333333332,-8.710173531595537,-0.10532766512620223,0.03855416784426735,0.060369318181818184,-12.073331502334524,-2.8289448146470852,-5.158936654929397,-0.07984225320409287,-0.05080816636177506,Marine Shipping,Industrials,GSL
2015Q2,2015,Q2,2015-07-31,2015-06-30,3641000.0,40987000.0,15457000.0,0.48,16896000.0,0.4122282674994511,927031000.0,441086000.0,48731000.0,18318000.0,485945000.0,620000.0,54137000.0,319448427.6,733008427.6,63.95743962021618,2.6602795064963423,0.49076244483733555,1.0314360464852659,0.017160833294089534,63.95743962021618,0.008254626081988547,7.793896298826458,21.934113402911287,0.7242316183238643,0.21010711343037627,38.85645161290323,0.002394752748502807,0.0442131924390878,2.413636859919205,0.0039275924969067915,13.209627738493984,0.4122282674994511,3.3636363636363638,1.7224927090242796,0.017183056372015962,0.3279964340710848,0.18153846153846154,3.608860759493671,0.22170407840657602,-0.5829817543539622,-0.10091617985468541,0.08485388064226193,Marine Shipping,Industrials,GSL
2015Q1,2015,Q1,2015-04-21,2015-03-31,790000.0,37719000.0,12652000.0,0.11,14300000.0,0.379119276757072,915458000.0,438185000.0,24912000.0,8943000.0,477273000.0,624000.0,51261000.0,299034624.8,735468624.8,63.53679482002246,2.7856424018785644,0.497158799202148,1.0386663167383638,0.013968510684126434,63.53679482002246,0.001802891472779762,7.927957390174713,94.63121037974683,0.6824392090098931,0.9696202531645569,37.530448717948715,0.0025615762740261775,0.041202327141168685,2.247120653024712,0.0008629560285671216,-5.554650781090369,0.379119276757072,1.6875,-0.7633046898152159,-0.052921226502605334,0.30078486109091396,0.07526881720430108,5.817073170731708,0.08993797381116471,-0.9144811459484996,-0.15355896011255785,0.101791617821048,Marine Shipping,Industrials,GSL
2014Q4,2014,Q4,2014-12-31,2014-12-31,-164000.0,36852000.0,11608000.0,-0.16,13299000.0,0.360875936177141,886627000.0,438136000.0,39845000.0,19982000.0,448491000.0,553000.0,51237000.0,248275980.0,629762980.0,63.529689823397334,1.9940446401761585,0.4678201769176892,0.9466969160260741,0.015183665684986695,63.529689823397334,-0.0003743129987035989,6.737110061869098,-378.4694817073171,0.5666641864626508,-4.664634146341464,42.59132007233273,0.0030812485364069453,0.041564265469019104,1.7783505154639174,-0.00018497068101918846,-8.196902505860214,0.360875936177141,-1.1538461538461537,-1.01301852313269,-0.0943156844373381,0.311110205022564,0.13715262932877298,-1.024412027389104,0.15147306814800118,-1.0150212451669343,-0.07698375917602913,0.30405048530372747,Marine Shipping,Industrials,GSL
2014Q3,2014,Q3,2014-10-31,2014-09-30,6718000.0,34224000.0,10081000.0,1.04,11695000.0,0.3417192613370734,877495000.0,439040000.0,75851000.0,9756000.0,438455000.0,328000.0,52166000.0,220940734.39999998,571024734.4,63.74742637770466,7.7748052480524805,0.4722944290280856,0.9439595481049563,0.011783632486499352,63.74742637770466,0.015301567055393586,6.455725058438522,8.221968383447454,0.5032360021865889,0.051949985114617445,68.6859756097561,0.0015796091243552959,0.03900193163493809,7.377613776137761,0.007655884079111562,-44.7067451234318,0.3417192613370734,3.5999999999999996,2.6852093082832513,-0.11166740400602371,0.36176260608619104,0.03321848219807404,3.9387576552930885,0.035648243271008836,7.156640197016132,-0.2417636503222199,0.16387534600214507,Marine Shipping,Industrials,GSL
2014Q2,2014,Q2,2014-07-02,2014-06-30,-2286000.0,33500000.0,9734000.0,-0.4,11319000.0,0.3378805970149254,893115000.0,399123000.0,83137000.0,20172000.0,493992000.0,473000.0,45797000.0,227001452.8,568908452.8,57.95158540941285,4.121405909181043,0.4636043510634129,1.0374045093868307,0.012086682865585655,57.95158540941285,-0.005727557670191895,6.776162770149254,-24.82518075240595,0.5687506177293716,0.0,46.89429175475687,0.0,0.037509167352468606,3.9251933372992265,-0.0025595807930669625,13.001228682703323,0.3378805970149254,-2.25,-1.0980403372840832,-0.09643538728227069,0.22459742502277855,-0.09251984286057885,-2.240368963646229,-0.10302248433468485,0.8325599253301836,-0.26003132754123365,0.054976364590077875,Marine Shipping,Industrials,GSL
2014Q1,2014,Q1,2014-04-22,2014-03-31,1843000.0,34039000.0,10852000.0,0.32,12473000.0,0.3664326214048591,886219000.0,401359000.0,66109000.0,10832000.0,484860000.0,0.0,48084000.0,239672506.79999998,598243506.8,58.27657659397419,6.103120384047267,0.4668496161783938,1.0308252711412975,0.013170937849336482,58.27657659397419,0.004591899023069123,7.041114803607626,32.5111919153554,0.5971524415797328,0.0,0.0,0.0,0.038409241959380246,5.65001846381093,0.0020796214028360937,11.55215244613679,0.3664326214048591,-0.7647058823529411,-0.8386848776312711,-0.05081483603998645,0.3302540684661542,-0.12242313375079153,-0.7665019637653617,-0.15271705184259837,-0.8315237171130808,-0.13750167215564868,0.18520275740501171,Marine Shipping,Industrials,GSL
2013Q4,2013,Q4,2013-12-31,2013-12-31,7893000.0,36056000.0,12808000.0,1.36,14213000.0,0.39419236742844466,858247000.0,399466000.0,38388000.0,69181000.0,458781000.0,0.0,46241000.0,330970026.88,672800026.88,58.030406744244694,0.5548922391986238,0.42687711113467336,0.9171393810737334,0.016652561809286114,58.030406744244694,0.019758878102266526,9.179332895495895,10.483023783098949,0.828531156293652,0.0,0.0,0.0,0.042011215885403616,0.4575967389890288,0.009196653177931296,17.917389935036812,0.39419236742844466,0.13333333333333347,1.1342161584254191,0.017503549320188758,0.005071798857406539,-0.04225067385444744,0.08659140969162996,-0.047732342007434946,5.401236977692471,-0.10380177899942816,0.22474546221415848,Marine Shipping,Industrials,GSL
2013Q3,2013,Q3,2013-09-30,2013-09-30,7264000.0,36080000.0,13450000.0,1.2,14840000.0,0.4113082039911308,868375000.0,391499000.0,38231000.0,78392000.0,476876000.0,0.0,38348000.0,284485019.84,641909019.8399999,57.028375585907966,0.4876900704153485,0.4425231034979128,0.9815503998733075,0.017280407351580467,57.028375585907966,0.018554325809261325,7.884839796008868,9.790921662995594,0.7266558020327,0.0,0.0,0.0,0.041548870015834176,0.45179355036228186,0.008365049661724485,19.51869775917667,0.4113082039911308,-0.2857142857142857,1.0107271194342444,-0.9972526057565548,-0.9979379384008567,0.05009906594961789,-0.28278041074249605,0.05110972178805877,2.757504292674743,-0.23126735012702437,0.03336586045132075,Marine Shipping,Industrials,GSL
2013Q2,2013,Q2,2013-06-30,2013-06-30,10128000.0,35867000.0,12796000.0,1.68,14132000.0,0.3940112080742744,880900000.0,384134000.0,40223000.0,75006000.0,496766000.0,0.0,31084000.0,219979552.0,589101552.0,55.87923008407618,0.5362637655654214,0.454170734476104,1.0415089526050805,0.01629125892417024,55.87923008407618,0.02636579943457231,6.133201884740848,5.429984992101106,0.5726635809379019,0.0,0.0,0.0,0.04071631286184584,0.5113990880729542,0.011497332273810876,11.869613770031835,0.3940112080742744,0.4,-0.9976082782906573,-0.997156859973725,0.0,0.03957628365455348,0.4000552944429085,0.05699653064596068,3.0162127262774936,-0.1070073023599456,0.16026249222826572,Marine Shipping,Industrials,GSL
2013Q1,2013,Q1,2013-04-12,2013-03-31,7234000.0,35209000.0,12106000.0,1.2,13594000.0,0.38609446448351276,888604000.0,373905000.0,37952000.0,74931000.0,514699000.0,0.0,20957000.0,240547532.64,625326532.64,54.46587232140815,0.5064926398953704,0.46238369397391865,1.0988780572605341,0.015379188497600185,54.46587232140815,0.019347160374961554,6.831989907126019,8.313088631462538,0.6433386358567016,0.0,0.0,0.0,0.0396228241151289,0.4779063404999266,0.008140859145356087,11.928371151443022,0.38609446448351276,-0.11764705882352951,-0.9792566935676288,-0.997316892735951,1.0067334922759132,1.8664117272147864,-0.10922300209333825,-0.08627066193674994,1.1773911887223254,-0.11187311256700073,0.11507642717085538,Marine Shipping,Industrials,GSL
2012Q4,2012,Q4,2013-02-28,2012-12-31,8121000.0,36168000.0,13249000.0,1.36,-15690000.0,-0.4338088918380889,903680000.0,366588000.0,44018000.0,75688000.0,537092000.0,0.0,13723000.0,161370179.04,560901179.04,53.43087434923627,0.5815717154634816,0.4710472733711048,1.161183672133294,0.01664507495410513,53.43087434923627,0.022152934629611445,4.461683782349038,4.967681906169191,0.4401949301122786,0.0,0.0,0.0,0.04002301699716714,0.5513027164147553,0.008986588172804533,18.022133017645743,-0.4338088918380889,-0.055555555555555455,1.1385512520133054,0.024049911985730858,-0.07459092552307552,-1.5552409937008989,-0.02660913340524991,-0.20953403734860687,-0.3520020645746266,-0.1065165367081943,0.10269332051361499,Marine Shipping,Industrials,GSL
2012Q3,2012,Q3,2012-11-14,2012-09-30,8343000.0,39454000.0,16761000.0,1.44,28258000.0,0.7162264916104831,907845000.0,358385000.0,39550000.0,71906000.0,549460000.0,0.0,5602000.0,159064244.4,566502244.4,60.382633672511254,0.5500236419770256,0.481090935126591,1.2186782370913962,0.021023841645462508,60.382633672511254,0.02327943412810246,4.031637968266843,4.7663983099604454,0.44383622194009237,0.0,0.0,0.0,0.04345896050537262,0.5239201179317442,0.009189894750755911,6.290356483568632,0.7162264916104831,0.12499999999999993,1.0142505428128605,-0.9965250594542905,-0.9978166533962789,0.008745939385285404,0.11032738887410168,0.008301750586536726,3.4285092066434424,0.18833676073010117,0.2898844277262482,Marine Shipping,Industrials,GSL
2012Q2,2012,Q2,2012-07-25,2012-06-30,7514000.0,39233000.0,16623000.0,1.28,28013000.0,0.7140162618204063,929299000.0,349911000.0,51657000.0,73789000.0,579388000.0,0.0,-2741000.0,151941964.8,579236964.8,58.954888544392446,0.7000636951307105,0.49473420287765296,1.3139226831965842,0.020319731140610472,58.954888544392446,0.02147403196812904,3.8728102566716798,5.055295608198031,0.43423031799514733,0.0,0.0,0.0,0.04221784377256405,0.6366125032186369,0.008085664570821662,7.9986294377763745,0.7140162618204063,-0.058823529411764754,-0.9979448065563641,-0.9963979538139898,0.0,0.04945116697261454,-0.054842767295597485,0.09369037436673465,-0.6260587097329275,0.22791862266403143,0.2457986126509212,Marine Shipping,Industrials,GSL
2012Q1,2012,Q1,2012-04-13,2012-03-31,7950000.0,38350000.0,15199000.0,1.36,26693000.0,0.6960365058670144,937521000.0,342263000.0,50277000.0,82886000.0,595258000.0,0.0,-10255000.0,166185124.0,607865124.0,57.666798142534105,0.6065801220954081,0.5032676601377463,1.378542232143118,0.018693508577560324,57.666798142534105,0.023227751758150894,4.333380026075619,5.225947295597485,0.48554802593327356,0.0,0.0,0.0,0.0409057503778582,0.5450739570011823,0.00847981005225483,7.5044083991871755,0.6960365058670144,-0.14092060464029207,-0.9951482538686534,-0.9989508558749094,0.0,-0.05491431808525705,-0.26795580110497236,-0.0790159364963946,-0.1925386647855688,0.2409216941523709,0.3163349209578388,Marine Shipping,Industrials,GSL
2011Q4,2011,Q4,2012-03-15,2011-12-31,10860000.0,39714000.0,16503000.0,1.58309,28244000.0,0.7111849725537593,939535000.0,334200000.0,45504000.0,70278000.0,605335000.0,0.0,-18205000.0,99332800.0,557130800.0,48.71720116618076,0.6474856996499616,0.5147354808495692,1.4470736086175942,0.020581224200942137,48.71720116618076,0.03249551166965889,2.5012036057813365,2.286666666666667,0.29722561340514664,0.0,0.0,0.0,0.042269846253731896,0.5771934317994252,0.011558909460531007,8.979642017718316,0.7111849725537593,10.8943125,1.1853073379162684,0.12461043721803489,-0.15623053915182855,0.04894897125454951,12.614973262032086,0.09683636847002526,1.1853073379162684,0.12461043721803489,-0.15623053915182855,Marine Shipping,Industrials,GSL
2011Q3,2011,Q3,2011-11-15,2011-09-30,-935000.0,38676000.0,15046000.0,-0.16,26926000.0,0.6961940221325886,954121000.0,323231000.0,50692000.0,71636000.0,630890000.0,0.0,-29065000.0,99143923.2,559542923.2,54.771695780543816,0.7076330336702217,0.5229452029669193,1.543642163035105,0.022998034006253894,54.771695780543816,-0.002892668091860001,2.563448215947875,-26.509070374331554,0.3067277680668005,0.0,0.0,0.0,0.04053573917773532,0.6409347255569825,-0.0009799595648769914,3.9799254626470235,0.6961940221325886,0.92,0.9983937922067981,-0.9965740671683884,-0.9980195366003565,-0.021584302325581395,0.9200376293508937,6.157944814462417,0.9983937922067981,-0.9965740671683884,-0.9980195366003565,Marine Shipping,Industrials,GSL
2011Q2,2011,Q2,2011-07-27,2011-06-30,-11693000.0,38774000.0,2102000.0,-2.0,27520000.0,0.7097539588383969,954498000.0,324021000.0,45045000.0,67413000.0,630477000.0,0.0,-28130000.0,251517242.08,728159242.08,54.93164335670264,0.6681945618797561,0.533215365563888,1.5707407853194701,0.0025399971319315768,54.93164335670264,-0.03608716718978091,6.486749937587043,-5.377517362524587,0.7762374725094978,0.0,0.0,0.0,0.04062240046600412,0.5932980285701571,-0.01225041854461717,12.59790844377661,0.7097539588383969,-2.25,-1.0032180639575043,-0.9964180000841615,0.0,-0.019279426962688428,-2.078789556232125,-0.8708527893831408,-1.0032180639575043,-0.9964180000841615,0.0,Marine Shipping,Industrials,GSL
2011Q1,2011,Q1,2011-05-16,2011-03-31,10839000.0,39104000.0,16276000.0,1.6,28061000.0,0.7175992225859247,972144000.0,335539000.0,41476000.0,66332000.0,636605000.0,0.0,-16437000.0,384329989.12,898502989.12,49.17013247722281,0.6252789000783935,0.5582629733866588,1.617433442908276,0.018499858523907613,49.17013247722281,0.03230324939872861,9.828406022913256,8.864516770919826,1.1454107842009424,0.0,0.0,0.0,0.04022449349067628,0.542362660555991,0.01114958277786007,20.467035313664926,0.7175992225859247,7.91067052795723,-0.9942467579963044,-0.9990695705341605,0.0,-0.020626832332821445,7.833740831295843,22.05562742561449,-0.9687331682602313,-0.9970022134248068,1.0060787919687992,Marine Shipping,Industrials,GSL
2010Q4,2010,Q4,2010-12-31,2010-12-31,1227000.0,40035000.0,-773000.0,0.17956,28652000.0,0.715673785437742,981022000.0,324564000.0,40978000.0,71383000.0,656458000.0,0.0,-27276000.0,271260000.0,775669000.0,47.38160583941606,0.574058249162966,0.5430754865843987,1.64149135455565,-0.0019861832762606306,47.38160583941606,0.0037804562428365436,6.775571375046834,55.26894865525673,0.8357673679151107,0.0,0.0,0.0,0.04080948235615511,0.5038314444615665,0.0012507364768578075,12.825531914893617,0.715673785437742,1.2805625,1.0209672222561275,0.13535546654420275,-0.17936270852525918,-0.015530511269928533,1.3479863868406126,-1.0462791115368497,1.0209672222561275,0.13535546654420275,-0.17936270852525918,Marine Shipping,Industrials,GSL
2010Q3,2010,Q3,2010-11-12,2010-09-30,-3526000.0,40040000.0,16703000.0,-0.64,29104000.0,0.7268731268731269,1012748000.0,323206000.0,58959000.0,79785000.0,689542000.0,0.0,-28503000.0,122753476.64,646559476.64,55.187013398140444,0.7389734912577552,0.546178318792039,1.7114193424627018,0.022804499705358132,55.187013398140444,-0.010909450938410796,3.065771144855145,-8.703451264889393,0.37979949827664095,0.0,0.0,0.0,0.03953599513403137,0.4622422761170646,-0.003481616354710155,6.7096734976769605,0.7268731268731269,0.11111111111111106,0.9938963907633371,-0.9964260731687419,-0.9980045193304116,-0.011916482770327618,0.28825191764230923,-0.04214932905149673,0.9938963907633371,-0.9964260731687419,-0.9980045193304116,Marine Shipping,Industrials,GSL
2010Q2,2010,Q2,2010-07-26,2010-06-30,-4954000.0,39611000.0,17438000.0,-0.72,29455000.0,0.7436065739314837,1008250000.0,326509000.0,44162000.0,85008000.0,681741000.0,0.0,-24977000.0,149150144.0,696310144.0,48.16085192649898,0.5195040466779597,0.5737555169848748,1.7717398295299671,0.019327070461352704,48.16085192649898,-0.015172629238397716,3.765371841155235,-7.526753330641905,0.4568025506188191,0.0,0.0,0.0,0.03928688321348872,0.45412196499153024,-0.004913463922638235,5.997914666023243,0.7436065739314837,-2.5,-1.0011862447241657,-0.9968161665444872,0.0,-0.0035183869549037516,-2.5099055166107895,-0.052488589437078896,-1.0011862447241657,-0.9968161665444872,0.0,Marine Shipping,Industrials,GSL
2010Q1,2010,Q1,2010-05-11,2010-03-31,3281000.0,39151000.0,18404000.0,0.48,29559000.0,0.7549998722893413,1028298000.0,331147000.0,54860000.0,101673000.0,697151000.0,0.0,-23305000.0,130709762.56,690446762.56,48.84496792708427,0.5395729446362357,0.584551365460207,1.8151847970840744,0.01957464769570633,48.84496792708427,0.009907986483344256,3.3386059758371434,9.95959787869552,0.3947182446466373,0.0,0.0,0.0,0.03807359345248167,0.48787780433350053,0.003190709308002155,6.867533366258604,0.7549998722893413,-0.7372627153898365,-0.9982470469356675,-0.9990623391959741,0.0,-0.015782639096993307,-0.7342889536767088,0.03034374650095174,-0.9982470469356675,-0.9990623391959741,0.0,Marine Shipping,Industrials,GSL
2009Q4,2009,Q4,2010-03-02,2009-12-31,12348000.0,39884000.0,17862000.0,1.82692,30033000.0,0.7530087253033798,1027358000.0,327555000.0,44160000.0,94481000.0,699803000.0,0.0,-23305000.0,77658880.0,661447880.0,48.45488165680474,0.46739556101226704,0.5982325537933223,1.8763230602494239,0.01873864007734821,48.45488165680474,0.03769748591839538,1.9471186440677966,1.5722967282150955,0.23708653508571076,0.0,0.0,0.0,0.03882191018126106,0.4155438659624686,0.012019179292904712,4.601462345203531,0.7530087253033798,4.262357142857143,1.213814341742238,0.14613191408477477,-0.16077384594486765,0.09858073011924794,4.171846904700745,0.10724026779072651,1.213814341742238,0.14613191408477477,-0.16077384594486765,Marine Shipping,Industrials,GSL
2009Q3,2009,Q3,2009-11-10,2009-09-30,-3893000.0,37623000.0,16132000.0,-0.56,27338000.0,0.7266299869760519,1028201000.0,314848000.0,36067000.0,85471000.0,713353000.0,0.0,-35653000.0,86627453.92,683121453.92,46.81243712582151,0.4219793848205824,0.6088653872151457,1.988375343022665,0.018327219963944263,46.81243712582151,-0.012364696615509707,2.3025131945884167,-5.563026837914205,0.2751405564589897,0.0,0.0,0.0,0.03659109454279854,0.3566472838740625,-0.0037862246778596793,-1.3870823486461819,0.7266299869760519,-1.1666666666666667,0.9941319790866443,-0.9970757947910536,-0.9983073316052278,0.06435662838232431,-1.1710306651436604,0.12779642058165547,0.9941319790866443,-0.9970757947910536,-0.9983073316052278,Marine Shipping,Industrials,GSL
2009Q2,2009,Q2,2009-07-31,2009-06-30,22762000.0,36193000.0,14304000.0,3.36,25685000.0,0.7096676152847236,966115000.0,318165000.0,47660000.0,21738000.0,647950000.0,0.0,-31761000.0,96815059.2,625516059.2,47.322968532564815,2.1924740086484498,0.589406023092489,1.789744315056653,0.016099117987955644,47.322968532564815,0.07154149576477614,2.674966407868925,1.0633408663562076,0.3042919843477441,0.0,0.0,0.0,0.037462413894826185,1.9639801269666022,0.023560342195287312,5.339752865258397,0.7096676152847236,1.0,-0.9945039676090112,-0.9970665432386754,0.0,0.05760520464465124,1.040885860306644,0.06618962432915922,-0.9945039676090112,-0.9970665432386754,0.0,Marine Shipping,Industrials,GSL
2009Q1,2009,Q1,2009-03-31,2009-03-31,11153000.0,35008000.0,13416000.0,1.68,24286000.0,0.6937271480804388,959381000.0,294537000.0,32127000.0,18382000.0,664844000.0,0.0,-54526000.0,108648010.88,653010010.88,43.80860617187951,1.7477423566532477,0.5938672956833625,1.9343749681703826,0.015486608779371417,43.80860617187951,0.0378662103572726,3.1035195063985372,2.4353987913565858,0.36887729174942363,1.1092082847664306,0.0,0.11386310618851156,0.03649019524047276,1.4935806767489936,0.011625204168104225,6.49886415121426,0.6937271480804388,1.1966510136295956,-0.9939913579514514,-0.9991545444567256,0.0,0.321255644415429,1.2554804718818005,0.35858227848101265,-0.9939913579514514,-0.9991545444567256,0.0,Marine Shipping,Industrials,GSL
2008Q4,2008,Q4,2008-12-31,2008-12-31,-43655000.0,26305000.0,9875000.0,-8.543052837573386,18381000.0,0.6987644934423114,966608000.0,295039000.0,33000000.0,19020000.0,671569000.0,0.0,-53308000.0,116916800.0,660609800.0,57.737573385518594,1.7350157728706626,0.5897488951053581,1.9321377851741635,0.01143903831820756,57.737573385518594,-0.14796348957256497,4.4446607108914655,-0.6695498797388615,0.3962757465962127,-0.35789714809300194,0.0,0.13363348979787337,0.027213720556833795,1.5096740273396425,-0.045163085759687485,-0.4826127516944745,0.6987644934423114,0.9133915973482017,0.0,0.0,0.0,0.14709186220668996,-34.40551500405515,0.05030844501169964,0.0,0.0,0.0,Marine Shipping,Industrials,GSL
2008Q3,2008,Q3,2008-11-17,2008-09-30,-1233000.0,23912000.0,9402000.0,-98.64,16024000.0,0.6701237872198059,720300000.0,345700000.0,35200000.0,13500000.0,374600000.0,0.0,-1800000.0,637000.0,305137000.0,27656.0,2.6074074074074076,0.4638345133971956,0.9664448944171247,0.013943625379692983,27656.0,-0.0035666763089383857,0.02663934426229508,-0.12915652879156528,0.0018426381255423779,0.0,0.0,0.0,0.033197278911564626,2.1925925925925926,-0.0017117867555185339,-0.06425905376777968,0.6701237872198059,-1.1601298701298701,0.0,0.0,0.0,-0.005831989080531084,-1.1601298701298701,0.06105405710416432,0.0,0.0,0.0,Marine Shipping,Industrials,GSL
2008Q2,2008,Q2,2008-08-14,2008-06-30,7700000.0,22939000.0,8861000.0,616.0,16118000.0,0.7026461484807534,,,,,,,,764000.0,,,0.0,0.0,0.0,0.0,,0.0,0.03330572387636776,0.024805194805194806,0.0,0.0,0.0,0.0,0.0,0.0,0.0,0.07619427545626807,0.7026461484807534,11.833333333333334,0.0,0.0,0.0,0.0,11.125984251968504,0.032389607363392754,0.0,0.0,0.0,Marine Shipping,Industrials,GSL
2008Q1,2008,Q1,2008-03-31,2008-03-31,635000.0,23894000.0,8583000.0,48.0,0.0,0.0,485905000.0,-101110000.0,8815000.0,410140000.0,587015000.0,0.0,-102396000.0,764000.0,397576000.0,-8088.8,0.02149266104257083,0.8254699992796946,-3.9669666699634063,0.011941477829157795,-8088.8,-0.006280288794382356,0.03197455428140956,0.30078740157480316,-0.0075561269904064875,0.0,0.0,0.0,0.04917422129840195,0.010454966596771835,0.0013068398143670059,0.19619928094504366,0.0,0.0,-0.8159953636627064,-0.6896278495810874,0.0,0.0,0.0,0.0,-0.8159953636627064,-0.6896278495810874,0.0,Marine Shipping,Industrials,GSL
2007Q1,2007,Q1,2007-03-31,2007-03-31,3451000.0,76985000.0,5949000.0,280.0,0.0,0.0,,,,,,,,764000.0,,,0.0,0.0,0.0,0.0,,0.0,0.009924011171007338,0.05534627644161113,0.0,0.0,0.0,0.0,0.0,0.0,0.0,0.13008683807253532,0.0,0.0,0.0,0.0,0.0,0.0,0.0,0.0,0.0,0.0,0.0,Marine Shipping,Industrials,GSL
