Quarters,Year,Quarter,FillingDate,Date,NetIncome,Revenue,OperatingIncome,EPSDiluted,GrossProfit,GrossProfitRatio,TotalAssets,CommonStockEquity,CurrentAssets,CurrentLiability,TotalLiability,Inventory,RetainedEarnings,MarketCap,EnterpriseValue,bookValuePerShare,currentRatio,debtToAssets,debtToEquity,roic,shareholdersEquityPerShare,roe,priceToSalesRatio,peRatio,pbRatio,payoutRatio,inventoryTurnover,dividendYield,assetTurnover,quickRatio,returnOnAssets,priceToFreeCashFlowsRatio,grossProfitMargin,epsdilutedGrowth,fiveYNetIncomeGrowthPerShare,fiveYRevenueGrowthPerShare,fiveYShareholdersEquityGrowthPerShare,grossProfitGrowth,netIncomeGrowth,operatingIncomeGrowth,threeYNetIncomeGrowthPerShare,threeYRevenueGrowthPerShare,threeYShareholdersEquityGrowthPerShare,Industry,Sector,Symbol
2023Q1,2023,Q1,2023-05-22,2023-03-31,169640.0,0.0,-352103.0,0.0269,-866046.0,0.0,56849932.0,50164921.0,56849932.0,6685011.0,6685011.0,0.0,-6605704.0,66452956.919999994,66676465.919999994,7.941482115766775,8.504089522066606,0.003999811292650271,0.0045328288267413,0.0034426503431390664,7.941482115766775,0.0033816459114926144,0.0,97.93232274227776,1.3246897552175951,0.0,0.0,0.0,0.0,0.0005804029342659271,0.002983996533188465,-1834.703393705135,0.0,-0.6568877551020408,0.0,0.0,0.0,0.9999996519566552,-0.8507336611256392,0.5497219835082765,0.0,0.0,0.0,Shell Companies,Financial Services,FATPU
2022Q4,2022,Q4,2023-03-13,2022-12-31,1136492.0,0.0,-781968.0,0.0784,-2488328000000.0,0.0,116946189.0,111193441.0,116946189.0,5752748.0,5752748.0,0.0,-5569569.0,147073500.0,147090700.0,7.673805452035887,20.32875227630343,0.000769584719002686,0.0008094002594991192,-0.04505149144126987,7.673805452035887,0.01022085466354081,0.0,32.352515459853656,1.3226814340604858,0.0,0.0,0.0,0.0,0.012654821660882764,0.009718076405208895,-472.61488924808236,0.0,12.529411764705882,8.664521348587193,0.0,0.0,-1983549.1824657507,12.461425200185563,0.37666064558917545,8.664521348587193,0.0,0.0,Shell Companies,Financial Services,FATPU
2022Q3,2022,Q3,2022-11-09,2022-09-30,-99158.0,0.0,-1254482.0,-0.0068,-1254482.0,0.0,116208331.0,111016179.0,400192.0,1167152.0,5192152.0,0.0,-4787601.0,144755100.0,144511109.0,7.661572049689441,0.3428790765898529,0.0,0.0,-0.001655513526752453,7.661572049689441,-0.0008931851275479405,0.0,-364.96071925613666,1.3039099463151222,0.0,0.0,0.0,0.0,0.20904817881475593,-0.0008532778945082689,-644.3153139118243,0.0,-1.34,0.0,0.0,0.0,-3.7734691004288385,-1.341672007553047,-3.7734691004288385,0.0,0.0,0.0,Shell Companies,Financial Services,FATPU
2022Q2,2022,Q2,2022-08-12,2022-06-30,290214.0,0.0,-262803.0,0.02,-262803.0,0.0,115909587.0,111692999.0,643381.0,191588.0,4216588.0,0.0,-3533119.0,144465300.0,143996644.0,7.708281504485853,3.358148735828966,0.0,0.0,0.008702665306193146,7.708281504485853,0.0025983186287262283,0.0,124.4472182596291,1.2934141019886125,0.0,0.0,0.0,0.0,2.446165730630311,0.002503796342575183,-1495.7632295538551,0.0,4.03030303030303,0.0,0.0,0.0,0.0,4.014677927015488,-1.0660125940425933,0.0,0.0,0.0,Shell Companies,Financial Services,FATPU
2022Q1,2022,Q1,2022-05-16,2022-03-31,-96267.0,0.0,-127203.0,-0.0066,0.0,0.0,115974597.0,111771463.0,857389.0,178134.0,4203134.0,0.0,-3228837.0,146349000.0,145783761.0,7.713696549344376,4.81316873814095,0.0,0.0,-0.0006927951971197602,7.713696549344376,-0.0008612842439040098,0.0,-380.06014522110377,1.309359259259226,0.0,0.0,0.0,0.0,3.6783488834248375,-0.0008300697091450121,-771.6631339175551,0.0,0.35294117647058826,0.0,0.0,0.0,0.0,0.4352351060397172,0.33589675317556034,0.0,0.0,0.0,Shell Companies,Financial Services,FATPU
2021Q4,2021,Q4,2022-04-28,2021-12-31,-170455.0,0.0,-191541.0,-0.0102,0.0,0.0,,,,,,,,168235700.0,,,0.0,0.0,0.0,0.0,,0.0,0.0,-246.74503534657242,0.0,0.0,0.0,0.0,0.0,0.0,0.0,-493.7855511790224,0.0,0.0,0.0,0.0,0.0,0.0,-2.8840404684865333,-3.3645126008294217,0.0,0.0,0.0,Shell Companies,Financial Services,FATPU
2021Q3,2021,Q3,2021-11-26,2021-09-30,-43886.0,0.0,-43886.0,0.0,0.0,0.0,156064.0,-25293.0,156064.0,181357.0,181357.0,0.0,-50293.0,0.0,139023.0,0.0,0.8605347463842036,0.8919289522247283,-5.503419918554541,-0.38528598393398006,0.0,1.7351045743881706,0.0,0.0,0.0,0.0,0.0,,0.0,0.0009649475895609213,-0.2812051466065204,0.0,0.0,0.0,0.0,0.0,0.0,0.0,-5.8496956453878575,-5.8496956453878575,0.0,0.0,0.0,Shell Companies,Financial Services,FATPU
2021Q2,2021,Q2,2021-06-30,2021-06-30,-6407.0,0.0,-6407.0,0.0,0.0,0.0,149807.0,18593.0,0.0,131214.0,131214.0,0.0,-6407.0,0.0,58824.0,0.0,0.0,0.39266522926165,3.163771311784005,-0.08275960060451838,0.0,-0.34459205077179583,0.0,0.0,0.0,0.0,0.0,,0.0,0.0,-0.04276836195905398,0.0,0.0,0.0,0.0,0.0,0.0,0.0,0.0,0.0,0.0,0.0,0.0,Shell Companies,Financial Services,FATPU
2021Q1,2021,Q1,2021-04-30,2021-04-30,,,,,,,47462.0,21384.0,0.0,26078.0,26078.0,0.0,-3616.0,0.0,0.0,0.0,0.0,0.0,0.0,,0.0,,0.0,0.0,0.0,0.0,0.0,,,0.0,,0.0,0.0,0.0,0.0,0.0,0.0,0.0,0.0,0.0,0.0,0.0,0.0,Shell Companies,Financial Services,FATPU
