Quarters,Year,Quarter,FillingDate,Date,NetIncome,Revenue,OperatingIncome,EPSDiluted,GrossProfit,GrossProfitRatio,TotalAssets,CommonStockEquity,CurrentAssets,CurrentLiability,TotalLiability,Inventory,RetainedEarnings,MarketCap,EnterpriseValue,bookValuePerShare,currentRatio,debtToAssets,debtToEquity,roic,shareholdersEquityPerShare,roe,priceToSalesRatio,peRatio,pbRatio,payoutRatio,inventoryTurnover,dividendYield,assetTurnover,quickRatio,returnOnAssets,priceToFreeCashFlowsRatio,grossProfitMargin,epsdilutedGrowth,fiveYNetIncomeGrowthPerShare,fiveYRevenueGrowthPerShare,fiveYShareholdersEquityGrowthPerShare,grossProfitGrowth,netIncomeGrowth,operatingIncomeGrowth,threeYNetIncomeGrowthPerShare,threeYRevenueGrowthPerShare,threeYShareholdersEquityGrowthPerShare,Industry,Sector,Symbol
2023Q1,2023,Q1,2023-05-05,2023-03-31,8300000.0,179100000.0,20200000.0,0.06,29900000.0,0.1669458403,3747200000.0,1840600000.0,187300000.0,96800000.0,1809900000.0,30297000.0,330389000.0,4901773920.48,6407073920.48,12.48902070824296,1.9349173553719008,0.4280529461998292,0.8714549603390199,0.004975493663302073,12.48902070824296,0.0045093991089862,27.36892194572864,147.64379278554216,2.663139150537868,5.072289156626506,4.924579991418292,0.008588727404196033,0.047795687446626815,1.3856404958677686,0.0022149871904355253,133.9282491934426,0.16694584031267448,-0.7272727272727273,-0.8210655462361747,-0.2296832482207283,-0.014200517512699268,-0.5364341085271318,-0.7492447129909365,-0.5419501133786848,-0.7186987446301306,-0.39438138844150467,0.2279651534434864,REIT—Specialty,Real Estate,RYN
2022Q4,2022,Q4,2023-02-24,2022-12-31,33100000.0,245400000.0,44100000.0,0.22,64500000.0,0.2628361858,3789400000.0,1865400000.0,202300000.0,95300000.0,1802900000.0,23729000.0,366637000.0,4837378717.76,6326578717.76,12.710103464562028,2.122770199370409,0.4561315775584525,0.9265921518173046,0.011509328163164448,12.710103464562028,0.017744183553125334,19.712219713773433,36.53609303444109,2.5932125644687467,1.2719033232628398,7.623582957562476,0.00870306057399096,0.06475959254763287,1.645729275970619,0.008734892067345753,-11.44670780350213,0.2628361858190709,0.047619047619047665,-0.547701997653225,-0.1739550782331991,0.02647891457345866,0.4930555555555556,0.03761755485893417,0.07823960880195599,0.8212402933141248,0.20780179156902556,0.13994632869911822,REIT—Specialty,Real Estate,RYN
2022Q3,2022,Q3,2022-11-04,2022-09-30,31900000.0,195300000.0,40900000.0,0.21,43200000.0,0.2211981567,3472400000.0,1813400000.0,355100000.0,112400000.0,1551500000.0,31254000.0,384384000.0,4386719089.8,5470319089.8,12.3891220038158,3.159252669039146,0.38745536228545097,0.7419212528951141,0.012141824958047881,12.3891220038158,0.017591265027021064,22.4614392718894,34.3786762523511,2.419057620933054,1.3103448275862069,4.866577078133999,0.009528761505881096,0.056243520331759014,2.6625266903914593,0.00918672963944246,100.84411700689655,0.22119815668202766,0.31249999999999994,0.13534742994345778,-0.03564259402464464,0.022340311211131277,-0.16923076923076924,0.3236514522821577,0.15211267605633802,66.0927770118684,0.10318488915279588,0.12431823804022905,REIT—Specialty,Real Estate,RYN
2022Q2,2022,Q2,2022-08-05,2022-06-30,24100000.0,246300000.0,35500000.0,0.16,52000000.0,0.2111246447,3510900000.0,1807400000.0,369700000.0,108500000.0,1566700000.0,25330000.0,382495000.0,5467098285.18,6544498285.18,12.35767284139389,3.407373271889401,0.38670996040901195,0.7511895540555494,0.010361187429110397,12.35767284139389,0.013334071041274759,22.196907369792935,56.71263781307055,3.0248413661502713,1.7593360995850622,7.670746150809317,0.007755485229694204,0.0701529522344698,2.9603870967741934,0.006864336779743086,65.31778118494624,0.21112464474218431,-0.23809523809523805,-0.19032416487039114,0.11174339374587848,0.010712354864849434,-0.14754098360655737,-0.22258064516129034,-0.2163355408388521,0.13689395464394144,0.17899768915865302,0.06528913421280126,REIT—Specialty,Real Estate,RYN
2022Q1,2022,Q1,2022-05-06,2022-03-31,31000000.0,222000000.0,45300000.0,0.21,61000000.0,0.2747747748,3559900000.0,1837000000.0,375100000.0,92800000.0,1542100000.0,33290000.0,389077000.0,5980088631.5199995,7061688631.5199995,12.631491714329346,4.042025862068965,0.37678024663614146,0.7301578660860097,0.01175208400108123,12.631491714329346,0.016875340228633642,26.937336178018015,48.22652122193548,3.2553558146543273,1.270967741935484,4.8362871733253225,0.006588531111784783,0.06236130228377201,3.3685991379310343,0.00870810977836456,191.05714477699678,0.2747747747747748,0.4,-0.22157947007149326,0.011504075280504362,0.0003842021613941582,0.36160714285714285,0.4418604651162791,1.167464114832536,0.11053455404374773,0.029430108882675648,0.05774772301831048,REIT—Specialty,Real Estate,RYN
2021Q4,2021,Q4,2022-02-25,2021-12-31,21500000.0,262000000.0,20900000.0,0.15,44800000.0,0.1709923664,3636400000.0,1771800000.0,451500000.0,231700000.0,1687000000.0,0.0,0.0,5810579678.28,6909579678.28,12.30683545521361,1.948640483383686,0.4018259817401826,0.824698047183655,0.0058478778716873955,12.30683545521361,0.012134552432554464,22.17778503160305,67.56487998,3.2794783148662376,1.8250697674418606,0.0,0.006753026749925785,0.07204927950720492,1.5632283124730255,0.005912440875591244,-53.78871455279285,0.17099236641221374,-0.7169811320754716,-0.6210669427951163,0.012163141072576187,0.06902258495451222,-0.6591030148077128,-0.716474792630982,-0.8305139724605479,8.707193834363247,0.41469199578420396,0.020973851386428512,REIT—Specialty,Real Estate,RYN
2021Q3,2021,Q3,2021-11-05,2021-09-30,75831000.0,364726000.0,123314000.0,0.53,131418000.0,0.3603198017141635,3706414000.0,1710393000.0,619930000.0,368235000.0,1773399000.0,18592000.0,450076000.0,5058623840.32,6093946840.32,12.063917809737667,1.68351731910329,0.395835165742413,0.8577730381263253,0.036698999424911664,12.063917809737667,0.04433542466555932,13.86965513925522,16.677295038704486,2.9575798312551558,0.5088288430852818,12.548838209982788,0.007627568528115579,0.09840400991362541,1.2876505492416528,0.02045939822156942,51.87002143368367,0.3603198017141635,0.29268292682926844,0.6661820539819748,0.839832496777522,0.0865615731676579,0.35230137578333215,0.3255777366010558,0.4603050542371276,1.9478170237378254,0.6537562672296098,-0.02645147454063446,REIT—Specialty,Real Estate,RYN
2021Q2,2021,Q2,2021-08-06,2021-06-30,57206000.0,291431000.0,84444000.0,0.41,97181000.0,0.3334614368409675,3959269000.0,1609348000.0,530954000.0,310193000.0,1808281000.0,29789000.0,411531000.0,5014273955.64,6253298955.64,11.531853694383878,1.7116891741593137,0.39232823028695446,0.9651939791766604,0.023342675710788813,11.531853694383878,0.03554607207390819,17.205698623825196,21.913234431877775,3.115717641951896,0.6675173932804251,6.520863405955218,0.007615459453915318,0.07360727447415166,1.1803199943261131,0.01444862675408011,69.25601441451894,0.3334614368409675,4.124999999999999,-0.5425096627214164,-0.021396510473388957,0.0573474262895224,1.425341286281165,4.273414454277286,1.964507635597683,0.45916097311937615,0.09605434833958056,-0.07753600512585175,REIT—Specialty,Real Estate,RYN
2021Q1,2021,Q1,2021-05-06,2021-03-31,10848000.0,191447000.0,28485000.0,0.08,40069000.0,0.20929552304293095,3749584000.0,1528835000.0,190080000.0,100845000.0,1839663000.0,24993000.0,407716000.0,4446333977.25,5819985977.25,11.088894581979751,1.8848728246318607,0.3883822845414318,0.9525370625345443,0.007528983301929669,11.088894581979751,0.007095598936445071,23.224881963415463,102.46897993293695,2.9083151401230345,3.4559365781710913,6.056815908454367,0.008431665320648514,0.05105819738936373,1.33394813823194,0.0028931209435500045,548.9978981664403,0.20929552304293095,0.14285714285714277,-0.3336779491170327,0.26206935706515583,0.08163452938206198,0.04302894627238651,0.05792861322410767,0.2734140998703563,-0.7500090849401508,-0.119800754302917,-0.12471707785247324,REIT—Specialty,Real Estate,RYN
2020Q4,2020,Q4,2021-02-22,2020-12-31,10254000.0,205519000.0,22369000.0,0.07,38416000.0,0.1869218904334879,3728733000.0,1474057000.0,170565000.0,91135000.0,1866088000.0,10594000.0,446267000.0,4013282909.48,5314332909.48,10.791114316336941,1.8715641630548088,0.37158922347081436,0.9399616161383176,0.007813783785891851,10.791114316336941,0.006956311730143407,19.527551756674566,97.84676490832845,2.722610393953558,3.6290228203627852,15.773362280536153,0.00927220952006634,0.05511764988268133,2.6565754101058867,0.002749995776045107,91.10123963135314,0.1869218904334879,13.59180602902375,-0.10090450082145203,0.35176019528242547,0.03201711185663424,1.142434889297864,14.527704485488126,11.56685393258427,-0.8494555008006636,-0.2567139402716861,-0.1285003036083982,REIT—Specialty,Real Estate,RYN
2020Q3,2020,Q3,2020-11-02,2020-09-30,-758000.0,198875000.0,1780000.0,-0.005559170768565846,17931000.0,0.09016216216216216,3726999000.0,1429219000.0,168814000.0,92066000.0,1875851000.0,13767000.0,485636000.0,3605127605.2400002,4996694605.24,10.481889824114658,1.8336193600243305,0.36989438419489784,0.9645799559059878,0.0006643819327753582,10.481889824114658,-0.0005303595879987601,18.12760580887492,-1189.0262550263853,2.5224458989420095,-48.72295514511873,13.143313721217403,0.010244297579458736,0.05336062606939256,1.3424065344426823,-0.0002033807897453152,90.11917821317869,0.09016216216216216,-1.5559170768565846,-1.035370137387015,0.20355946706030575,0.0025393516404491265,-0.5598566484204325,-1.4368876080691642,-0.8476809857949683,-1.028960175863906,0.054168077057511504,-0.1350429431911586,REIT—Specialty,Real Estate,RYN
2020Q2,2020,Q2,2020-08-10,2020-06-30,1735000.0,195630000.0,11686000.0,0.01,40739000.0,0.20824515667331187,3769267000.0,1457241000.0,161230000.0,109289000.0,1855309000.0,10365000.0,531681000.0,3304958401.1099997,4581337401.11,10.930547379315604,1.475262835235019,0.36377497269362985,0.9409322136832549,0.0005292656702481159,10.930547379315604,0.001190606083688285,16.893924250421712,476.2187897853026,2.267955953140215,21.496829971181555,14.943656536420647,0.011285164735348399,0.05190133784632397,1.204119353274346,0.0004603016979163323,80.52821327721058,0.20824515667331187,-0.95,2.072938878258449,0.6046852626796322,-0.014183596285861069,-0.17916221716266043,-0.9328923957608107,-0.6968769454243618,-0.9360527712773093,-0.03126784756191025,-0.10600972986563077,REIT—Specialty,Real Estate,RYN
2020Q1,2020,Q1,2020-05-01,2020-03-31,25854000.0,259130000.0,38552000.0,0.2,49631000.0,0.19152934820360437,2787750000.0,1313393000.0,189075000.0,69274000.0,1388082000.0,13093000.0,570895000.0,3041187983.7000003,4047453983.7000003,10.170500908125103,2.729378987787626,0.3785382476907901,0.8034685733820722,0.01378847041393431,10.170500908125103,0.019684892488386948,11.736147816539962,29.407325594685542,2.315520170809499,1.3501585828111704,16.000840143588178,0.01147808033804313,0.09295309837682719,2.319152928948812,0.009274145816518697,-250.94380589982674,0.19152934820360437,0.6666666666666669,0.428345647425041,0.8108191033905056,-0.12119875022527046,0.2854108932687576,0.6165822547364472,0.4755616794886516,-0.26889039004920806,0.3296413660274536,-0.1945204361718838,REIT—Specialty,Real Estate,RYN
2019Q4,2019,Q4,2020-02-24,2019-12-31,15993000.0,178792000.0,26127000.0,0.12,38611000.0,0.21595485256611033,2860996000.0,1439981000.0,125975000.0,151186000.0,1323354000.0,14518000.0,583006000.0,4230931297.3199997,5217325297.32,11.149738496080355,0.8332451417459289,0.3687977893013482,0.7327381402949067,0.008736090400899406,11.149738496080355,0.01110639654273216,23.663985510089937,66.13723656162071,2.938185501975373,2.185080972925655,9.655668824907012,0.008259647237036406,0.06249292204532967,0.6340666463826016,0.005590011310746328,-145.69824364888598,0.21595485256611033,39.797284190106694,0.769337120326908,0.18887382675992262,-0.05205318367836506,0.7587227840029152,37.93533487297921,1.3779921725675799,-0.6857826263999827,-0.2300304821042368,-0.03148763855478297,REIT—Specialty,Real Estate,RYN
2019Q3,2019,Q3,2019-11-01,2019-09-30,-433000.0,156417000.0,10987000.0,-0.003093,21954000.0,0.1403555879476016,2767078000.0,1425064000.0,106530000.0,83769000.0,1251457000.0,8352000.0,602051000.0,3646970104.2,4651400104.2,11.019230663207036,1.2717114923181607,0.35163049252677375,0.6827686335490897,0.001786683402636179,11.019230663207036,-0.0003038460027058434,23.315688858627897,-2105.640937759815,2.5591623282884135,-80.8729792147806,16.09949712643678,0.009601943256861863,0.05652786079756335,0.9908796810275877,-0.00015648275906931426,-151.67900949093328,0.1403555879476016,-1.0220928571428571,-1.0129521122618135,0.021178843004934018,-0.08553134376823779,-0.5049384386415912,-1.0230908703071673,-0.6500175198292613,-1.010430088933289,-0.134992327348672,-0.007530323619480207,REIT—Specialty,Real Estate,RYN
2019Q2,2019,Q2,2019-08-09,2019-06-30,18752000.0,184800000.0,31393000.0,0.14,44346000.0,0.23996753246753247,2861051000.0,1500850000.0,220755000.0,86085000.0,1260753000.0,23597000.0,645743000.0,3948686206.64,4884327206.639999,11.600299340822275,2.5643840390311903,0.3400316876560397,0.6481980211213646,0.010428716836621717,11.600299340822275,0.012494253256487991,21.367349603030302,52.643534111561436,2.630966590025652,1.932060580204778,5.952197313217782,0.009175203625721549,0.06459164831385389,2.043178254051228,0.006554234789942577,237.77239758174264,0.23996753246753247,-0.26315789473684204,-0.003261953068184601,0.1069430419751525,-0.09519253849205261,-0.08176829899575526,-0.24368798902960392,-0.1850207684319834,-0.8382401685659777,-0.330646208402432,0.06362315871037393,REIT—Specialty,Real Estate,RYN
2019Q1,2019,Q1,2019-05-03,2019-03-31,24794000.0,191546000.0,38520000.0,0.19,48295000.0,0.2521326469881908,2884210000.0,1542567000.0,230886000.0,78342000.0,1243010000.0,26221000.0,662116000.0,4099948639.5,5013051639.5,11.941875590414941,2.9471547828750864,0.33725248854972417,0.6305768242157391,0.01276030967287878,11.941875590414941,0.016073207841215326,21.404511916197677,41.340129058441555,2.6578739461559855,1.40667096878277,5.463216505854087,0.00850669192876849,0.06641194642553767,2.382425774169666,0.008596461422711938,92.24561579219727,0.2521326469881908,11.405589773527932,-0.4408946728270085,-0.5154917687113564,-0.09150917993162633,0.7850674551838847,11.478107700050327,1.5729744172065994,0.62548128655143,0.34774773920525187,0.16483612398734815,REIT—Specialty,Real Estate,RYN
2018Q4,2018,Q4,2019-02-22,2018-12-31,1987000.0,166147000.0,14971000.0,0.015315676519099288,27055000.0,0.1628377280360163,2780666000.0,1556873000.0,207853000.0,63541000.0,1126116000.0,15703000.0,672371000.0,3576385850.7000003,4400578850.700001,12.054016308548528,3.271163500731811,0.3497604530713146,0.6246925728688211,0.0036971003870462826,12.054016308548528,0.0012762762280545683,21.525431399303027,449.9730562028183,2.2971596595868773,17.580775037745344,8.85767050881997,0.009767682084180771,0.05975079351493491,2.7466517681496985,0.0007145770114066199,292.49904724789405,0.1628377280360163,-0.9149129082272262,-0.9756221312694133,-0.6879087120715282,-0.08413036669268283,-0.5305315032362179,-0.9152014339364971,-0.6771960843503385,-0.8157375040892118,0.15575758306647258,0.1527957847863647,REIT—Specialty,Real Estate,RYN
2018Q3,2018,Q3,2018-11-02,2018-09-30,23432000.0,200890000.0,46378000.0,0.18,57629000.0,0.28686843546219326,2842215000.0,1600300000.0,234590000.0,81623000.0,1141116000.0,26950000.0,705531000.0,4263008152.31,5089175152.309999,12.391696452978909,2.8740673584651386,0.3421366786115758,0.6076523151909017,0.014149428002251227,12.391696452978909,0.014642254577266763,21.22060905127184,45.48276024571099,2.663880617577954,1.4845510413110277,5.315807050092764,0.00815996562923542,0.07068078945470346,2.319787314849981,0.008244274272002645,79.67197100024296,0.28686843546219326,-0.3571428571428572,-0.600943368992243,-0.4901269658138784,-0.016726250358601143,-0.06276021337496747,-0.3537426223178333,-0.10198470326265853,0.15442427786898225,0.28361336755236405,0.18520262435061782,REIT—Specialty,Real Estate,RYN
2018Q2,2018,Q2,2018-08-03,2018-06-30,36258000.0,245906000.0,51645000.0,0.28,61488000.0,0.25004676583735247,2851062000.0,1613489000.0,198690000.0,83888000.0,1138185000.0,19125000.0,716328000.0,4993614804.25,5859288804.25,12.501142330175357,2.3685151630745755,0.3410255546880426,0.6025978485133769,0.01691542737807881,12.501142330175357,0.022471798692150984,20.307006759696794,34.43112419500524,3.094917166618427,0.9633736003088973,9.642771241830065,0.006994932803041103,0.08625066729520438,1.9186415220293724,0.012717366370847074,84.07041995100845,0.25004676583735247,-0.09677419354838701,-0.5938233015189736,-0.4130347700562687,0.007640472853111883,-0.049762007788836,-0.1056020128764893,-0.09512212215719942,24.160744170060568,1.0835153107150672,0.12746697366437795,REIT—Specialty,Real Estate,RYN
2018Q1,2018,Q1,2018-05-04,2018-03-31,40539000.0,203196000.0,57074000.0,0.31,64708000.0,0.31845115061320106,2878372000.0,1631773000.0,196494000.0,65517000.0,1142199000.0,19993000.0,715283000.0,4531226567.8,5434586567.8,12.668926013971452,2.999129996794725,0.34607931149969495,0.6104678775785602,0.018683839450733285,12.668926013971452,0.024843529093813908,22.299782317565306,27.94362569254298,2.7768731115173497,0.792397444436222,6.926824388535987,0.007089250453348298,0.07059407192676971,1.9930399743578002,0.014084003040607676,69.677946945303,0.31845115061320106,-0.38,-0.7348028816511044,-0.5012212451117287,0.024581890419086937,-0.4055196236954285,-0.3680690869978644,-0.2871541872228814,1.245489425156101,0.4236555918664463,0.0946823676587343,REIT—Specialty,Real Estate,RYN
2017Q4,2017,Q4,2018-02-23,2017-12-31,64151000.0,260418000.0,80065000.0,0.5,108848000.0,0.41797417997219855,2858481000.0,1593023000.0,183527000.0,68548000.0,1165541000.0,24141000.0,707378000.0,4069323204.93,4982049204.93,12.38223531346824,2.6773501779774755,0.358714645995548,0.6436686727059182,0.028505893713715386,12.38223531346824,0.040269977269631385,15.626121101191162,15.85837790887905,2.5544660716951357,0.4997739707876728,6.278530301147425,0.007878705717245065,0.09110363161413353,2.0474120324444187,0.022442339130468246,88.78394215931404,0.41797417997219855,1.631578947368421,-0.18760946306109344,-0.4258701999403275,0.06071050863782895,1.6315305949761865,1.5984688917692806,1.0387817982735352,6.124479965147305,0.738312166896331,0.052733259033284054,REIT—Specialty,Real Estate,RYN
2017Q3,2017,Q3,2017-11-03,2017-09-30,24688000.0,177946000.0,39271000.0,0.19,41363000.0,0.2324469220999629,2911719000.0,1558555000.0,260945000.0,150416000.0,1254485000.0,24497000.0,675911000.0,3715563007.44,4641770007.440001,12.118393325544245,1.7348220933943197,0.3538353117179233,0.6610411567124677,0.013719941760164639,12.118393325544245,0.015840313623837466,20.88028394816405,37.625192476506804,2.3839793959404707,1.3035887880751782,5.575499040698861,0.008661675211954996,0.061113726977088105,1.439142112541219,0.00847884016280417,91.86932567105133,0.2324469220999629,-0.050000000000000044,-0.7072749118646573,-0.5844041916767229,0.0499045299561159,-0.18946935256309766,-0.05630518711058446,-0.16254025121020194,-0.25741765643235404,0.16818625723746244,0.00568644026125949,REIT—Specialty,Real Estate,RYN
2017Q2,2017,Q2,2017-08-04,2017-06-30,26161000.0,194719000.0,46893000.0,0.2,51032000.0,0.2620802284317401,2952794000.0,1571720000.0,285227000.0,178628000.0,1284684000.0,26363000.0,683190000.0,3698332231.86,4626919231.860001,12.226696133586232,1.5967653447387868,0.36072479150255654,0.677694500292673,0.014301339847456053,12.226696133586232,0.016644822232967704,18.99317597080922,35.342038070601276,2.3530477641437404,1.2311073735713467,5.450328111368205,0.0087085199438132,0.06594398390134902,1.3421188167588507,0.008859744364151377,-24.65275423358686,0.2620802284317401,-0.25925925925925924,-0.6392383152357111,-0.5012718307757873,0.10081224917492558,0.018623126210103993,-0.22698933309694766,-0.048070481719818925,0.3995545016345899,0.17390694278977625,-0.04633444653204796,REIT—Specialty,Real Estate,RYN
2017Q1,2017,Q1,2017-05-05,2017-03-31,33843000.0,186512000.0,49261000.0,0.27,50099000.0,0.26861006262331644,2918910000.0,1560500000.0,384922000.0,182942000.0,1271616000.0,27155000.0,689612000.0,3502481114.34,4354118114.34,12.626640531745903,2.104065769478851,0.36691573224251517,0.6863146427427107,0.015877240878712607,12.626640531745903,0.02168727971803909,18.778851303615856,25.87301003412818,2.24446082303108,0.9047070295186597,5.023494752347634,0.008741803024902132,0.06389782487298341,1.7808431087448482,0.011594396538433867,616.2000553026038,0.26861006262331644,-0.30769230769230765,-0.3730059116788045,-0.48100651163143965,0.15086224512997828,-0.1442943276342084,-0.2996647628507574,-0.1993205903387296,-0.2023517349515843,-0.5069052379727627,-0.03941496253723622,REIT—Specialty,Real Estate,RYN
2016Q4,2016,Q4,2017-02-24,2016-12-31,48324000.0,220464000.0,61524000.0,0.39,58547000.0,0.26556263154075044,2685760000.0,1411610000.0,164804000.0,91966000.0,1189008000.0,21379000.0,700887000.0,3261646194.8,4237618194.8,11.51223147987774,1.7920100906856882,0.3953744936256404,0.7522481421922486,0.0235713218776868,11.51223147987774,0.03423325139379857,14.79446165723202,16.873842163314297,2.310585923024065,0.636329774025329,7.573647036811825,0.009427754625570462,0.08208626236149172,1.1588304373355371,0.017992672465149528,510.5096564094538,0.26556263154075044,0.21875000000000003,-0.14247957572412515,-0.43364461972120616,0.06460456365347561,0.06843440334324871,0.22789988565620634,0.23818148886071364,-0.37550790954477736,-0.5637926050947413,-0.1252954240200304,REIT—Specialty,Real Estate,RYN
2016Q3,2016,Q3,2016-11-04,2016-09-30,39355000.0,171421000.0,49689000.0,0.32,54797000.0,0.3196632851284265,2671398000.0,1361185000.0,214128000.0,100143000.0,1222817000.0,16064000.0,683596000.0,3253748982.58,4208749982.58,11.1028386311948,2.1382223420508675,0.39868263733071596,0.7824358922556449,0.020094631948259854,11.1028386311948,0.028912308025727584,18.98104072768214,20.66922235154364,2.3903796931203325,0.7797230339219922,7.25996015936255,0.009430967220977233,0.06416902311074577,1.3457755409764038,0.014731986772468947,-456.4102935306494,0.3196632851284265,-0.6404494382022472,-0.6273373366322109,-0.5577891750462968,-0.011560869628909119,-0.555781640131003,-0.6416441299933529,-0.5912624314164205,-0.293987156140108,-0.5416942970332594,-0.1189963525991748,REIT—Specialty,Real Estate,RYN
2016Q2,2016,Q2,2016-08-05,2016-06-30,109821000.0,261550000.0,121567000.0,0.89,123356000.0,0.47163448671382147,2632179000.0,1336774000.0,194873000.0,68002000.0,1211659000.0,14957000.0,674954000.0,3216180462.72,4138833462.72,10.906399739253,2.865695126613923,0.39978550091008247,0.7871988832816916,0.049867222797722245,10.906399739253,0.08215375224233865,12.296618094895813,7.3214149905755725,2.405926852796359,0.27985540106172774,9.239419669719863,0.00955605581099996,0.09936634248658621,2.356254227816829,0.04172246644320162,-13.960086042086255,0.47163448671382147,6.416666666666667,0.9314278581748686,-0.2734062834765949,0.018611065882261586,3.5905031259303364,6.588515754560531,4.286211244944993,0.2954966221572584,-0.34258788213070845,-0.12090195438709211,REIT—Specialty,Real Estate,RYN
2016Q1,2016,Q1,2016-05-06,2016-03-31,14472000.0,134843000.0,22997000.0,0.12,26872000.0,0.19928361131093197,2332137000.0,1256444000.0,135211000.0,68308000.0,996357000.0,17443000.0,595851000.0,3024687978.52,3818123978.52,10.25197909345113,1.9794313989576624,0.372894045246913,0.6921438599730668,0.011408304365284097,10.25197909345113,0.011518221265730905,22.431182771964433,52.2506906184356,2.4073400633215645,2.119610281923715,6.189932924382274,0.010141541943446835,0.05781950202753955,1.5181384318088658,0.0062054673460435646,885.9660159695372,0.19928361131093197,0.4999999999999999,-0.7545395975598562,-0.6265548752155391,-0.022576484854991356,0.1695173434303869,0.4070977151191055,0.4616117961103343,-0.9005032623497554,-0.6521390196468247,-0.17088535298720822,REIT—Specialty,Real Estate,RYN
2015Q4,2015,Q4,2016-02-29,2015-12-31,10285000.0,137110000.0,15734000.0,0.08,22977000.0,0.1675807745605718,2319263000.0,1288084000.0,105685000.0,59457000.0,957523000.0,15351000.0,612760000.0,2734750845.0,3516852845.0,10.456332741347046,1.7775030694451452,0.35954482091940415,0.6473793634576627,0.007077453775348819,10.456332741347046,0.007984727704093832,19.94567022828386,66.47425486144871,2.1231152976048144,2.98065143412737,7.434890235163833,0.011209796335212395,0.059117918062763904,1.2109423617067796,0.004434598404751854,542.3940589051964,0.1675807745605718,-0.5,-0.8286749032318663,-0.5713925261666483,0.014402885299829943,-0.354814253222138,-0.47709593777009507,-0.4336009215594514,-0.8639733747421859,-0.6843059306315802,-0.10426980752847585,REIT—Specialty,Real Estate,RYN
2015Q3,2015,Q3,2015-11-09,2015-09-30,19669000.0,151657000.0,27779000.0,0.16,35613000.0,0.23482595594004893,2314460000.0,1308420000.0,123623000.0,81355000.0,938243000.0,14506000.0,657326000.0,2761921591.42,3487399591.42,10.455340039234574,1.5195501198451231,0.3418650570759486,0.6047240182815915,0.013614271847523287,10.455340039234574,0.015032634780880757,18.211632772770134,35.10500777136611,2.1108830432277097,1.568915552392089,7.999724252033642,0.011173018124723199,0.06552586780501715,1.045430520558048,0.008498310621051995,61.26575700228478,0.23482595594004893,17.0,-0.6991843226163736,-0.6135220712013567,0.029545104112296546,1.9403071334214002,13.805338541666666,3.258623332822321,-0.7603240852751378,-0.635989873301907,-0.09417786875382303,REIT—Specialty,Real Estate,RYN
2015Q2,2015,Q2,2015-08-07,2015-06-30,-1536000.0,115801000.0,6523000.0,-0.01,12112000.0,0.10459322458355282,2366321000.0,1404113000.0,145660000.0,112460000.0,889049000.0,13362000.0,743528000.0,3235542390.5,3896263390.5,11.087812434581052,1.2952160768273164,0.31794207125744983,0.535820834932801,0.0027411563144990035,11.087812434581052,-0.0010939290498699179,27.94053929154325,-526.6182276204428,2.304331909540044,-20.673177083333332,7.759991019308487,0.009814119602708386,0.04893714758056916,0.987693402098524,-0.0006491088909746396,-70.80426265400355,0.10459322458355282,-1.0714285714285714,-1.0377977554613393,-0.6480712112842293,0.12726031478808922,-0.6337576728856098,-1.0865498394094777,-0.7649115219663387,-1.0215014204792832,-0.6989228828291827,-0.0017254366032215822,REIT—Specialty,Real Estate,RYN
2015Q1,2015,Q1,2015-05-08,2015-03-31,17747000.0,140305000.0,27747000.0,0.14,33071000.0,0.23570792202701257,2412550000.0,1465327000.0,190149000.0,196792000.0,864334000.0,13100000.0,776827000.0,3413522444.6400003,4017490444.6400003,11.573152531055449,0.9662435464856295,0.307979938239622,0.507065658382054,0.012898795264810529,11.573152531055449,0.012111289834965165,24.329300058016468,48.08590810615879,2.32952948020476,1.7843579196483912,8.185801526717558,0.009276927430116749,0.058156307641292405,0.8080054067238506,0.007356116971668981,200.37112260154967,0.23570792202701257,1.0,-0.7056247212322626,-0.5727084085435079,0.17818858751181457,0.6067142787737453,1.0037258665462345,0.9530513127331597,-0.6790682954225068,-0.6189154347103714,0.054841489439353984,REIT—Specialty,Real Estate,RYN
2014Q4,2014,Q4,2015-03-02,2014-12-31,8857000.0,147360000.0,14207000.0,0.07,20583000.0,0.13967833876221497,2453115000.0,1488470000.0,214363000.0,202002000.0,877964000.0,9042000.0,790697000.0,3535784424.48,4125781424.48,11.761987385901287,1.061192463440956,0.3063676183138581,0.5049178015008701,0.013597990363923576,11.761987385901287,0.0059504054498915,23.994193977198698,99.80197652929887,2.3754489001995336,3.5723156825110083,14.020902455209024,0.008948509355078463,0.0600705633449716,0.9186839734260057,0.0036105115332954224,-177.49921809638553,0.13967833876221497,-0.72,-0.9143379294033172,-0.550464259840641,0.22742198708831757,-0.3515327179357928,-0.7291520136998868,-0.55712459864709,-0.8477125628413008,-0.6332021369337503,0.08770097878522744,REIT—Specialty,Real Estate,RYN
2014Q3,2014,Q3,2014-11-10,2014-09-30,32701000.0,149829000.0,32079000.0,0.25,31741000.0,0.21184817358455305,2477559000.0,1524331000.0,251539000.0,211636000.0,866657000.0,12439000.0,820181000.0,3939267204.1800003,4492084204.18,12.049872445725828,1.1885454270539983,0.2969245132002911,0.4826038439157899,0.02189988056376658,12.049872445725828,0.02145268973733395,26.291753960715216,30.11580077199474,2.5842597206118616,0.8026971652243051,9.493367634054184,0.0066634220629021804,0.0604744427882444,0.9973161465913172,0.013198878412179085,364.84831010280635,0.21184817358455305,0.7857142857142856,-0.6217789367760829,-0.5323109060831642,0.32733987124410435,-0.24498097050428164,0.7786782703290727,-0.1892691063485645,-0.6999018660066709,-0.6254174681206371,0.07274957665975615,REIT—Specialty,Real Estate,RYN
2014Q2,2014,Q2,2014-08-08,2014-06-30,18385000.0,163145000.0,39568000.0,0.14,42040000.0,0.25768488154709,2635957000.0,1620982000.0,360096000.0,91409000.0,916109000.0,18484000.0,891629000.0,4494742066.799999,5042767066.799999,12.820737929690894,3.939393276373224,0.29214664730873835,0.4750737515900855,0.0051206491603044925,12.820737929690894,0.011341890286258576,27.55059650494958,61.119690872994276,2.7728513128461634,7.456241501223824,6.5518827093702665,0.030498524267399237,0.061892132534787175,2.6455381855178373,0.006974696476459973,234.06457672238707,0.25768488154709,-0.5882352941176471,-0.8402606164733745,-0.4519531872856092,0.49611100503899885,-0.4997382074349088,-0.5761383285302594,-0.39133645089835095,-0.6865500963597571,-0.5606384062561127,0.19740206119146336,REIT—Specialty,Real Estate,RYN
2014Q1,2014,Q1,2014-04-30,2014-03-31,43375000.0,386686000.0,65008000.0,0.34,84036000.0,0.2173236165777918,3644778000.0,1660772000.0,495833000.0,297491000.0,1885186000.0,141928000.0,996573000.0,5800498353.169999,7152633353.169999,13.144739965029242,1.66671596787802,0.4137991394811975,0.9081354936138133,0.017405268556271145,13.144739965029242,0.02611737192101023,15.000538817464298,33.43226716524495,3.4926518228691235,1.4419596541786743,2.1324192548334366,0.010782694208648273,0.10609315574227017,0.9000877337465671,0.011900587635241433,111.8017492226591,0.2173236165777918,-0.4516129032258064,0.5656173458683974,0.31862016839036056,0.6856263251778281,-0.3266130324689894,-0.455443680008035,-0.42593230367093193,-0.28637544418820077,0.038805514834763966,0.253219288214617,REIT—Specialty,Real Estate,RYN
2013Q4,2013,Q4,2014-02-28,2013-12-31,79652000.0,520242000.0,113241000.0,0.62,124796000.0,0.23988067091853407,3685501000.0,1661170000.0,519094000.0,276112000.0,1930258000.0,138818000.0,1015209000.0,5313712587.1,6688292587.1,13.161279586287845,1.8800124587124065,0.42713975657583597,0.947659781960907,0.02858476002194118,13.161279586287845,0.04794933691313953,10.213924648721173,16.677900702744438,3.198777119199119,0.7775950384171144,2.848665158696999,0.011656068894347671,0.14115909885793004,1.0669583357478125,0.021612258414798965,32.05472996983773,0.23988067091853407,0.40909090909090906,0.6833943713888065,0.3769052579935055,0.6840278321454688,0.27820226560419525,0.3889964251460459,0.35376394218699564,0.29497743594971243,0.5872482097462269,0.2768185860971568,REIT—Specialty,Real Estate,RYN
2013Q3,2013,Q3,2013-10-31,2013-09-30,57345000.0,384784000.0,83649000.0,0.44,97634000.0,0.25373716162834214,3818120000.0,1589453000.0,641181000.0,239862000.0,2133241000.0,133985000.0,995249000.0,7018697703.15,8414296703.15,12.602488836397978,2.673124546614303,0.4338095712025814,1.0420798853442033,0.021528042028299887,12.602488836397978,0.03607844963015578,18.240617341547466,30.598560045121634,4.415794429372872,1.078681663614962,2.1431503526514164,0.008813173414241577,0.10077839355494327,1.6054981614428296,0.015019171738971012,101.71288606840083,0.25373716162834214,-0.3432835820895523,0.7947826001259931,0.16286087868767463,0.4773597623657348,-0.12340746460284255,-0.34210224404570694,-0.24341313844845833,-0.1297753397599569,-0.0270357473174399,0.24097644193820847,REIT—Specialty,Real Estate,RYN
2013Q2,2013,Q2,2013-07-26,2013-06-30,87164000.0,409077000.0,110561000.0,0.67,111379000.0,0.27226903492496524,3828051000.0,1563539000.0,682217000.0,330471000.0,2177931000.0,99091000.0,1000647000.0,6886131508.08,8209847508.08,12.406351935009763,2.064377812273997,0.4355472275578356,1.0663609925943645,0.02916112828560035,12.406351935009763,0.0557478898831433,16.833338242140233,19.750503384654216,4.404195551297409,0.6364783626267725,3.004288986890838,0.008056482792247523,0.10686299633939046,1.392312789927104,0.022769811582970027,91.01055348162245,0.27226903492496524,-0.407079646017699,1.1613373172638939,0.24490841345356404,0.4569987254145084,-0.1278141909616996,-0.4099976308931533,-0.04162513110789421,1.155279088427278,0.24922053669347377,0.26131175740432244,REIT—Specialty,Real Estate,RYN
2013Q1,2013,Q1,2013-04-26,2013-03-31,147735000.0,393719000.0,115363000.0,1.13,127701000.0,0.324345535775515,3202285000.0,1539190000.0,590758000.0,260725000.0,1663095000.0,113643000.0,968973000.0,7367963209.349999,8302417209.349999,12.36497163617586,2.265827979672068,0.37487950010695487,0.7799368499015716,0.0403706388811245,12.36497163617586,0.09598230237982315,18.71376085317193,12.468208632602295,4.7869094844366185,0.3908620164483704,2.3408216960129526,0.007837172683859556,0.12294939394838374,1.4256783967782145,0.04613424476584689,132.90935870824012,0.324345535775515,0.9152542372881355,2.42351473601519,0.3018297784150166,0.46147329677474996,0.029680696661828737,0.953934055469587,-0.004865130642559542,1.4925481076709688,0.21961101504977606,0.25879862272247167,REIT—Specialty,Real Estate,RYN
2012Q4,2012,Q4,2013-02-26,2012-12-31,75609000.0,434306000.0,115927000.0,0.59,124020000.0,0.28555902980847603,3122951000.0,1438004000.0,566274000.0,307823000.0,1684947000.0,127966000.0,876634000.0,6384679793.92,7374135793.92,11.673529405652427,1.8396091260237215,0.406683294102277,0.8832047755082739,0.03020958469653125,11.673529405652427,0.052579130517022205,14.700878629169296,21.110845910936526,4.439959689903505,0.7171765266039757,2.424753450135192,0.008492986610172268,0.13906910483065538,1.2375780887068217,0.02421075450751549,-106.74758479075756,0.28555902980847603,-0.04838709677419359,1.0858428286848327,0.4203442017781267,0.39180924239999143,-0.04846666717816123,-0.06145729890764647,0.024923082363758533,-0.24876315270890895,0.3610745279073523,0.21819095611297235,REIT—Specialty,Real Estate,RYN
2012Q3,2012,Q3,2012-10-26,2012-09-30,80560000.0,408988000.0,113108000.0,0.62,130337000.0,0.3186817217131065,2913868000.0,1417966000.0,525181000.0,287066000.0,1495902000.0,121083000.0,855766000.0,5979046472.35,6772624472.35,11.54237645402937,1.8294782384538748,0.34629331184528606,0.7116200247396623,0.03570340832261666,11.54237645402937,0.05681377409613489,14.61912445438497,18.55463776176142,4.216635992929309,0.6722567030784509,2.3013222335092456,0.009057798806289286,0.14035913775092076,1.1335999386900573,0.027647100005902807,54.85514713570099,0.3186817217131065,0.14814814814814806,0.06918364172299947,0.1605457222357531,0.3669343673308062,0.1916961534593265,0.16620101622779715,0.14923795976427556,-0.04053224373578031,0.31461376951257397,0.2714372326635429,REIT—Specialty,Real Estate,RYN
2012Q2,2012,Q2,2012-07-27,2012-06-30,69079000.0,371926000.0,98420000.0,0.54,109371000.0,0.2940665616278507,2816577000.0,1360110000.0,500331000.0,196753000.0,1456467000.0,112851000.0,829888000.0,5498250333.599999,6327240333.599999,11.106976818935577,2.5429396248087706,0.3614646430756198,0.7485372506635493,0.03460194775147016,11.106976818935577,0.05078927439692378,14.783183573076363,19.898414618046004,4.042504160398791,0.708637936275858,2.3265633445871106,0.00890319593141342,0.1320489374158775,1.5166071165369779,0.024525869521763475,86.78478941835687,0.2940665616278507,0.28571428571428586,0.9678440502091123,0.175059244634244,0.374638137915399,0.06737778992260923,0.2927185283604993,0.1715411444011951,-0.3803001184865482,0.2899932230016042,0.29612432159926444,REIT—Specialty,Real Estate,RYN
2012Q1,2012,Q1,2012-04-25,2012-03-31,53437000.0,355780000.0,84009000.0,0.42,102467000.0,0.28800663331272136,2793883000.0,1342385000.0,498100000.0,233083000.0,1451498000.0,102317000.0,810687000.0,5394518859.150001,6182172859.150001,10.971461254530816,2.137006988926691,0.3665969548474292,0.7629919881405111,0.026286811526205454,10.971461254530816,0.03980750678829099,15.162512955056497,25.237751273228287,4.018607820520939,0.9216273368639707,2.4757664904170373,0.009129451816905878,0.12734248356140898,1.4319920371713082,0.01912642726986062,77.87107699963913,0.28800663331272136,-0.08612646582845766,0.4558217237406852,0.13443202433474913,0.3851464118339349,0.012930139681096096,-0.04968789457772403,0.033003381494005536,0.99174439268699,0.25281860506700843,0.40693417789224107,REIT—Specialty,Real Estate,RYN
2011Q4,2011,Q4,2012-02-28,2011-12-31,56231000.0,388424000.0,81325000.0,0.45958218976189563,101159000.0,0.2604344736679505,2569348000.0,1323073000.0,344502000.0,178251000.0,1246275000.0,121998000.0,806235000.0,5460589174.05,6229325174.05,10.813622140008901,1.9326791995556827,0.3297875569988962,0.6404325384918292,0.030639659460026527,10.813622140008901,0.042500300436937345,14.058320737261344,24.27748561314044,4.127201729647571,0.8662303711475876,2.3546697486844046,0.00892009972687134,0.15117609603681556,0.9848808702335471,0.021885318765694644,112.27925266377432,0.2604344736679505,-0.4528783455215528,-0.028201134967505734,0.13003294756058317,0.38003418087166496,-0.14925950532769308,-0.464002135183826,-0.2491459699012095,0.22593752905288925,0.06049359913388858,0.38363755064151106,REIT—Specialty,Real Estate,RYN
2011Q3,2011,Q3,2011-10-28,2011-09-30,104909000.0,385091000.0,108310000.0,0.84,118907000.0,0.3087763671443893,2494721000.0,1368031000.0,648418000.0,300209000.0,1126690000.0,114114000.0,799159000.0,4480656270.61,4893002270.61,11.232698392895927,2.1598886109343822,0.3105080688381587,0.566237899579761,0.055076838225560525,11.232698392895927,0.07668612772663777,11.635318069261551,10.677483034367881,3.2752593110901724,0.46413558417294987,2.3326147536673854,0.010867158081146678,0.15436235154151506,1.568394018833546,0.042052397843285884,40.93493641953991,0.3087763671443893,0.8805956114958123,0.8198425502206762,0.17824699109627767,0.4273514110019988,0.25661294583883754,0.858309420058809,0.3899440480468149,2.4002321460753255,0.2051848177060626,0.3167824898623578,REIT—Specialty,Real Estate,RYN
2011Q2,2011,Q2,2011-07-28,2011-06-30,56454000.0,357397000.0,77924000.0,0.446667,94625000.0,0.2647615956485365,2361787000.0,1302979000.0,605286000.0,302830000.0,1058808000.0,109029000.0,743419000.0,5301747741.1221,5685031741.1221,10.707128662308918,1.9987649836541954,0.2953119819865212,0.5352841450245936,0.032940482229898885,10.707128662308918,0.04332686866020097,14.834337560533804,23.478175776393613,4.068943352979672,0.7789882027845679,2.410111071366334,0.008294811852118108,0.15132482311063614,1.400908100254268,0.023903086942217905,102.639635674335,0.2647615956485365,-0.042857112244919865,0.24260631878978503,0.07816650725002278,0.38623629902599116,-0.055827180203552186,-0.03352050948435253,-0.092904953145917,0.4497073664991618,0.12637621001976312,0.25744238883071535,REIT—Specialty,Real Estate,RYN
2011Q1,2011,Q1,2011-04-26,2011-03-31,58412000.0,357731000.0,85905000.0,0.466667,100220000.0,0.2801546413366468,2324899000.0,1273548000.0,577469000.0,260311000.0,1051351000.0,101493000.0,731392000.0,5043788669.3,5421988669.3,10.488778850312565,2.2183810903112047,0.2990719166725092,0.5459645023195042,0.0341849330399671,10.488778850312565,0.04586556611921969,14.099389399576777,21.587125373638976,3.9604229045940946,0.7514551804423748,2.537229168514085,0.008702585076010294,0.15386947992149336,1.6356358355966516,0.025124532291510297,64.66229929104382,0.2801546413366468,-0.04239022257499454,1.327776347545117,0.19868932790412278,0.35035140459220615,0.427533651449327,-0.012827229555018506,0.985554143071767,0.3877128210694308,0.2126434458979122,0.23971737716403124,REIT—Specialty,Real Estate,RYN
2010Q4,2010,Q4,2011-02-23,2010-12-31,59171000.0,315308000.0,43265000.0,0.48732480703659764,70205000.0,0.22265530846029913,2363653000.0,1251582000.0,609186000.0,244948000.0,1112071000.0,110035000.0,717058000.0,4251316461.5985003,4670013461.5985,10.307869676707828,2.4870013227297223,0.32498848181183954,0.6137512364351676,0.02864159430818968,10.307869676707828,0.04727696627148681,13.48305929947385,17.96199346638767,3.396754237116306,0.7354447279917528,2.2275003408006544,0.010236123420376369,0.1333985995406263,1.8527891634142757,0.02503370841659076,-163.43673925874597,0.22265530846029913,-0.05066534386724095,-0.027168256020114242,-0.07309091646836455,0.3135854152982166,-0.3518262057759066,-0.059344397812539744,-0.5301470428531092,0.6560922255786189,0.0461652405471546,0.2289846358334284,REIT—Specialty,Real Estate,RYN
2010Q3,2010,Q3,2010-10-28,2010-09-30,62904000.0,377515000.0,92082000.0,0.513333,108312000.0,0.28690780498788127,2392135000.0,1222639000.0,661697000.0,175054000.0,1169496000.0,86215000.0,701527000.0,4022766553.8743,4383203553.8743,10.155300624977931,3.7799593268362903,0.3202586810526998,0.6265970576760598,0.036643341007916205,10.155300624977931,0.051449364857492685,10.655911828336093,15.9877215831835,3.2902324838928747,0.6385285514434694,3.122461288638868,0.009984670863218845,0.15781508986741968,2.98074879751391,0.026296174756023385,43.1900726197303,0.28690780498788127,0.604165625,-0.20835793118111168,0.18987480981708751,0.4299604613233667,0.563620614984842,0.6314124176565175,0.6342822660797955,-0.14812429469220356,0.0930776738095823,0.2026664950797339,REIT—Specialty,Real Estate,RYN
2010Q2,2010,Q2,2010-07-30,2010-06-30,38558000.0,312210000.0,56344000.0,0.32,69270000.0,0.22186989526280387,2352589000.0,1181863000.0,594689000.0,177004000.0,1170726000.0,92293000.0,679093000.0,3526182261.2802,3946055261.2802,9.836070949295701,3.3597489322275202,0.32477283537413465,0.6464852525208082,0.02508751604511329,9.836070949295701,0.032624762768611926,11.294264313379456,22.862844683854192,2.983579536105454,1.039473001711707,2.632268969477642,0.011366400551697159,0.13270911323652368,2.485904273349755,0.016389603113846064,15.384336628535902,0.22186989526280387,-0.323943185875483,1.1235995130506728,-0.00035256277589114225,0.3776856355335926,-0.10442551100883034,-0.3229856197215248,-0.2669268800416341,0.11941679723493308,0.005269989904473461,0.217346400785895,REIT—Specialty,Real Estate,RYN
2010Q1,2010,Q1,2010-05-07,2010-03-31,56953000.0,310200000.0,76860000.0,0.473333,77347000.0,0.24934558349451966,2332925000.0,1174932000.0,579421000.0,163154000.0,1157993000.0,89954000.0,680903000.0,3622662058.4169,4231720058.4169,9.822835370945567,3.551374774752688,0.32664059067479667,0.6485720024648235,0.03500413562742782,9.822835370945567,0.048473443569500195,11.678472141898453,15.901980836904553,3.083295082963865,0.700753252682036,2.5885786068434977,0.011016760425464758,0.13296612621494475,2.6778503744928104,0.024412700794067533,65.57329143135973,0.24934558349451966,-0.4206672453955304,0.5526521344743192,0.017618794044305247,0.3647253011450927,0.13881240889883537,-0.4172234899260184,-0.36453605178956766,0.5871555156290128,0.011755305950738978,0.2401324538681572,REIT—Specialty,Real Estate,RYN
2009Q4,2009,Q4,2010-02-24,2009-12-31,97727000.0,309836000.0,120951000.0,0.8170313110004642,67919000.0,0.21920951729301955,2252931000.0,1146206000.0,509696000.0,175111000.0,1106725000.0,88504000.0,663986000.0,3361907229.1569,3986592229.1569,9.582676137163713,2.91070235450657,0.3105505672388546,0.6104042379816542,0.05964858237081027,9.582676137163713,0.08526128811051417,10.850602348200015,8.600251796220338,2.9330741848820368,0.4060085749076509,2.7334018801410105,0.01180222929885857,0.13752573869328444,1.0205184140345267,0.04337771551814059,21.269951278680114,0.21920951729301955,0.2134134388192236,5.785925690693822,-0.021638628379911123,0.3520669572646542,-0.012977387664942162,0.20442445156519595,0.08819771835750531,0.7276346177331617,-0.07795168808437615,0.2229408834788719,REIT—Specialty,Real Estate,RYN
2009Q3,2009,Q3,2009-10-28,2009-09-30,81140000.0,300648000.0,111148000.0,0.673333,68812000.0,0.2288789547909848,2292184000.0,1077747000.0,543638000.0,166365000.0,1214437000.0,99975000.0,606008000.0,3237831193.0271997,3894416193.0271997,9.07821177286838,3.267742614131578,0.3532569811149541,0.7513173314330729,0.048425516424873034,9.07821177286838,0.07528668602185856,10.769508505053084,9.976063572304659,3.004259063608806,0.4881809218634459,2.3189397349337333,0.012233806408840548,0.13116224526477804,2.312499624320019,0.035398554391794027,44.886961488184326,0.2288789547909848,-0.2518522222222223,2.203758497111945,0.026872667096102913,0.29555144915750875,0.10944150651360764,-0.24698152255621653,-0.17200792622059327,0.44394748623389496,-0.056315943979301855,0.15357841278581338,REIT—Specialty,Real Estate,RYN
2009Q2,2009,Q2,2009-07-31,2009-06-30,107753000.0,278698000.0,134238000.0,0.9,62024000.0,0.22254913921161976,2164049000.0,1014360000.0,398263000.0,161061000.0,1149689000.0,106398000.0,564555000.0,2868504057.2552,3558710057.2552,8.569376126844745,2.4727463507615126,0.34661645831494575,0.7394761228755077,0.06708133970740231,8.569376126844745,0.10622757206514452,10.292517553965942,6.655276552057019,2.827895478188414,0.36669976705984986,2.036448053534841,0.013774775705846136,0.12878543877703325,0.8818956792767958,0.04979231061773555,68.06596723667512,0.22254913921161976,3.0909090909090913,1.3274818657050693,-0.21891355610646465,0.22550195908349296,0.12816035505111134,3.156976968481154,2.080973146660546,1.4383143485870133,-0.13564873664630342,0.1094646026675539,REIT—Specialty,Real Estate,RYN
2009Q1,2009,Q1,2009-04-30,2009-03-31,25921000.0,274370000.0,43570000.0,0.22,54978000.0,0.20037905018770275,2069305000.0,921821000.0,327633000.0,167992000.0,1147484000.0,104515000.0,496382000.0,2381550654.3353,3072749654.3353,7.798134004369275,1.950289299490452,0.36178958635870495,0.8121457419607494,0.021691808477119236,7.798134004369275,0.02811934204145924,8.680069447590116,22.96931690844585,2.5835283144290484,1.5206203464372516,2.0991436635889587,0.016550561260684653,0.1325904107900962,0.7699771417686556,0.012526427955279671,68.11436489919059,0.20037905018770275,-0.4131490244838091,-0.6775317696216574,-0.12219439722713311,0.12867863134119242,-0.2503374831258437,-0.4150739027417353,-0.2838357605443966,0.06102450029046245,-0.05567568716895851,0.0039511134973062275,REIT—Specialty,Real Estate,RYN
2008Q4,2008,Q4,2009-02-27,2008-12-31,44315000.0,353868000.0,60838000.0,0.3748822259458446,73337000.0,0.20724394406954005,2090531000.0,923857000.0,326976000.0,162951000.0,1166674000.0,96678000.0,514094000.0,2470598593.1,3179872593.1,7.815357522636808,2.006590938380249,0.3687862079060296,0.8345003609866029,0.034265273998064255,7.815357522636808,0.04796738023308802,6.981695414956989,13.937710668509533,2.674221868860657,0.8877129640076723,2.9017046277333,0.015922861815702377,0.1692718261532596,0.8237691085050107,0.021197963579588152,42.93407815063256,0.20724394406954005,0.5197907541172698,20.11675877494305,0.2251409642375991,0.22082615919403248,0.13558167262817236,0.4893795792162398,0.24128784787399005,-0.25163397309554747,0.0685083631513329,-0.00404836507830614,REIT—Specialty,Real Estate,RYN
2008Q3,2008,Q3,2008-10-24,2008-09-30,29754000.0,308142000.0,49012000.0,0.246667,64581000.0,0.20958194598594154,2140965000.0,1001897000.0,361465000.0,218768000.0,1139068000.0,95438000.0,509185000.0,3707508915.0,4446775915.0,8.530412941677309,1.6522754699041908,0.37098177690901063,0.7927551434927942,0.027911989234741263,8.530412941677309,0.029697663532279265,12.031819469595186,31.151348684210525,3.700489087201579,1.32069637695772,2.5520337810934848,0.010599030481360286,0.14392668726485486,0.6803280187230308,0.013897471467305631,47.39060134470108,0.20958194598594154,-0.21276405613197455,2.000000006590872,-0.06060229079115338,0.0745823878171367,-0.04791319603131312,-0.20477870429762668,-0.08534104693477652,-0.6161616173896042,-0.0044332246983891785,0.20116121381549054,REIT—Specialty,Real Estate,RYN
2008Q2,2008,Q2,2008-07-24,2008-06-30,37416000.0,304867000.0,53585000.0,0.313333,67831000.0,0.2224937431732526,2151870000.0,995617000.0,274476000.0,176965000.0,1156253000.0,92533000.0,518794000.0,3309760897.5,4083596897.5,8.51500534530682,1.5510185629926823,0.3693736145770888,0.7983431379737389,0.026360973339707713,8.51500534530682,0.03758071627945284,10.856409180068686,22.114609375,3.324331442211212,1.0480810348514005,2.561637469875612,0.011848287901890653,0.14167538001830965,0.6782753651852061,0.017387667470618578,-18.059479988541497,0.2224937431732526,-0.07843235294117662,-0.052631583733265916,-0.17367494187484378,0.08498151130878873,-0.07318239578067143,-0.07731005400606643,-0.11422431605917845,1.117647063285139,0.0031100236274026033,0.1926510708588318,REIT—Specialty,Real Estate,RYN
2008Q1,2008,Q1,2008-04-24,2008-03-31,40551000.0,284199000.0,60495000.0,0.34,73187000.0,0.25752025869197287,2048741000.0,989673000.0,351092000.0,180770000.0,1059068000.0,76736000.0,520670000.0,3387568140.48,3935543140.48,8.460620979845118,1.942202799137025,0.3391565844584552,0.702094530213515,0.028668108378773673,8.460620979845118,0.040974139943193356,11.919704645266169,20.88461530221203,3.4229166002103724,0.9649083869694952,2.749843619683069,0.011550468766203408,0.13871885221216346,1.2557172097140012,0.019793131489046198,69.36336746959336,0.25752025869197287,0.15543339589204277,3.629300018265592,0.004782920628871821,0.3130209112512293,0.25247287538077146,0.17808895732256472,0.40431310645805285,0.13043478356977148,-0.046650252655037854,0.17546747741962143,REIT—Specialty,Real Estate,RYN
2007Q4,2007,Q4,2008-02-28,2007-12-31,34421000.0,290358000.0,43078000.0,0.2942618771526037,58434000.0,0.20124811439671028,2079041000.0,981097000.0,396220000.0,218413000.0,1097944000.0,84291000.0,519328000.0,3683898470.9454,4252661470.9454,8.387305566043638,1.814086157875218,0.36066821193040444,0.7642914003406391,0.02587245078549479,8.387305566043638,0.035084196567719605,12.68743575498316,26.75618424032858,3.754876909159237,1.1329711513320357,2.7514681282699223,0.010586068076407091,0.13965958343293855,1.2002444909414733,0.016556191051547323,149.78241394370403,0.20124811439671028,-0.5095635380789938,1.510538998381113,-0.04660521366832193,0.2997502103701852,-0.4531621404106384,-0.5182977175084317,-0.5349655634000475,1.4440180016069277,-0.06246476006763312,0.18340623788272994,REIT—Specialty,Real Estate,RYN
2007Q3,2007,Q3,2007-10-26,2007-09-30,71457000.0,334215000.0,92634000.0,0.6,106858000.0,0.3197283185973101,1967852000.0,983775000.0,299065000.0,177426000.0,984077000.0,69720000.0,523977000.0,3638097223.2126,4167513223.2126,8.443987311964369,1.685575958427739,0.31585759498173643,0.631812152168941,0.05213875112582689,8.443987311964369,0.07263551116871236,10.885499523398412,12.728274428021749,3.6980988775000387,0.5440894523979456,3.2610011474469305,0.010686630294521961,0.16983746745182057,1.1148873333107887,0.03631218201368802,32.84103686811219,0.3197283185973101,1.1428571428571426,3.387660738817927,0.09489426299089967,0.28256194065671403,0.5436107820760986,1.1451472486566,0.6624015218132548,1.8750000064374375,0.16319497098315225,0.20504128702722896,REIT—Specialty,Real Estate,RYN
2007Q2,2007,Q2,2007-07-27,2007-06-30,33311000.0,300351000.0,55723000.0,0.28,69226000.0,0.23048366744242568,1959319000.0,938897000.0,278063000.0,156112000.0,1020422000.0,68575000.0,491481000.0,3496876458.5078998,4147333458.5078998,8.079927737039947,1.7811763349390182,0.34030140063971204,0.710151379757311,0.026711140782068862,8.079927737039947,0.03547886509382819,11.642632981105105,26.24415702401534,3.724451626225134,1.0942031160877788,3.3703973751367116,0.010423302176237765,0.1532935678161647,0.7442797478733217,0.017001315252901647,61.98596905923884,0.23048366744242568,-0.06666666666666654,0.946478806164391,0.05860258437965573,0.21594313044717053,0.018224072249106448,-0.05042759407069555,0.010206671501087745,-0.26704545705800764,-0.14251453805232278,0.1555062030684171,REIT—Specialty,Real Estate,RYN
2007Q1,2007,Q1,2007-04-26,2007-03-31,35080000.0,299729000.0,55160000.0,0.3,67987000.0,0.22682823483880438,1967495000.0,926205000.0,291631000.0,171112000.0,1041290000.0,58524000.0,494692000.0,3352092777.1110997,3995057777.1110997,7.920795347550728,1.7043281593342372,0.3412643996553994,0.7249323853790468,0.028461924070050885,7.920795347550728,0.037874984479677826,11.183745240237347,23.888916598568272,3.619169381628365,1.0347776510832383,3.9597771854282002,0.010829055880512967,0.15234041255505096,0.7732888400579737,0.017829778474659403,271.29271423689704,0.22682823483880438,-0.3656419547920434,2.534816178569156,0.027734782793568443,0.21743885571085886,-0.1371770140616275,-0.36564195298372515,-0.2701000370507595,-0.5588235295559005,-0.030588728812720806,0.14643226789872582,REIT—Specialty,Real Estate,RYN
