Quarters,Year,Quarter,FillingDate,Date,NetIncome,Revenue,OperatingIncome,EPSDiluted,GrossProfit,GrossProfitRatio,TotalAssets,CommonStockEquity,CurrentAssets,CurrentLiability,TotalLiability,Inventory,RetainedEarnings,MarketCap,EnterpriseValue,bookValuePerShare,currentRatio,debtToAssets,debtToEquity,roic,shareholdersEquityPerShare,roe,priceToSalesRatio,peRatio,pbRatio,payoutRatio,inventoryTurnover,dividendYield,assetTurnover,quickRatio,returnOnAssets,priceToFreeCashFlowsRatio,grossProfitMargin,epsdilutedGrowth,fiveYNetIncomeGrowthPerShare,fiveYRevenueGrowthPerShare,fiveYShareholdersEquityGrowthPerShare,grossProfitGrowth,netIncomeGrowth,operatingIncomeGrowth,threeYNetIncomeGrowthPerShare,threeYRevenueGrowthPerShare,threeYShareholdersEquityGrowthPerShare,Industry,Sector,Symbol
2023Q1,2023,Q1,2023-04-18,2023-03-31,26959000.0,203630000.0,101436000.0,0.08,121304000.0,0.5957079016,12540174000.0,3795688000.0,209086000.0,1186643000.0,8740657000.0,0.0,1647579000.0,2122093111.5,7951821111.5,13.862059982470283,0.17619958150850762,0.4762383679843677,1.5733938089748156,0.009392197304995265,13.862059982470283,0.007102533190293828,10.421318624465943,19.678893055194926,0.5590799642910588,0.5496865610742239,0.0,0.0069831997096136845,0.016238211686695894,0.1390502451032029,0.002149810680457863,190.33932294376177,0.5957079015862102,-0.3333333333333333,-0.8674654015270578,16.933240907754243,0.840602391540687,0.0914915059026778,-0.5328701136678681,0.08620135780523848,1.474183580682542,0.17708060257238525,0.6964562390999173,Real Estate Services,Real Estate,TCN
2022Q4,2022,Q4,2023-02-07,2022-12-31,57712000.0,195713000.0,93386000.0,0.12,111136000.0,0.5678519056,12450946000.0,3790249000.0,266807000.0,991133000.0,8653921000.0,0.0,1638068000.0,2117819646.09,7675344646.09,13.798540326109588,0.2691939426898307,0.46276226722049874,1.5201713660500933,0.009753368884005255,13.798540326109588,0.015226440268172355,10.821047381063087,9.17408704467875,0.5587547536032593,0.26694621569171056,0.0,0.007274462690174373,0.015718725308101086,0.23133827649770516,0.0046351498111067225,163.57609068432842,0.5678519055964601,-0.75,0.11110560482218726,12.047365713851171,1.0193137006886102,-0.440236525453181,-0.6713271181324784,-0.4987628213041635,-0.06966240859595488,10.86369079503989,0.6283139399908036,Real Estate Services,Real Estate,TCN
2022Q3,2022,Q3,2022-09-30,2022-09-30,175591000.0,283239000.0,186311000.0,0.48,198541000.0,0.7009663217,12406346000.0,3753819000.0,510385000.0,816701000.0,8647297000.0,0.0,1599534000.0,2376242062.25,8143521062.25,13.664657681909107,0.6249349517142748,0.4763044654727508,1.5741829853810212,0.015597013267178396,13.664657681909107,0.04677662934733934,8.389529910252472,3.383205947699484,0.6330198824850106,0.08488476060845943,0.0,0.0062725091171422385,0.02283017094638502,0.3188486361593778,0.014153321211579944,23.848274410377357,0.7009663217282931,-0.43529411764705883,0.49112625635011775,22.24994210210929,1.02992939161752,1.2839443683925962,-0.5777387665780899,1.1056373047625505,2.9408048463867607,16.772875402771632,0.6483927421168739,Real Estate Services,Real Estate,TCN
2022Q2,2022,Q2,2022-06-30,2022-06-30,415835000.0,175522000.0,88482000.0,0.85,86929000.0,0.4952598535,11487287000.0,3608352000.0,218353000.0,556646000.0,7873367000.0,0.0,1439821000.0,2784429682.32,8017638682.32,13.140460867919685,0.3922654613524574,0.4683152775759847,1.4908944581903318,0.00849428753062,13.140460867919685,0.11524235994714485,15.863707582639215,1.6739991116187911,0.7716624326894937,0.035793042913655655,0.0,0.0053454393531671375,0.015279673956087281,0.29473489434937106,0.03619958306952721,31.075877304047946,0.4952598534656624,0.44067796610169496,9.780441679268279,11.614078103008536,0.9397489800832755,0.3400906456187951,1.544002398184232,0.33968234741926207,18.771568192070728,9.630761136544686,0.2805168417220456,Real Estate Services,Real Estate,TCN
2022Q1,2022,Q1,2022-03-31,2022-03-31,163457000.0,151199000.0,66047000.0,0.59,64868000.0,0.4290240015,10167087000.0,3214011000.0,229724000.0,439413000.0,6946886000.0,0.0,1039858000.0,4352142275.0,8889083275.0,11.727211900488708,0.5227974593377984,0.46032231257586365,1.456167075968315,0.006429575930543772,11.727211900488708,0.050857635521471455,28.784200126984967,6.656402410113976,1.354115550631283,0.0871727732675872,0.0,0.0032740198044191923,0.014871417939081272,0.42303937298168237,0.01607707301019456,145.54199495033944,0.4290240014814913,0.017241379310344845,7.603057099305293,9.904698979024463,0.8124974419479756,-0.35795235220175586,0.28729612449498726,-0.6669692064884707,2.599696524698107,9.633494185023613,0.4077895689846649,Real Estate Services,Real Estate,TCN
2021Q4,2021,Q4,2021-12-31,2021-12-31,126977000.0,141049000.0,198321000.0,0.58,101033000.0,0.7162971733,9148617000.0,3053794000.0,251422000.0,430365000.0,6087548000.0,0.0,893379000.0,3293551284.0,7034090284.0,14.167677469205607,0.5842064294261847,0.42819947539611725,1.282808532599121,0.019946582098024943,14.167677469205607,0.04158008038525192,23.35040506490652,6.48454303535286,1.0785112826863894,0.6491333076068895,0.0,0.02502617779186219,0.015417521577305072,0.5076528063388054,0.013879365591542415,-471.9907257093723,0.716297173322746,-0.36956521739130443,6.9898462890617274,8.497020717116548,1.2037318476317551,0.16563985416955096,-0.3677861037118176,-0.35308873130092705,0.973014900766408,8.875235403411851,0.7276192538870813,Real Estate Services,Real Estate,TCN
2021Q3,2021,Q3,2021-09-30,2021-09-30,200845000.0,124949000.0,306566000.0,0.92,86676000.0,0.6936910259,8097401000.0,2394458000.0,339021000.0,680115000.0,5697523000.0,0.0,784078000.0,2812882477.5,6500817477.5,11.10877441554968,0.4984759930305904,0.47407026032179955,1.6031757500027146,0.03673185615413151,11.10877441554968,0.08387910750574869,22.51224481588488,3.5013100618636264,1.174747052360075,0.050865094973735966,0.0,0.0036318616514258548,0.015430753645521569,0.25152069870536603,0.02480363761162378,53.45144850356294,0.6936910259385829,0.2777777777777779,3.456120563101164,8.34609101375617,0.7335798927372603,0.033616752328368533,0.3802167444353581,0.3327044380588872,2.745770921377677,9.11444968635246,0.3461696391747538,Real Estate Services,Real Estate,TCN
2021Q2,2021,Q2,2021-06-30,2021-06-30,145517000.0,119034000.0,230033000.0,0.72,83857000.0,0.7044793924,6917660000.0,2003244000.0,240308000.0,365738000.0,4908441000.0,0.0,595657000.0,2598435546.75,5983683546.75,10.060797633675229,0.657049581941171,0.5016173098995903,1.7321993726176141,0.031620851209443496,10.060797633675229,0.0726406768221944,21.829355871011643,4.464144304016026,1.2971138547026724,0.07545510146580812,0.0,0.004225619532388734,0.01720726372790799,0.31309844752254345,0.0210355813960212,92.04844474653724,0.7044793924424955,2.428571428571429,4.739009048593212,10.178435047614796,0.6159658712811623,0.11657479161673458,2.4726279114165712,6.077938461538461,3.8765551218213803,9.76042460436046,0.2944174262551208,Real Estate Services,Real Estate,TCN
2021Q1,2021,Q1,2021-03-31,2021-03-31,41904000.0,107404000.0,32500000.0,0.21,75102000.0,0.6992477003,6376567000.0,1702121000.0,450536000.0,276821000.0,4667879000.0,0.0,461979000.0,2543427082.35,5751480082.35,8.733365781997017,1.6275354832183975,0.5493153290791111,2.0578713264215645,0.00404723995498426,8.733365781997017,0.024618696320649353,23.68093443773044,15.174130645940723,1.4942692572090939,0.2678503245513555,0.0,0.004412943495761467,0.016843546064833945,1.2119600752833057,0.006571561155085487,320.8157268352674,0.6992477002718707,-0.4878048780487805,0.8257529603770845,9.723736400315579,0.42337500556053476,-0.12846400222810195,-0.47408318481889605,-0.78354257551034,-0.7105757460454283,12.288973357973632,0.1596150907492131,Real Estate Services,Real Estate,TCN
2020Q4,2020,Q4,2020-12-31,2020-12-31,79678000.0,134704000.0,150145000.0,0.41,86172000.0,0.6397137427,7174834000.0,1735096000.0,210712000.0,428278000.0,5431596000.0,0.0,499000000.0,2543427082.35,6798134082.35,8.90255630174347,0.49199818809278084,0.6006919463223818,2.483934606500159,0.01880150198299494,8.90255630174347,0.04592137841364397,18.881600266881456,7.980330462455132,1.46587110012933,0.13326137704259644,0.0,0.0041746822913395635,0.0187745110200459,0.18854809259406274,0.011105204663968532,184.1728517270094,0.6397137427247892,0.7826086956521737,0.5985057851171256,10.53071071004564,0.46680446490794975,0.07898427326454974,0.3830825044697877,0.29101461736887363,1.1619888643125507,11.656378922897943,0.30282287012968645,Real Estate Services,Real Estate,TCN
2020Q3,2020,Q3,2020-09-30,2020-09-30,57609000.0,128145000.0,116300000.0,0.23,79864000.0,0.6232314956,6833736000.0,1658446000.0,85636000.0,304996000.0,5166952000.0,0.0,429961000.0,2534380913.7000003,6611643913.700001,8.539647762894214,0.28077745281905336,0.6043868244251753,2.4904157265295344,0.015591120824918136,8.539647762894214,0.03473673547405221,19.777446749385465,10.998198691610687,1.5281660745661905,0.89550243885504,0.0,0.02035566150341783,0.01875182184386403,0.24449828850214428,0.00843008860746157,61.19771360925314,0.623231495571423,1.5555555555555558,-0.12845107004753753,7.376020441423729,0.37197365352388856,0.010425101214574899,2.3794215991083476,0.8960822994277516,-0.30798470077339807,13.879340517171961,0.26859248079882303,Real Estate Services,Real Estate,TCN
2020Q2,2020,Q2,2020-06-30,2020-06-30,17047000.0,126240000.0,61337000.0,0.09,79040000.0,0.6261089987,6637381000.0,1606212000.0,63959000.0,276519000.0,5023321000.0,0.0,382497000.0,2531725760.7000003,6784276760.700001,8.279359054356838,0.23130056162506013,0.6457319536124263,2.6683706758510084,0.008434259359306574,8.279359054356838,0.01061316936992128,20.054861855988594,37.12861149615769,1.5762089691149115,0.6059717252302458,0.0,0.004080220757063295,0.019019550030350826,0.18504695879849126,0.0025683322985376312,53.755563214217474,0.6261089987325729,1.4285714285714286,0.10280394303698241,9.65236340932376,0.6221382830093489,0.0537402178405258,1.4208616220219725,9.20561872909699,1.509489730156219,11.841421269965478,0.22217009303223983,Real Estate Services,Real Estate,TCN
2020Q1,2020,Q1,2020-03-31,2020-03-31,-40505000.0,123250000.0,-7475000.0,-0.21,75009000.0,0.6085922921,6540842000.0,1594040000.0,86293000.0,262777000.0,4939248000.0,0.0,375339000.0,2545801947.4500003,6730467947.450001,8.171186301761033,0.3283887098185914,0.647900377352029,2.6585367995784295,-0.0010194894270627146,8.171186301761033,-0.02541027828661765,20.65559389411765,-15.712886973521789,1.597075322733432,-0.2286631280088878,0.0,0.0036381463252776877,0.01884313976702082,0.25136522602815314,-0.006192627799295565,88.91456927388937,0.6085922920892495,-1.9545454545454546,-0.7178915920344603,8.9392317076616,0.6132221350141901,5.402270399453738,-1.9193980388596332,-1.1393341783477482,-3.9949970681374234,11.487921906404809,0.26289644932612016,Real Estate Services,Real Estate,TCN
2019Q4,2019,Q4,2019-12-31,2019-12-31,44056000.0,11716000.0,53648000.0,0.22,11716000.0,1.0,2302289000.0,1653138000.0,18656000.0,36529000.0,641107000.0,0.0,425515000.0,2545801947.4500003,3007446947.4500003,8.474127738651871,0.5107175121136631,0.20438485350883404,0.2846422984651009,0.02487282817830175,8.474127738651871,0.02664992275297041,217.29275754950498,14.446397468279008,1.5399815063533717,0.20673688033412022,0.0,0.003577654581151931,0.0050888485329165884,0.4889266062580416,0.019135738389055416,75.94647974254946,1.0,0.46666666666666673,-0.48132449034666847,-0.4246073403885621,0.6295322526712255,0.03470811622361565,0.3916229704971887,0.17015289986258642,2.062988731113116,-0.12838697758864132,0.3181204342883662,Real Estate Services,Real Estate,TCN
2019Q3,2019,Q3,2019-09-30,2019-09-30,31658000.0,11323000.0,45847000.0,0.15,11323000.0,1.0,2286521000.0,1618001000.0,19892000.0,41001000.0,660431000.0,0.0,391915000.0,2547130724.55,3031856724.55,8.289685663357682,0.4851588985634497,0.21532013045145879,0.30428534963822645,0.018471781204730534,8.289685663357682,0.01956611893317742,224.9519318687627,20.114431775143725,1.5742454575429805,0.3018510329142713,0.0,0.003751672384890356,0.004952064730654125,0.46211068022731155,0.013845488407935024,-62.706320151403254,1.0,2.7499999999999996,-0.6205074114740997,-0.25593578912061915,0.6579970055672365,0.20881819152343334,1.6532014750251425,1.0024021663172606,-0.22432510453793175,-0.06468245360093534,0.2936469718021656,Real Estate Services,Real Estate,TCN
2019Q2,2019,Q2,2019-06-30,2019-06-30,11932000.0,9367000.0,22896000.0,0.04,9367000.0,1.0,2212017000.0,1598663000.0,19648000.0,38749000.0,605266000.0,0.0,371193000.0,2033022255.3000002,2462785255.3,10.261841500068305,0.50705824666443,0.19650572305728212,0.27189845514658184,0.008906839518603986,10.261841500068305,0.00746373688513464,217.0409154798762,42.59600769569226,1.2717015751912693,0.5568219912839424,0.0,0.003268040958567661,0.0042345967503866384,0.49516116544943095,0.005394171925441803,731.829465550756,1.0,-0.75,1.562757958734549,0.04841139675600095,1.1285690758847877,0.25076779276271866,-0.5010871383174443,-0.3725232261777522,-0.398540709777251,0.12429509521672419,0.648257548198924,Real Estate Services,Real Estate,TCN
2019Q1,2019,Q1,2019-03-31,2019-03-31,23916000.0,7489000.0,36489000.0,0.16,7489000.0,1.0,1784910000.0,1202432000.0,26774000.0,15593000.0,573467000.0,0.0,369646000.0,1883709845.1000001,2308263845.1000004,8.330230709797547,1.7170525235682679,0.2453042450319624,0.3641336890568448,0.01825267288441153,8.330230709797547,0.01988969022780498,251.53022367472295,19.69089568803312,1.5665832621719982,0.268314099347717,0.0,0.003406575602231002,0.00419572975668241,1.6901814916949913,0.01339899490730625,-37.67645748944937,1.0,-0.44827586206896547,-0.483479396345391,0.34691651558186626,0.719614060521772,-0.21704129639309985,-0.4450786579423639,-0.3423983564013841,0.40695549795694597,0.00961266170454515,0.35767154140282986,Real Estate Services,Real Estate,TCN
2018Q4,2018,Q4,2018-12-31,2018-12-31,43098000.0,9565000.0,55488000.0,0.29,9565000.0,1.0,1687662000.0,1183734000.0,26526000.0,13779000.0,495064000.0,0.0,353220000.0,1883709845.1000001,2250652845.1000004,8.200694358626093,1.9251034182451556,0.22203261079528958,0.3165542258649325,0.031568452373893136,8.200694358626093,0.03640851745409019,196.9377778463147,10.926898261520257,1.5913286642945121,0.1146224882825189,0.0,0.0026224845683374084,0.005667604058158565,1.865665142608317,0.02553710399357217,-1610.0084146153847,1.0,0.2083333333333333,0.8523144669642776,-0.015594752166273984,0.7365144266916529,0.23562847177367266,0.2827167475222477,0.19421487603305784,0.16744972873995906,0.10551806159828071,0.35116417047791926,Real Estate Services,Real Estate,TCN
2018Q3,2018,Q3,2018-09-30,2018-09-30,33599000.0,7741000.0,46464000.0,0.24,7741000.0,1.0,1644729000.0,1114587000.0,24947000.0,22035000.0,520638000.0,0.0,317472000.0,1762617707.5500002,2152442707.55,8.252135609268178,1.1321533923303835,0.24110050956722962,0.35577752118049105,0.02701882840116458,8.252135609268178,0.030144798028327983,227.69896751711667,13.115105416455847,1.5814088155971675,0.14312925979939878,0.0,0.0027283284284511156,0.004706550440832502,1.0881325164511004,0.02042828940208387,-111.05202290511593,1.0,0.6,8.86873698629261,-0.3817669184387022,0.30396672871965924,0.03572384265453572,0.6665343980953325,-0.09223405294519879,-0.26912762065558826,-0.27247672636210285,0.32578215818413864,Real Estate Services,Real Estate,TCN
2018Q2,2018,Q2,2018-06-30,2018-06-30,20161000.0,7474000.0,51185000.0,0.15,7474000.0,1.0,1597820000.0,1045613000.0,39928000.0,26553000.0,542520000.0,0.0,291319000.0,1755591313.5,2151458313.5,7.772452247326524,1.5037095620080594,0.2613930229938291,0.3994393719282373,0.030351308080818255,7.772452247326524,0.019281512375993796,234.89313801177414,21.769645770299093,1.6790067773640918,0.2630821883835127,0.0,0.0030212042855382922,0.0046776232616940585,1.4856701690957708,0.012617816775356424,36.67567714339433,1.0,-0.673913043478261,-0.4681435418415282,-0.2305929018391873,1.1490902502445377,0.342554338063589,-0.7978380980075607,-0.5634802186649838,0.8808564727917657,-0.09051546408704683,0.522822269269227,Real Estate Services,Real Estate,TCN
2018Q1,2018,Q1,2018-03-31,2018-03-31,99727000.0,5567000.0,117257000.0,0.46,5567000.0,1.0,1565396000.0,1011041000.0,25948000.0,13683000.0,544454000.0,0.0,258907000.0,1751908773.15,2188837773.15,7.531262616075906,1.89636775560915,0.286661011015743,0.44383758917788696,0.07304253958110582,7.531262616075906,0.09863793852079193,314.6953068349201,4.391761441610597,1.7327771803022827,0.04543403491531882,0.0,0.002586321884702413,0.0035562886323971697,1.8471095519988308,0.06370720252255659,-29.08601363311861,1.0,1.8750000000000002,2.579334001305987,-0.8839843073989627,1.154066222390604,-0.24062201609603057,2.9285798700019696,2.106392560998225,7.146289314043816,-0.34762060534734873,0.48688319029515675,Real Estate Services,Real Estate,TCN
2017Q4,2017,Q4,2017-12-31,2017-12-31,25385000.0,7331000.0,37747000.0,0.16,7331000.0,1.0,1430723000.0,917340000.0,28941000.0,18179000.0,502428000.0,0.0,167849000.0,1751908773.15,2120699773.15,6.833282179685168,1.5920017602728422,0.2681189859951926,0.4181699260906534,0.02417125010210782,6.833282179685168,0.02767240063662328,238.97268764834266,17.25338559336222,1.9097703939106547,0.189915304313571,0.0,0.0027518556182190095,0.00512398276955078,1.5577864569008195,0.017742777602652644,-52.29266232314489,1.0,-0.44827586206896547,3.0321578530898328,-0.7944744960021346,1.0088598854769704,0.22900251466890192,-0.5597391560727727,-0.46733179047188983,-0.5657088558667036,-0.47680775191892477,0.31400588317918865,Real Estate Services,Real Estate,TCN
2017Q3,2017,Q3,2017-09-30,2017-09-30,57659000.0,5965000.0,70864000.0,0.29,5965000.0,1.0,1337211000.0,905465000.0,26115000.0,25303000.0,420581000.0,0.0,152373000.0,1755352550.7,2061563550.7,6.731592605307626,1.0320910563964747,0.2362364652997919,0.34887930510842496,0.05214104827763944,6.731592605307626,0.06367888322574589,294.275364744342,7.610921758528591,1.9386199916065228,0.07983142267469086,0.0,0.002622265252734793,0.0044607769454484,0.8234201478085602,0.04311884960563441,-608.4410920970538,1.0,2.705882352941176,4.237332435039507,-0.8583346526783199,1.3023856564367084,-0.061959427582953294,3.6640946264381093,5.401490683229814,0.002937360711042373,-0.4312174863256496,0.34636714050963463,Real Estate Services,Real Estate,TCN
2017Q2,2017,Q2,2017-06-30,2017-06-30,-21643000.0,6359000.0,-16100000.0,-0.17,6359000.0,1.0,1276485000.0,850112000.0,29578000.0,27605000.0,414168000.0,0.0,101702000.0,1637651899.3500001,1932125899.3500001,6.7743099766215895,1.071472559318964,0.23633650219156513,0.35487088760069263,-0.013411232309503213,6.7743099766215895,-0.02545899834374765,257.5329296037113,-18.916646252252463,1.9263954624214221,-0.2113847433350275,0.0,0.002793633984008361,0.004981648824702209,0.9196522369136026,-0.016955154192959572,-6.726712942227517,1.0,-3.4285714285714284,-3.1819769749483675,-0.7246077672892788,0.9390351018334422,0.10706824512534818,-3.7497141405158176,-2.1694632091232657,-0.2672036058302136,-0.11643078148644274,0.40516560566624754,Real Estate Services,Real Estate,TCN
2017Q1,2017,Q1,2017-03-31,2017-03-31,7871000.0,5744000.0,13767000.0,0.07,5744000.0,1.0,1183510000.0,734597000.0,193451000.0,329749000.0,436130000.0,0.0,130047000.0,1481638627.3500001,1680124627.3500001,6.470195007770563,0.5866613697084753,0.18687294572922916,0.3010711995829006,0.010808375384921645,6.470195007770563,0.010714718410230372,257.94544348015324,47.06005041767248,2.0169407543864186,0.5328420785160717,0.0,0.0028306497431841537,0.004853359920913216,0.1257956809573342,0.0066505563958056966,-35.90371549543219,1.0,-0.027777777777777613,4.189124288874488,-0.7180742689170693,1.5890350057174678,-0.2657548255145085,-0.059730020308206906,-0.06397878705466413,-0.7838771264158405,0.31341809285168637,0.3356458779219623,Real Estate Services,Real Estate,TCN
2016Q4,2016,Q4,2016-12-31,2016-12-31,8371000.0,7823000.0,14708000.0,0.072,7823000.0,1.0,972744000.0,729914000.0,37271000.0,16351000.0,229083000.0,0.0,127691000.0,1481638627.3500001,1632715627.3500001,6.428948006732729,2.2794324506146415,0.1735883233409818,0.2313382124469458,0.012027877670563231,6.428948006732729,0.011468474368213242,189.3951971558226,44.249152650519655,2.0298810919505588,0.4940867279894875,0.0,0.002791503895519709,0.008042198152854193,2.1204819277108435,0.008605552951238968,23.58133130699814,1.0,-0.5764705882352942,0.16730529116227252,-0.5623529067834783,1.600656509060271,0.1202921380495489,-0.644422733837397,-0.5264801519590483,-0.5425889420139418,0.023608755237458954,0.36134337824685,Real Estate Services,Real Estate,TCN
2016Q3,2016,Q3,2016-09-30,2016-09-30,23542000.0,6983000.0,31061000.0,0.17,6983000.0,1.0,1009696000.0,721444000.0,20458000.0,13818000.0,274351000.0,0.0,124775000.0,1469233597.5,1679380597.5,6.407996805967405,1.4805326385873498,0.21400500744778628,0.2995104263116749,0.02784824413137275,6.407996805967405,0.03263177737981049,210.40148897322067,15.602259764463513,2.0365178690237915,0.18231246283238467,0.0,0.0029212509210945945,0.0069159430165119,1.2886090606455347,0.023315928754793522,-32.2214482543094,1.0,0.5454545454545455,2.9859436649148043,-0.5982102254137356,1.5962477730936433,0.1607380319148936,0.6434205933682373,0.6399683210137276,7.6143825719813085,-0.3309408833397095,0.012563902044789367,Real Estate Services,Real Estate,TCN
2016Q2,2016,Q2,2016-06-30,2016-06-30,14325000.0,6016000.0,18940000.0,0.11,6016000.0,1.0,943259000.0,700357000.0,31905000.0,15359000.0,228378000.0,0.0,106811000.0,1468012509.0,1627203509.0,6.225872595749114,2.0772836773227423,0.17798504970533013,0.23971488826412815,0.019719910123540206,6.225872595749114,0.020453854248618918,244.01803673537233,25.61976455497382,2.096091720365471,0.32404886561954627,0.0,0.0031620983959885314,0.006377887727548849,1.5370141285239924,0.015186709058699678,-28.646941340618596,1.0,0.0,5.419893135844714,-0.6323711166819942,1.3542444780287737,0.04173160173160173,0.08243917183013451,0.02694789350973269,-0.5480705269593114,-0.2593643891516138,0.7214595431437169,Real Estate Services,Real Estate,TCN
2016Q1,2016,Q1,2016-03-31,2016-03-31,13234000.0,5775000.0,18443000.0,0.11,5775000.0,1.0,893113000.0,689523000.0,42249000.0,10373000.0,188035000.0,0.0,98099000.0,1466550269.5500002,1569110269.5500002,6.13567453965356,4.072977923455124,0.14781556197256115,0.19145989328854876,0.01861655275733339,6.13567453965356,0.01919297833429777,253.94809862337667,27.704213947974917,2.12690551228893,0.29295753362551,0.0,0.002643618892920478,0.006466147060898229,3.7818374626434013,0.014817833801545829,-52.23315416711188,1.0,-0.5217391304347826,11.706356469549096,-0.6676251661361852,1.2575641540332172,-0.14266627078384797,-0.5395428134024565,-0.43360358700325535,-0.4325924177780017,-0.8562320640372444,0.7549048481244124,Real Estate Services,Real Estate,TCN
2015Q4,2015,Q4,2015-12-31,2015-12-31,28741000.0,6736000.0,32562000.0,0.23,6736000.0,1.0,826526000.0,682070000.0,15123000.0,12478000.0,128524000.0,0.0,90813000.0,1466550269.5500002,1533410269.5500002,6.069354515021984,1.2119730726077897,0.08632880272368927,0.10461242980925711,0.04200154590509358,6.069354515021984,0.04213790373422083,217.71827042013066,12.756604411380955,2.1501462746492295,0.14209665634459484,0.0,0.0027847664582634083,0.008149773872812228,1.0082545279692259,0.03477325577174826,-28.341873988791193,1.0,0.15,19.217472107141717,-0.6972574807402215,1.2477827573907376,0.47492883731114516,-0.13224238398599075,-0.22382723112128147,3.7485059421186877,-0.7744103791754685,0.7842791348809693,Real Estate Services,Real Estate,TCN
2015Q3,2015,Q3,2015-09-30,2015-09-30,33121000.0,7666000.0,41952000.0,0.2,4567000.0,0.5957474563,802391000.0,605704000.0,57771000.0,12856000.0,180809000.0,0.0,69093000.0,1269921182.4,1312477182.4,6.224352589395787,4.493699439950218,0.10369508132568785,0.1373674269940433,0.05276839670108785,6.224352589395787,0.05468182478570391,165.65629825202194,9.585468301077867,2.0966035925138353,0.11439871984541529,0.0,0.002983649735520783,0.009553945644953645,3.732420659614188,0.041277880733956385,-39.52692923306773,0.5957474563005479,4.0,54.70323787116842,-0.49723054806220035,1.35905090162287,0.6241109530583214,3.5785181089300524,3.1319806953609772,3.5704621929282183,-0.7483426697649724,1.1288959333531505,Real Estate Services,Real Estate,TCN
2015Q2,2015,Q2,2015-06-30,2015-06-30,7234000.0,5546000.0,10153000.0,0.04,2812000.0,0.5070320952,728528000.0,463387000.0,25171000.0,12020000.0,248320000.0,0.0,40640000.0,1184801278.5,1308333278.5,5.103978582514671,2.0940931780366054,0.18327366964619068,0.2881392874638261,0.019567104384373923,5.103978582514671,0.015611141443329226,213.63167661377568,40.94557915745093,2.5568289108239983,0.5254354437379043,0.0,0.0032081329324797816,0.007612610634045637,1.2760399334442596,0.009929611490567281,38.609224704272165,0.5070320952037505,1.3333333333333335,1.102035551600361,-0.7646621976982365,0.202204450345205,-0.07682206172028891,1.6602774735304855,6.352134949920928,0.00806210133059491,-0.668014736371143,0.46093014117397446,Real Estate Services,Real Estate,TCN
2015Q1,2015,Q1,2015-03-31,2015-03-31,-10956000.0,5762000.0,-1897000.0,-0.12,3046000.0,0.5286358903,754648000.0,459139000.0,19512000.0,15137000.0,278086000.0,0.0,37757000.0,1182942828.0,1330330828.0,5.065134010009823,1.2890268877584725,0.20622197368839512,0.3389496427007943,-0.0061512616805926516,5.065134010009823,-0.02386205484613592,205.3007337729955,-26.99303641840088,2.576437261918504,-0.35323110624315446,0.0,0.003271502145664135,0.0076353478707953905,1.0864107815287045,-0.014518026947663016,-82.82753311861084,0.5286358903158626,-1.2790697674418605,-5.884783339533587,-0.8433699591099985,24.45145471918805,-0.4001139006419599,-1.277589836629358,-1.0381420002667403,-10.046794398111258,-0.6457808192100164,1.0268027848953738,Real Estate Services,Real Estate,TCN
2014Q4,2014,Q4,2014-12-31,2014-12-31,39468303.786023,9461373.495834,49735199.694133,0.43,5077630.575637001,0.5366694992,721474596.419896,471395344.830557,11632755.026446,22954533.707768,231730785.796737,0.0,72335165.308478,1182942828.0,1318176189.47339,5.2003436720939895,0.5067737456374198,0.19428295788454394,0.2973517243395757,0.06920034007878036,5.2003436720939895,0.08372654549698592,125.028657680713,7.492992569514213,2.509449533120037,0.09533515343754144,0.0,0.0031808103555787397,0.013113938512573088,0.45528577325782654,0.054705049882383616,-62.1514599300411,0.5366694991876989,0.19444444444444448,5.505965697943464,-0.7744265283219837,18.114012542966943,0.10694329998347275,0.015062933637852731,0.05699610043026044,5.893410014651518,-0.3370459297732492,1.1036579555501562,Real Estate Services,Real Estate,TCN
2014Q3,2014,Q3,2014-09-30,2014-09-30,38882617.49897,7092941.998602,47053342.650827006,0.36,4587073.769463,0.6467096122,642007561.504417,454852263.971761,9527137.200093,13468257.80788,187155297.532656,0.0,36532638.104965,1187207280.9,1303151841.8131142,4.999819442087353,0.7073771037051926,0.18768594856795157,0.2649119455108062,0.07317902432014681,4.999819442087353,0.08548405840491538,167.37868167172317,7.633277781076911,2.610094254634086,0.10153440425253213,0.0,0.003325386785485473,0.011048066134892714,0.6276857579991406,0.06056411143796551,80.02056766097054,0.6467096122267882,3.769230769230769,9.67372867530971,-0.78126229011841,0.0,0.5370298787380362,4.138882852865868,7.368227926010683,7.147185291839948,-0.49493468354012976,1.025714195160231,Real Estate Services,Real Estate,TCN
2014Q2,2014,Q2,2014-06-30,2014-06-30,-12387406.386788,5219844.595038,-7388765.477228001,-0.13,2984375.1464539994,0.5717363979,664031905.819719,438791253.081386,9348667.622716,47845607.325966,206137464.968272,0.0,2847528.798658,1187766081.9,1214460492.7577262,4.821004691051776,0.19539239117657603,0.046689317085632925,0.07065591209504715,-0.018115452445709883,4.821004691051776,-0.02823075049878082,227.5481693514581,-23.971242341068915,2.706904646706109,-0.3626138216106201,0.0,0.003781758747119347,0.007860834019103834,0.19539239117657603,-0.018654836127936166,-198.9561230460597,0.5717363979170866,-1.4814814814814814,-14.888499940223946,-0.8214013858568879,0.0,4.4617029791136735,-1.4250967455784542,-1.1992776279911725,-3.723852851985188,-0.6057622497682282,0.823009304785463,Real Estate Services,Real Estate,TCN
2014Q1,2014,Q1,2014-03-31,2014-03-31,29140205.17831,3499249.126997,37077747.019125,0.27,546418.4262430002,0.1561530507,623937469.467513,440069478.36943,8395302.972733,31289692.232535,183867991.098084,0.0,20145108.469486,1185511355.1000001,1202538983.607844,4.844244357521685,0.26830890218867576,0.03299607938662184,0.04678236343751882,0.06930487752525333,4.844244357521685,0.06621728297604713,338.79021243548533,10.170753327282803,2.6939186046090335,0.14203222501630425,0.0,0.003491192354338842,0.0056083330433470595,0.2683089021887077,0.04670372690259992,-68.89440837497521,0.1561530506723103,1.076923076923077,16.406260361159553,-0.8659098094019932,0.0,-0.888111219724888,0.9900248366625244,0.5207106304476724,30.16314855852624,-0.7508606978837985,0.7823944774515569,Real Estate Services,Real Estate,TCN
2013Q4,2013,Q4,2013-12-31,2013-12-31,14643136.427976,6115088.752363,24381855.611945,0.13,4883585.511429001,0.7986123684,603832752.61324,429010020.94349,15456859.227814,22018839.749429,174822731.66975,0.0,-4197150.558337,1185511355.1000001,1177276712.8767972,4.7225028669930325,0.7019833653230904,0.006771984452743213,0.009531586240715411,0.03855466936774875,4.7225028669930325,0.0341323878537206,193.8665820086247,20.240051728860788,2.7633651831553783,0.27571838968108653,0.0,0.003405603816811556,0.010127123323301686,0.6842397099594997,0.024250318262141458,57.41211218880911,0.798612368388256,6.2631578947368425,2.668136423042465,-0.854522898789096,16.357694938179986,-0.04496509158681391,7.807375699133511,5.1874131887274215,11.742373256940867,-0.6600106269323933,0.7489768458708682,Real Estate Services,Real Estate,TCN
2013Q3,2013,Q3,2013-09-30,2013-09-30,-2151069.233602,6307799.685919,3940557.2035120004,-0.0247,5113515.190291,0.8106654372,601746834.952209,430606448.360767,24409158.766165,25853545.047403,171140386.591442,0.0,-14815137.943737,887955486.3000001,885653192.7309121,6.328486323704591,0.944131983502081,0.02160773258155426,0.030195517835233283,-0.08721803829326932,6.328486323704591,-0.00499544129399523,140.7710343564329,-103.19931506959266,2.0621044800426693,-1.1453646222243608,0.0,0.0027746420154338763,0.010482480869915947,0.9290963629546372,-0.0035747080144972244,-3.9305077492006193,0.8106654372214736,-1.19,0.35843585462090405,-0.7399178767190802,0.0,1.6941593102740582,-1.182787029948855,-0.7727668164393713,-6.173887254207264,-0.4083518199395276,1.3985179427781311,Real Estate Services,Real Estate,TCN
2013Q2,2013,Q2,2013-06-30,2013-06-30,11768172.141119,3015701.034063,17341468.978102,0.13,1898000.3041360003,0.6293728333,299864089.111922,151045468.36983,21659253.345499,8345688.868613,148818620.742092,0.0,-7266955.596107,545022966.6,533016237.585401,3.616624404881146,2.5952624985765413,0.0,0.0,0.09472097543882028,3.616624404881146,0.07791145453172421,180.72844769552646,11.578326694755832,3.608337095327671,0.19438295206884063,0.0,0.004197129628344363,0.0100568929177025,2.550848422730984,0.03924501988874906,-6.162954337077132,0.6293728332807773,-0.35000000000000003,33.89482949860736,-0.7751334213557873,0.0,-0.8618753730460457,0.35800462118434506,0.33788880889970224,1.3608383892656135,-0.7218168477769121,-0.14813083862255913,Real Estate Services,Real Estate,TCN
2013Q1,2013,Q1,2013-03-31,2013-03-31,8665782.102314,14924566.317755,12961816.305470001,0.2,13741215.784559,0.9207112282,343037987.12467396,145984569.266303,107485380.116959,14842989.82751,197053417.858371,13801169.590643,-21454616.934493,544889856.6,478081659.637004,3.4963004097978176,7.241491193219414,0.04994498945631103,0.11736191527751245,0.05263111574069324,3.4963004097978176,0.059360945789455326,36.50959398074919,15.719581053581408,3.7325167950183804,0.2830894862198221,0.08574277168496611,0.00450217924470903,0.04350703676537959,6.175407230830311,0.025261873109010815,-1593.098231601988,0.9207112281856908,3.183406113537118,10.262054623490126,0.2442878488916367,0.0,0.9205586709273155,3.230441314334513,9.445964605594755,7.387954750867058,-0.11923801884603277,16.56832719307958,Real Estate Services,Real Estate,TCN
2012Q4,2012,Q4,2012-12-31,2012-12-31,-3885232.059961,11094167.881731,-1534675.6600050002,-0.0916,7154801.356797,0.6449155478,240934632.047687,142029291.436728,60741031.130947,17591950.383483,98905340.610959,14619583.245379,-25843611.471307,544889856.6,514167019.53236,3.401572319247501,3.4527741271926544,0.058638485704391,0.09947273435011705,-0.011233073173085152,3.401572319247501,-0.027355146397331814,49.11498207065008,-35.06160302593802,3.836461134798667,-0.4725253879696001,0.26945819581958097,0.003369251169292183,0.04604638107623808,2.55076852751262,-0.016125668721597545,-104.13580891411759,0.6449155477968711,0.2953846153846154,0.03703297683797183,-0.42577300890161124,11.502576767147705,-0.266675701819487,0.058582064250084095,0.5242505453984643,0.03703297683797183,-0.42577300890161124,11.502576767147705,Real Estate Services,Real Estate,TCN
2012Q3,2012,Q3,2012-09-30,2012-09-30,-4127000.254001,9756667.513335,-3225806.451613,-0.13,9756667.513335,1.0,169726187.452375,91127254.254509,66496316.992634,7341630.683261,72970281.940564,9358394.716789,-19909575.819152,406742021.55,393136738.339434,2.923746760881836,9.057431497371061,0.21323771497668528,0.3971591669268166,-0.02499181017943642,2.923746760881836,-0.045288320028547276,41.6886217547213,-24.639083869432532,4.46345086195631,-0.4777615430012334,0.0,0.004847598489588614,0.05748475034869155,7.690561859950586,-0.024315636354932158,-37.05727257047054,1.0,-2.651842439644218,-1.6871526850261962,-0.12177404838944993,0.0,0.9744342474755812,-2.9442204531471248,-2.0980481064041343,-1.6871526850261962,-0.12177404838944993,0.0,Real Estate Services,Real Estate,TCN
2012Q2,2012,Q2,2012-06-30,2012-06-30,2122701.799233,4941500.344116,2937764.2316389997,0.0787,4941500.344116,1.0,109413037.066168,93823616.163602,44705535.34559,5095860.780651,15589420.902566,6091829.711926,-13410677.416183,350463896.55,332679017.973655,3.49364999644214,8.772911441249938,0.0,0.0,0.022624386972375964,3.49364999644214,0.022624386972375964,70.92256848009905,41.2756865656582,3.7353484216478035,0.49686829620773776,0.0,0.003009449009511676,0.04516372524352475,7.498552961605132,0.019400812336004228,77.04743347507402,1.0,6.870000000000001,10.2273954522189,-0.42698370112785533,0.0,0.5104731336787791,7.715394288536385,7.398386107604727,10.2273954522189,-0.42698370112785533,0.0,Real Estate Services,Real Estate,TCN
2012Q1,2012,Q1,2012-03-31,2012-03-31,243557.747241,3271491.71603,349801.04439100006,0.01,3271491.71603,1.0,56809092.822564006,45559330.867687,24998245.983302,1914383.939221,11249761.954877,0.0,-13960970.622726,237907646.55,225976323.82095,2.4990759080051745,13.05811518324494,0.0,0.0,0.005345946540537261,2.4990759080051745,0.005345946540530593,72.72145773265298,244.20045065800224,5.221930217564636,4.502057613170498,0.0,0.00460897758484846,0.057587466257348785,11.48534031413525,0.004287302175405647,248.8080063304189,1.0,-0.8417721518987341,-0.2750431868295448,-0.37530894491660577,0.0,0.13980467510895028,-0.7884841330995879,-0.19190952282707388,-0.2750431868295448,-0.37530894491660577,0.0,Real Estate Services,Real Estate,TCN
2011Q4,2011,Q4,2011-12-31,2011-12-31,1151486.8875330002,2870221.352371,432873.612884,0.0632,2870221.352371,1.0,55857002.938296,45066601.371205,31649363.369246,1999020.568071,10790401.567091,0.0,-12809010.773751,237907646.55,216352308.64598402,2.4720481095197706,15.832435080838996,0.0,0.0,0.008315671307598456,2.4720481095197706,0.025550781565452922,82.88825750441579,51.65227001839869,5.279023474399591,0.9763113787414115,0.0,0.004725404025774892,0.051385165715777316,15.756981871628373,0.020614906403142008,116.36318721287623,1.0,0.3112033195020748,1.653662800902066,-0.6597449479405667,8.086083834369441,0.019311669184077184,0.20332119153410264,-0.6642803078552141,1.653662800902066,-0.6597449479405667,8.086083834369441,Real Estate Services,Real Estate,TCN
2011Q3,2011,Q3,2011-09-30,2011-09-30,956923.966464,2815842.729112,1289389.997109,0.0482,2815842.729112,1.0,56482605.762745,45021682.567216,36312999.903633,2481449.35916,11460923.195529,0.0,-11777006.842055,238043366.55,219336611.22572502,2.4681761395722828,14.63378640776509,0.0,0.0,0.021254735760604722,2.4681761395722828,0.02125473576060472,84.53716682716474,62.18972846651848,5.287304982318431,0.9443245576178132,0.0,0.003796143595184757,0.049853272367424734,14.57631067960988,0.0169419231556624,188.1015186600655,1.0,2.673611111111111,2.0646288705373053,-0.566912035427858,0.0,0.061167315174924033,2.8208251473464863,3.2181172291290534,2.0646288705373053,-0.566912035427858,0.0,Real Estate Services,Real Estate,TCN
2011Q2,2011,Q2,2011-06-30,2011-06-30,-525544.129187,2653533.225953,-581299.302028,-0.0288,2653533.225953,1.0,59627059.843886,48238549.539504,39331144.426548,2236401.932846,11388510.304382,0.0,-12513938.79321,238043366.55,222628093.762654,2.64453103908821,17.58679593721151,0.0,0.0,-0.010894691780825957,2.64453103908821,-0.010894691780825957,89.70807835447705,-113.23662149848649,4.934712358112242,-2.156809129953532,0.0,0.00476173057225652,0.044502164502164133,17.513850415512557,-0.008813852813856087,657.8698396286322,1.0,-1.6181818181818182,-2.3634620802269146,-0.5469773910841511,0.0,-0.059104167225046605,-1.619392792813392,-1.591608278142248,-2.3634620802269146,-0.5469773910841511,0.0,Real Estate Services,Real Estate,TCN
2011Q1,2011,Q1,2011-03-31,2011-03-31,-200635.86134499998,2820219.979216,-224300.60396500002,-0.011,2820219.979216,1.0,60272041.649947,49575577.985616,47221450.545832,3031144.859092,10696463.664331,0.0,-10820960.78855,238043366.55,224795226.29009902,2.7178295370662946,15.578750848607582,0.0,0.0,-0.004047070543548944,2.7178295370662946,-0.0040470705435489435,84.40595708997647,-296.6111902356735,4.801625643559145,-5.610256410260884,0.0,0.004728628415707474,0.0467915123166975,15.515953835709286,-0.003328837979477611,-1464.2830910287857,1.0,-1.8461538461538463,-1.5968580630526807,-0.46178627996852306,0.0,-0.2191004053705656,-1.86950965560003,-1.430921812014772,-1.5968580630526807,-0.46178627996852306,0.0,Real Estate Services,Real Estate,TCN
2010Q4,2010,Q4,2010-12-31,2010-12-31,230745.984306,3611501.399939,520513.46140100004,0.013,3611501.399939,1.0,58887577.987522,49253119.50088,51833706.606943,2705567.109263,9634458.486642,0.0,-9226523.756199,238043366.55,218363515.326196,2.700151736223561,19.158167036212443,0.0,0.0,0.004684900908700358,2.700151736223561,0.004684900908700357,65.91257767587206,257.90629386893545,4.833061722024468,4.859307295679963,0.0,0.0047103419063411825,0.06132874747717185,19.12749445675918,0.003918415261617552,243.52612940431408,1.0,1.1311475409836063,1.130912537986895,-0.5721127990021736,8.9244852664342,0.263596861463692,1.0702931009230316,0.9388656659635712,1.130912537986895,-0.5721127990021736,8.9244852664342,Real Estate Services,Real Estate,TCN
2010Q3,2010,Q3,2010-09-30,2010-09-30,111455.708471,2858112.037217,268462.880404,0.0061,2858112.037217,1.0,57656522.581896,48128513.277767,50478774.956387,2816437.294049,9528009.304129,0.0,-8373715.836402,238043366.55,227814640.052617,2.638498637360409,17.92291810048329,0.0,0.0,0.0023157937131189584,2.638498637360409,0.0023157937131311106,83.28692628221374,533.941620881485,4.945994595265511,0.0,0.0,0.0,0.0495713565305175,17.882312456986934,0.0019330979996701502,367.1347467956456,1.0,1.0078205128205129,1.124000410882049,-0.5604108454211134,0.0,-0.024057046183845725,1.0126505289436072,1.0270515937514444,1.124000410882049,-0.5604108454211134,0.0,Real Estate Services,Real Estate,TCN
2010Q2,2010,Q2,2010-06-30,2010-06-30,-8810359.548430001,2928564.65231,-9924105.872307999,-0.78,2928564.65231,1.0,56371312.019732,47899630.016128,49149985.769851,2195237.643487,8471682.003605,0.0,-7267811.403093,147235372.20000002,132473015.68733501,4.245516293879213,22.389369057911775,0.0,0.0,-0.18393377037491762,4.245516293879213,-0.18393377037491765,50.27560927632701,-4.177904754926751,3.073831095363894,-0.0010535885928349125,0.0,6.304527356640186e-05,0.051951330337759324,22.323249783927185,-0.15629154675956553,-362.8566182436309,1.0,-27.53061224489796,-90.1622224163999,-0.1916599662948608,0.0,-0.07521933058568125,-46.63195063346058,-53.77931492527108,-90.1622224163999,-0.1916599662948608,0.0,Real Estate Services,Real Estate,TCN
2010Q1,2010,Q1,2010-03-31,2010-03-31,193074.357465,3166766.725525,188030.213851,0.0294,3166766.725525,1.0,6476878.556013,1552921.32627,1960536.590151,3666236.021189,4923957.229743,0.0,2373260.741613,101831381.55000001,101351167.69871502,0.19901157186866725,0.534754603582553,0.0,0.0,0.12432977395496915,0.19901157186866725,0.12432977395496915,32.156262325611614,131.85513458002796,65.57407630854765,4.4456864139848244,0.0,0.008429111289721082,0.48893409041690916,0.3989933003529317,0.02980978503692242,-1873.9400731222736,1.0,1.3043478260869565,0.3426460869171923,0.41274019033085513,0.0,-0.12293449758874346,1.2560625917277732,1.1558656671807779,0.3426460869171923,0.41274019033085513,0.0,Real Estate Services,Real Estate,TCN
2009Q4,2009,Q4,2009-12-31,2009-12-31,-754012.353629,3610638.791309,-1206360.690279,-0.0966,3610638.791309,1.0,6550472.734219,2123006.398625,2188902.683602,3186897.144494,4427466.335594,0.0,2122051.380002,101831381.55000001,100561206.78159201,0.2720697007184643,0.6868444710817749,0.0,0.0,-0.3551625440777515,0.2720697007184643,-0.3551625440777515,28.203148372280708,-33.7631674931763,47.965649851998926,0.0,0.0,0.0,0.5512027815103163,0.5669763260413885,-0.11510808215262336,91.26303143056528,1.0,-0.9594320486815419,0.0,0.0,0.0,0.29815398722847186,-0.9609824934142346,-1.8032150909519027,0.0,0.0,0.0,Real Estate Services,Real Estate,TCN
2009Q3,2009,Q3,2009-09-30,2009-09-30,-384507.437553,2781364.019085,-430348.956872,-0.0493,2781364.019085,1.0,,,,,,,,101831381.55000001,,,0.0,0.0,0.0,0.0,,0.0,36.612029511872386,-66.20898037633127,0.0,0.0,0.0,0.0,0.0,0.0,0.0,-186.70251070124704,1.0,-4.732558139534884,0.0,0.0,0.0,0.11001187966906044,-4.752498835329013,-8.479245830489756,0.0,0.0,0.0,Real Estate Services,Real Estate,TCN
2009Q2,2009,Q2,2009-06-30,2009-06-30,-66841.810587,2505706.533442,57539.084371000004,-0.0086,2505706.533442,1.0,,,,,,,,101831381.55000001,,,0.0,0.0,0.0,0.0,,0.0,40.63978769697258,-380.8670825031672,0.0,0.0,0.0,0.0,0.0,0.0,0.0,176.74750907449246,1.0,-1.5443037974683544,0.0,0.0,0.0,0.11783172926362503,-1.4648203759702498,-0.6713472694605521,0.0,0.0,0.0,Real Estate Services,Real Estate,TCN
2009Q1,2009,Q1,2009-03-31,2009-03-31,143801.378,2241577.57187,175075.63158400002,0.0158,2241577.57187,1.0,,,,,,,,101831381.55000001,,,0.0,0.0,0.0,0.0,,0.0,45.42844415821346,177.0347804838143,0.0,0.0,0.0,0.0,0.0,0.0,0.0,-128.101592106278,1.0,0.0,0.0,0.0,0.0,0.0,0.0,0.0,0.0,0.0,0.0,Real Estate Services,Real Estate,TCN
