Quarters,Year,Quarter,FillingDate,Date,NetIncome,Revenue,OperatingIncome,EPSDiluted,GrossProfit,GrossProfitRatio,TotalAssets,CommonStockEquity,CurrentAssets,CurrentLiability,TotalLiability,Inventory,RetainedEarnings,MarketCap,EnterpriseValue,bookValuePerShare,currentRatio,debtToAssets,debtToEquity,roic,shareholdersEquityPerShare,roe,priceToSalesRatio,peRatio,pbRatio,payoutRatio,inventoryTurnover,dividendYield,assetTurnover,quickRatio,returnOnAssets,priceToFreeCashFlowsRatio,grossProfitMargin,epsdilutedGrowth,fiveYNetIncomeGrowthPerShare,fiveYRevenueGrowthPerShare,fiveYShareholdersEquityGrowthPerShare,grossProfitGrowth,netIncomeGrowth,operatingIncomeGrowth,threeYNetIncomeGrowthPerShare,threeYRevenueGrowthPerShare,threeYShareholdersEquityGrowthPerShare,Industry,Sector,Symbol
2023Q1,2023,Q1,2023-02-22,2023-03-31,-4272000.0,87956000.0,-7146000.0,-0.11,72290000.0,0.8218882168,956625000.0,283396000.0,643631000.0,211797000.0,673229000.0,1137000.0,-292311000.0,1316193849.72,1686478849.72,7.518792404405523,3.038905178071455,0.48497269044819025,1.6370626261485695,-0.009943844967302617,7.518792404405523,-0.01507431297548307,14.964230407476466,-77.02445281601123,4.644362834055527,0.0,13.778364116094988,0.0,0.09194407421926042,2.2831673725312447,-0.004465699725597805,99.9387888929385,0.8218882168356906,-2.170028818443804,0.8211708361485694,2.573510158348495,0.0,0.07389030839622081,-2.2886836027713624,-2.216021602160216,0.4093319640727999,1.1918712763565045,0.6389468823286906,Internet Content & Information,Communication Services,FVRR
2022Q4,2022,Q4,2022-12-31,2022-12-31,-1299000.0,83130000.0,-2222000.0,-0.0347,67316000.0,0.8097678335,923802000.0,265732000.0,625221000.0,197098000.0,658070000.0,1137000.0,-288039000.0,1090175684.98,1467150684.98,7.1029198198839465,3.172132644674223,0.5019766140363411,1.7450928002649286,-0.0047009784782454135,7.1029198198839465,-0.00488838378516701,13.114106639961506,-209.8105629291763,4.102538215118992,0.0,13.908531222515391,0.0,0.08998681535653744,2.440735065804828,-0.0014061454727311697,114.31012739645591,0.8097678335137736,0.8880645161290323,0.84864749332587,1.7520851127465682,2.374726383921494,0.006067852338962786,0.8855506607929515,0.8218980442449503,0.8511056111590134,1.4002880666815816,0.522644075656028,Internet Content & Information,Communication Services,FVRR
2022Q3,2022,Q3,2022-09-30,2022-09-30,-11350000.0,82541000.0,-12476000.0,-0.31,66910000.0,0.8106274458,916445000.0,242732000.0,635580000.0,213420000.0,673713000.0,1172000.0,-286740000.0,1138115908.51,1448486908.51,6.52409110924466,2.9780714084903006,0.5055480688966605,1.9087182571725194,-0.017475240529261686,6.52409110924466,-0.04675938895572071,13.788491882943022,-25.06863234603524,4.688775721824894,0.0,13.33703071672355,0.0,0.09006650699169072,2.2917767781838627,-0.01238481305479325,214.33444604708097,0.8106274457542312,0.7256637168141592,-0.08052927481594292,1.8948103344458027,0.0,-0.008505719874340584,0.7288775290829611,-1.989608947410169,-0.15264727602339712,1.5369603046997629,0.35321056372032494,Internet Content & Information,Communication Services,FVRR
2022Q2,2022,Q2,2022-06-30,2022-06-30,-41863000.0,85010000.0,12607000.0,-1.13,67484000.0,0.7938360193,912032000.0,237771000.0,577024000.0,213852000.0,674261000.0,1172000.0,-275390000.0,1273369431.63,1638796431.63,6.421502265476054,2.698239904232834,0.5082595786112768,1.9495607117772984,0.01772111575798354,6.421502265476054,-0.17606436445151005,14.979054600988121,-7.604384728937247,5.355444657380421,0.0,14.953924914675769,0.0,0.09320944879127048,2.026060078933094,-0.04590080172625522,209.64264597135332,0.793836019291848,-1.4565217391304346,-3.337035242452302,2.1999250919829367,0.0,-0.0319045159809491,-1.4661561119293078,1.7336048879837067,-0.2890723869174807,-0.055141067016503426,-0.5707297951465821,Internet Content & Information,Communication Services,FVRR
2022Q1,2022,Q1,2022-03-31,2022-03-31,-16975000.0,86685000.0,-17185000.0,-0.46,69708000.0,0.8041529676,944213000.0,264226000.0,508962000.0,218268000.0,679987000.0,1172000.0,-233527000.0,2802596955.9399996,3202262955.9399996,7.171802487474873,2.3318214305349385,0.49259224348743347,1.7602809715925003,-0.023182323378407286,7.171802487474873,-0.06424424545654099,32.3308179724289,-41.27536017584683,10.606817481776963,0.0,14.485494880546074,0.0,0.09180661566828671,1.652894606630381,-0.017977935063380825,411.05851509826925,0.8041529676414605,0.1320754716981132,0.2730320285917463,2.603063335215663,0.0,0.08004090359765734,0.13037909836065573,0.11925994259942599,-0.4213172668469083,1.5391111649001175,2.5009215344845677,Internet Content & Information,Communication Services,FVRR
2021Q4,2021,Q4,2021-12-31,2021-12-31,-19520000.0,79755000.0,-19512000.0,-0.53,64542000.0,0.8092533383,931570000.0,346868000.0,468218000.0,189044000.0,584702000.0,0.0,-237585000.0,4168996626.9,4485728626.9,9.460044017671978,2.476767313429678,0.41637558100840516,1.118243827623188,-0.026086177933926598,9.460044017671978,-0.0562750095137055,52.27254249764905,-53.39391171746926,12.018971559498139,0.0,0.0,0.0,0.08561353414128836,1.7855684390935445,-0.020953873568277208,549.057898972738,0.8092533383486928,-0.358974358974359,-1.3205778642071955,1.69400169613978,3.4946389582105595,0.04288391933815926,-0.3603735451947871,-1.09919311457773,-1.3205778642071955,1.69400169613978,3.4946389582105595,Internet Content & Information,Communication Services,FVRR
2021Q3,2021,Q3,2021-09-30,2021-09-30,-14349000.0,74324000.0,-9295000.0,-0.39,61888000.0,0.8326785425972768,906143000.0,347277000.0,562518000.0,180093000.0,558866000.0,0.0,-218065000.0,6670056551.240001,6908901551.240001,9.51124804904481,3.123486198797288,0.42431051169627754,1.1071450168021493,-0.012533704391302067,9.51124804904481,-0.04131860157741515,89.74297065873743,-116.21117414523661,19.20673281340256,0.0,0.0,0.0,0.0820223739520142,2.41778414485849,-0.015835248961808455,754.7020311427925,0.8326785425972768,-0.054054054054054106,-0.3919730136214872,1.656121680330261,0.0,-0.013501235355064955,-0.07895330475975637,-0.11397411313518696,-0.3919730136214872,1.656121680330261,0.0,Internet Content & Information,Communication Services,FVRR
2021Q2,2021,Q2,2021-06-30,2021-06-30,-13299000.0,75263000.0,-8344000.0,-0.37,62735000.0,0.8335437067350491,895615000.0,345750000.0,571465000.0,173498000.0,549865000.0,0.0,-203716000.0,8811643328.28,9045135328.28,9.514787920537115,3.2937843663903905,0.42452839668830916,1.0996789587852493,-0.011263700141311318,9.514787920537115,-0.03846420824295011,117.07802410586876,-165.64484788856308,25.485591694229935,0.0,0.0,0.0,0.08403499271450345,2.5908425457353976,-0.014849014364431146,589.5653237173826,0.8335437067350491,0.24489795918367346,-0.4039148166541632,1.886758738230218,0.0,0.10499524430196921,0.2547074646940148,0.3964556962025316,-0.4039148166541632,1.886758738230218,0.0,Internet Content & Information,Communication Services,FVRR
2021Q1,2021,Q1,2021-03-31,2021-03-31,-17844000.0,68320000.0,-13825000.0,-0.49,56774000.0,0.8310011709601873,892547000.0,341286000.0,561117000.0,179293000.0,551261000.0,0.0,-190417000.0,7831051464.3,8023449464.3,9.464947819318853,3.1296090756471253,0.4209895949457003,1.1009915437492308,-0.018910026722902266,9.464947819318853,-0.05228459415270477,114.62311862265808,-109.71547108691998,22.945715512209702,0.0,0.0,0.0,0.07654498866726346,2.456559932624252,-0.01999222449910201,1918.4349496080354,0.8310011709601873,-1.1304347826086956,0.21919121812700088,1.9015013759900867,0.0,0.22935342774241047,-1.2092361025133094,-2.6632220455749867,0.21919121812700088,1.9015013759900867,0.0,Internet Content & Information,Communication Services,FVRR
2020Q4,2020,Q4,2020-12-31,2020-12-31,-8077000.0,55885000.0,-3774000.0,-0.23,46182000.0,0.826375592735081,861202000.0,345403000.0,591150000.0,145869000.0,515799000.0,0.0,-172573000.0,6954128596.9,7058007596.9,9.69037663899977,4.052608847664685,0.43184874164249504,1.076739345054907,-0.005209927769209096,9.69037663899977,-0.02338427865420972,124.43640685157018,-215.24478757273738,20.133376365868273,0.0,0.0,0.0,0.06489186044621355,3.3785108556307373,-0.009378752023334828,1891.7651242927093,0.826375592735081,-22.0,0.012238611190670181,0.941873037527347,3.6040741755555015,0.05832206613653551,-16.790748898678412,-2.839267548321465,0.012238611190670181,0.941873037527347,3.6040741755555015,Internet Content & Information,Communication Services,FVRR
2020Q3,2020,Q3,2020-09-30,2020-09-30,-454000.0,52345000.0,-983000.0,-0.01,43637000.0,0.8336421816792435,419787000.0,288832000.0,311948000.0,126801000.0,130955000.0,0.0,-164496000.0,4903074864.08,4801782864.08,8.187081060923616,2.460138326984803,0.011129453746781105,0.01617549302016397,-0.003681673695814929,8.187081060923616,-0.0015718479946820298,93.66844711204509,-2699.9310925550662,16.975525094449367,0.0,0.0,0.0,0.12469419014881357,1.7229438253641534,-0.0010815008563866914,1006.3782561740558,0.8336421816792435,-1.675227394328518,0.9544186347612131,0.9360492114387183,0.0,0.11395604115079264,-2.661290322580645,-0.6438127090301003,0.9544186347612131,0.9360492114387183,0.0,Internet Content & Information,Communication Services,FVRR
2020Q2,2020,Q2,2020-06-30,2020-06-30,-124000.0,47130000.0,-598000.0,-0.003738,39173000.0,0.8311691067260768,404613000.0,283584000.0,290346000.0,117059000.0,121029000.0,0.0,-164042000.0,2448800815.2599998,2325736815.2599998,8.548743838023153,2.480338974363355,0.011067365606147109,0.015790735725569847,-0.002405764543030294,8.548743838023153,-0.00043726021214172874,51.958430198599615,-4937.098417862903,8.635186806237305,0.0,0.0,0.0,0.1164816750821155,1.7547732340102,-0.0003064656844935778,524.8180058422631,0.8311691067260768,0.9803263157894737,0.9856607276803049,0.980204574186202,0.0,0.43333333333333335,0.9798537774167344,0.9073586367157243,0.9856607276803049,0.980204574186202,0.0,Internet Content & Information,Communication Services,FVRR
2020Q1,2020,Q1,2020-03-31,2020-03-31,-6155000.0,34150000.0,-6455000.0,-0.19,27330000.0,0.8002928257686677,247465000.0,147153000.0,206615000.0,96380000.0,100312000.0,0.0,-163918000.0,807363516.57,783575516.57,4.587575403128672,2.143753890848724,0.017869193623340673,0.030050355752176305,-0.04280175186451254,4.587575403128672,-0.041827213852249016,23.64168423338214,-32.792994174248584,5.486558320727407,0.0,0.0,0.0,0.13799931303416646,1.4776717161236772,-0.02487220415008183,-7082.136110263158,0.8002928257686677,0.1739130434782609,0.6972425237625839,0.6303467256018138,0.0,0.16739994019905172,0.1726038446027692,0.2000247862188623,0.6972425237625839,0.6303467256018138,0.0,Internet Content & Information,Communication Services,FVRR
2019Q4,2019,Q4,2019-12-31,2019-12-31,-7439000.0,29531000.0,-8069000.0,-0.23,23411000.0,0.7927601503504792,236360000.0,148809000.0,187116000.0,81939000.0,87551000.0,0.0,-157763000.0,749650000.0,728517000.0,4.664858934169279,2.2836012155383885,0.01285327466576409,0.020415431862320154,-0.0535275737387354,4.664858934169279,-0.049990255965701,25.385188446039756,-25.193238338486353,5.0376657325833785,0.0,0.0,0.0,0.1249407683195126,1.5968830471448272,-0.03147317651040785,-226.8229954614221,0.7927601503504792,0.11538461538461538,-0.016509136793385445,0.146564510713645,1.2163593172406364,0.06394291946918743,0.11797486364714252,0.08690732148919317,-0.016509136793385445,0.146564510713645,1.2163593172406364,Internet Content & Information,Communication Services,FVRR
2019Q3,2019,Q3,2019-09-30,2019-09-30,-8434000.0,27867000.0,-8837000.0,-0.26,22004000.0,0.7896077798112463,238314000.0,153637000.0,210585000.0,79288000.0,84677000.0,0.0,-150324000.0,595912900.0,579056900.0,4.82119433897135,2.6559504590858642,0.02469431086717524,0.0383045750698074,-0.055927240939705025,4.82119433897135,-0.05489563060981404,21.384178418918435,-17.664005809817404,3.8787069521013815,0.0,0.0,0.0,0.11693396107656286,1.96215064070225,-0.03539028340760509,-182.7953680981595,0.7896077798112463,0.7045454545454546,0.0625672768310002,0.14105464286655048,0.0,0.06779249769495803,0.09825724366513418,0.05212914297972755,0.0625672768310002,0.14105464286655048,0.0,Internet Content & Information,Communication Services,FVRR
2019Q2,2019,Q2,2019-06-30,2019-06-30,-9353000.0,25912000.0,-9323000.0,-0.88,20607000.0,0.7952686014201914,239950000.0,159524000.0,211839000.0,75124000.0,80426000.0,0.0,-141892000.0,293260000.0,269933000.0,14.959114778694675,2.819857835046057,0.024109189414461347,0.03626413580401695,-0.056518269245251246,14.959114778694675,-0.05863067626187909,11.317536276628589,-7.838661392066716,1.8383440736190164,0.0,0.0,0.0,0.10798916440925192,2.1501251264575902,-0.03897895394873932,-76.03318641431164,0.7952686014201914,-1.5142857142857145,-2.3644621407361934,2.3866696712903157,0.0,0.09454506825304085,-0.12510525682665705,-0.09412040840276963,-2.3644621407361934,2.3866696712903157,0.0,Internet Content & Information,Communication Services,FVRR
2019Q1,2019,Q1,2019-03-31,2019-03-31,-8313000.0,23763000.0,-8521000.0,-0.35,18827000.0,0.7922821192610361,126227000.0,52533000.0,95719000.0,68206000.0,73694000.0,0.0,-132537000.0,1023196757.0999999,991774757.0999999,2.048547051635295,1.4033809342286603,0.025462064376084358,0.06118059124740639,-0.15296167629533894,2.048547051635295,-0.15824338986922507,43.05839991162732,-30.770983913749546,19.47721921649249,0.0,0.0,0.0,0.18825607833506303,0.6941911268803331,-0.06585754236415348,-193.89743359863556,0.7922821192610361,-0.525651903790583,0.48852519534855104,0.41902543891078475,0.0,0.12824354287768922,-0.4130545639979602,-0.4010194015126603,0.48852519534855104,0.41902543891078475,0.0,Internet Content & Information,Communication Services,FVRR
2018Q4,2018,Q4,2018-12-31,2018-12-31,-5883000.0,20705000.0,-6082000.0,-0.22941012896218452,16687000.0,0.805940594059406,111030000.0,53974000.0,96794000.0,53776000.0,57056000.0,0.0,-123592000.0,1023196757.0999999,970478757.0999999,2.104739469761167,1.7999479321630467,0.02915428262631721,0.0599733204876422,-0.10630822743877925,2.104739469761167,-0.1089969244451032,49.41785834822506,-43.48107925803162,18.957215642716864,0.0,0.0,0.0,0.18648113122579482,1.0549501636417733,-0.05298567954606863,-22.789361599625817,0.805940594059406,0.18743113849477902,0.0,0.0,0.0,0.05207742260891495,0.18743093922651935,0.1695794647733479,0.0,0.0,0.0,Internet Content & Information,Communication Services,FVRR
2018Q3,2018,Q3,2018-09-30,2018-09-30,-7240000.0,19653000.0,-7324000.0,-0.282327,15861000.0,0.807052358418562,,,,,,,,1023196757.0999999,,,0.0,0.0,0.0,0.0,,0.0,52.06313321630285,-35.33137973411602,0.0,0.0,0.0,0.0,0.0,0.0,0.0,-411.25271587620574,0.807052358418562,-0.0830238909944606,0.0,0.0,0.0,0.0998543790305804,-0.08302169035153328,-0.11087517063552252,0.0,0.0,0.0,Internet Content & Information,Communication Services,FVRR
2018Q2,2018,Q2,2018-06-30,2018-06-30,-6685000.0,18399000.0,-6593000.0,-0.260684,14421000.0,0.783792597423773,,,,,,,,1023196757.0999999,,,0.0,0.0,0.0,0.0,,0.0,55.61154177400945,-38.264650602094235,0.0,0.0,0.0,0.0,0.0,0.0,0.0,-168.15065852095316,0.783792597423773,0.588692207077074,0.0,0.0,0.0,0.11678153798497638,0.5886913185258106,0.5996964177292046,0.0,0.0,0.0,Internet Content & Information,Communication Services,FVRR
2018Q1,2018,Q1,2018-03-31,2018-03-31,-16253000.0,16746000.0,-16470000.0,-0.633793,12913000.0,0.7711095186910307,,,,,,,,1023196757.0999999,,,0.0,0.0,0.0,0.0,,0.0,61.10096483339304,-15.738582986217928,0.0,0.0,0.0,0.0,0.0,0.0,0.0,5167.660389393939,0.7711095186910307,0.0,0.0,0.0,0.0,0.0,0.0,0.0,0.0,0.0,0.0,Internet Content & Information,Communication Services,FVRR
