Quarters,Year,Quarter,FillingDate,Date,NetIncome,Revenue,OperatingIncome,EPSDiluted,GrossProfit,GrossProfitRatio,TotalAssets,CommonStockEquity,CurrentAssets,CurrentLiability,TotalLiability,Inventory,RetainedEarnings,MarketCap,EnterpriseValue,bookValuePerShare,currentRatio,debtToAssets,debtToEquity,roic,shareholdersEquityPerShare,roe,priceToSalesRatio,peRatio,pbRatio,payoutRatio,inventoryTurnover,dividendYield,assetTurnover,quickRatio,returnOnAssets,priceToFreeCashFlowsRatio,grossProfitMargin,epsdilutedGrowth,fiveYNetIncomeGrowthPerShare,fiveYRevenueGrowthPerShare,fiveYShareholdersEquityGrowthPerShare,grossProfitGrowth,netIncomeGrowth,operatingIncomeGrowth,threeYNetIncomeGrowthPerShare,threeYRevenueGrowthPerShare,threeYShareholdersEquityGrowthPerShare,Industry,Sector,Symbol
2024Q1,2024,Q1,2023-06-02,2023-04-29,16526000.0,281184000.0,20939000.0,0.6,98517000.0,0.3503648856,976629000.0,537680000.0,453550000.0,135244000.0,438949000.0,389508000.0,667196000.0,632934750.0,937592750.0,19.75094589134188,3.3535683653248944,0.3453153654048774,0.6272225115310222,0.013370324054657727,19.75094589134188,0.030735753608094035,2.2509628926254694,9.574832839162532,1.1771588119327483,0.17796199927387146,0.46896854493360857,0.004646608516912684,0.2879128102892705,0.34904321078938805,0.016921471715462065,-48.86395043619239,0.3503648856264937,-0.2405063291139241,0.4550701297159828,0.24583273349280432,1.0341161879139928,-0.11502667936256984,-0.23526145303100415,-0.2702655607444065,2.049288005997726,0.9596888222120342,0.9777944085455099,Apparel Retail,Consumer Cyclical,SCVL
2023Q4,2023,Q4,2023-03-24,2023-01-28,21610000.0,290779000.0,28694000.0,0.79,111322000.0,0.3828405765,989781000.0,525568000.0,469723000.0,157285000.0,464213000.0,390390000.0,653450000.0,748309120.0,1040165120.0,19.356511490866236,2.986444988396859,0.34677165958934353,0.6530610691670726,0.017622708008951254,19.356511490866236,0.04111741962981003,2.5734634206734324,8.656977325312356,1.4238102776424744,0.11328088847755668,0.45968646737877505,0.00327137533750758,0.29378114956742957,0.4197793813777538,0.021833112577428745,41.93147596099966,0.38284057652031267,-0.33050847457627114,7.549982871492119,0.40990209551686857,1.0170197752065349,-0.14923308546492522,-0.3381722405978194,-0.341533377699245,5.432928454073839,0.25685587569394897,0.8325229147233054,Apparel Retail,Consumer Cyclical,SCVL
2023Q3,2023,Q3,2022-12-02,2022-10-29,32652000.0,341661000.0,43577000.0,1.18,130849000.0,0.3829790348,966336000.0,505585000.0,464434000.0,163757000.0,460751000.0,392286000.0,634323000.0,653679740.0,946681740.0,18.41571355722299,2.8361169293526385,0.34167204781773625,0.653045481966435,0.0277941147488816,18.41571355722299,0.06458261222148601,1.9132407269193732,5.004898168565479,1.2929175905139592,0.07533994854832782,0.5373936362755745,0.0037633107613217445,0.35356335684482415,0.33759167547036156,0.033789489370156967,-191.07855597778428,0.3829790347742353,0.13461538461538453,2.548325100310227,0.38159260759302227,0.8984768826361856,0.15662512154158933,0.12947524992216958,0.12343705689757406,1.4961649014720035,0.3053626727047339,0.7640013438376312,Apparel Retail,Consumer Cyclical,SCVL
2023Q2,2023,Q2,2022-08-31,2022-07-30,28909000.0,312268000.0,38789000.0,1.04,113130000.0,0.3622849604,914515000.0,483632000.0,476932000.0,189242000.0,430883000.0,385510000.0,604192000.0,601737900.0,828755900.0,17.529249728162377,2.5202227835258557,0.30468390348982793,0.5761364012306878,0.0277206978233384,17.529249728162377,0.0597747874416912,1.9269918787707994,5.203724618630876,1.244206131935025,0.08606316372064063,0.5165572877486966,0.004134690535530503,0.3414574938628672,0.38728717726508916,0.03161129123087101,-18.75975495697718,0.36228496035456725,0.09473684210526324,7.655166980120316,0.5495396359908928,0.8791494913499253,0.0023657000079742698,0.0748038814737703,0.09622993443364232,1.5885229690231322,0.23342236571782649,0.6879034443081639,Apparel Retail,Consumer Cyclical,SCVL
2023Q1,2023,Q1,2022-06-03,2022-04-30,26897000.0,317527000.0,35384000.0,0.95,112863000.0,0.355443789,861734000.0,455714000.0,471199000.0,199367000.0,406020000.0,345021000.0,577823000.0,845199240.0,1005733240.0,16.27782540362909,2.36347539963986,0.2862983240768033,0.5413768284494223,0.028388830524836192,16.27782540362909,0.05902166709822389,2.66181849102596,7.855887645462319,1.8546703414861074,0.09577276276164629,0.5931928781146655,0.003047802078004708,0.3684744944495633,0.5597014551054086,0.031212647986501633,-91.82955671447196,0.3554437890321138,0.3194444444444444,2.9251503360538744,0.5052129861389545,0.785317075843797,-0.03388089470215115,0.30625030353066873,0.2676530648801634,1.023844454223656,0.30591709029627795,0.6318980236761083,Apparel Retail,Consumer Cyclical,SCVL
2022Q4,2022,Q4,2022-03-25,2022-01-29,20591000.0,313371000.0,27913000.0,0.72,116821000.0,0.3727881648,812264000.0,452533000.0,442032000.0,153708000.0,359731000.0,285205000.0,553487000.0,930406400.0,1059314400.0,16.070063920454544,2.87579045983293,0.30328932465306846,0.544382398631702,0.021870187189978393,16.070063920454544,0.045501654023021525,2.9690252129265313,11.296275071633238,2.0559968002333533,0.09581856150745471,0.6891534159639557,0.002120578706251376,0.38579944451557624,0.9535157571499207,0.02535013246924645,56.808303822200514,0.37278816482699423,-0.5609756097560975,28.671699604743083,0.6543076634639011,0.7545529238230612,-0.18905842172488477,-0.5603595524809976,-0.5528482634884019,14.709005305538833,0.3845675317667336,0.5411653343152381,Apparel Retail,Consumer Cyclical,SCVL
2022Q3,2022,Q3,2021-11-29,2021-10-30,46836000.0,356336000.0,62424000.0,1.64,144056000.0,0.4042701271,786509000.0,432546000.0,495665000.0,161837000.0,353963000.0,282014000.0,534902000.0,954863039.9999999,1006565039.9999999,15.342863223609534,3.062742141784635,0.28615820035117207,0.5203284737345855,0.0531566248795972,15.342863223609534,0.10827981301410718,2.6796704234205913,5.0968434537535225,2.2075410245384304,0.04240327952856777,0.7527285879424426,0.002079879434855914,0.4530602955592371,1.243325073994204,0.05954922321295751,29.45471774939848,0.40427012707107896,0.06493506493506485,5.049260846573514,0.6215045988341706,0.6472726294694308,0.06117036949731864,0.059350402605627434,0.045382992263120876,3.1570296035081564,0.4153422694992736,0.4978512958168321,Apparel Retail,Consumer Cyclical,SCVL
2022Q2,2022,Q2,2021-09-03,2021-07-31,44212000.0,332230000.0,59714000.0,1.54,135752000.0,0.4086084941,784056000.0,389912000.0,493080000.0,194389000.0,394144000.0,308141000.0,490069000.0,954485100.0000001,1041303100.0000001,13.766620767574057,2.53656328290181,0.29758588672237696,0.5984016906378875,0.05171709673854516,13.766620767574057,0.11338968792958411,2.872964813532794,5.397206075273682,2.4479500502677527,0.0448973129467113,0.6376236852609682,0.002079655303157692,0.4237324884957197,0.883836019527854,0.05638882936933076,-201.92195895917075,0.40860849411552236,0.01986754966887419,12.903638402970357,0.8489307422387549,0.5320554323697638,0.042978533782018775,0.02243189491697886,0.0366473968369703,3.0430708629366734,0.33304085807882616,0.33812164610813744,Apparel Retail,Consumer Cyclical,SCVL
2022Q1,2022,Q1,2021-06-04,2021-05-01,43242000.0,328457000.0,57603000.0,1.51,130158000.0,0.3962710492,750089000.0,350275000.0,462645000.0,200311000.0,399814000.0,268629000.0,447875000.0,847033550.0,900490550.0,12.39560478448581,2.309633519876592,0.3040972471266743,0.651202626507744,0.0537257844974764,12.39560478448581,0.12345157376347156,2.5788262999418494,4.897053501225661,2.4181958461209048,0.04750011562832431,0.7381891009533594,0.002424933463379343,0.4378907036365018,0.9091862154349986,0.05764915896646931,11.693382525504921,0.39627104917843126,4.8076923076923075,4.389845913678304,0.6756732331912739,0.3380140847369482,0.6654468215784625,4.80975413139863,4.452247988641742,2.667891766113087,0.40198128744325073,0.2766021683123391,Apparel Retail,Consumer Cyclical,SCVL
2021Q4,2021,Q4,2021-03-26,2021-01-30,7443000.0,253897000.0,10565000.0,0.26,78152000.0,0.3078098599,642747000.0,310176000.0,355305000.0,130901000.0,332571000.0,233266000.0,406655000.0,662371040.0,787255040.0,11.00227014755959,2.714303175682386,0.3600421316630027,0.7460796451047147,0.009736443946274086,11.00227014755959,0.023996053853296194,2.608817906473885,22.248120381566572,2.1354683792427527,0.1708988311164853,0.7534102698207197,0.0019203738134445007,0.39501856873699914,0.8680453166897121,0.011579984037265052,10.874229051746783,0.30780985990381926,-0.49019607843137253,1.41131796962316,0.46722331341553275,0.2325837398758645,-0.10949054819338887,-0.49291456601716854,-0.476020433467242,3.1727479790523314,0.1856579699635338,0.14647706381720002,Apparel Retail,Consumer Cyclical,SCVL
2021Q3,2021,Q3,2020-12-04,2020-10-31,14678000.0,274579000.0,20163000.0,0.51,87761000.0,0.3196202186,623343000.0,303217000.0,340166000.0,125227000.0,320126000.0,274264000.0,400505000.0,436508200.0,618087200.0,10.76000709723208,2.716395026631637,0.36628148547428946,0.7529887836104177,0.019429587566970528,10.76000709723208,0.04840757609236949,1.5897362871887508,7.434735658809101,1.4395901285218176,0.0863877912522142,0.6811612169296736,0.0029048709737869755,0.4404942383246463,0.44059987063492695,0.023547228411965805,-15.096254539166523,0.3196202185891856,0.45714285714285724,1.1580472675958957,0.40488268084306556,0.21449244923494304,0.06241752920525392,0.4590457256461233,0.4004028337269065,0.5539789782069129,0.08172421743967308,0.1092496995906136,Apparel Retail,Consumer Cyclical,SCVL
2021Q2,2021,Q2,2020-09-04,2020-08-01,10060000.0,300794000.0,14398000.0,0.35,82605000.0,0.274623164,689518000.0,288987000.0,396004000.0,195880000.0,400531000.0,298856000.0,387119000.0,345860400.0,503762400.0,10.256494889267461,2.0216663263222383,0.3405088772156782,0.8124483108236703,0.013367795648091785,10.256494889267461,0.034811254485495886,1.1498247970371749,8.594940357852883,1.1968026243395031,0.12604373757455267,0.7300807077656128,0.003666219087238666,0.4362380677516758,0.4274504798856443,0.014589901931494174,5.316512435822547,0.27462316402587816,1.603448275862069,1.9045103602764064,0.8362216534092329,0.16316581020233947,1.6253813882532417,1.6213712168004941,1.6189759683590559,1.9492577165298326,0.46156030315848784,0.0995043971126386,Apparel Retail,Consumer Cyclical,SCVL
2021Q1,2021,Q1,2020-06-04,2020-05-02,-16190000.0,147495000.0,-23261000.0,-0.58,31464000.0,0.2133224855,629550000.0,279458000.0,337574000.0,151635000.0,350092000.0,303988000.0,378352000.0,313980480.0,534870480.0,9.986349342481418,2.2262274540838196,0.37165276785005164,0.8372420900457314,-0.021692361473334077,9.986349342481418,-0.05793357141323562,2.1287533814705584,-4.848370599135269,1.1235336973713403,-0.08153180975911056,0.3816959879995263,0.004204083005414859,0.2342863950440791,0.1279388004088766,-0.02571678182829005,-6.817955354816295,0.21332248550798333,-5.833333333333333,-3.180172597940317,-0.18310314678985481,0.146403864002403,-0.5498712446351931,-5.648291702555269,-5.869374084153234,-3.363662655627226,-0.3005111643101282,0.09528143743934453,Apparel Retail,Consumer Cyclical,SCVL
2020Q4,2020,Q4,2020-03-31,2020-02-01,3483000.0,239875000.0,4777000.0,0.12,69900000.0,0.2914017718,628374000.0,297363000.0,329647000.0,122506000.0,331011000.0,259495000.0,395761000.0,504765360.0,680120360.0,10.562766410912191,2.6908641209410153,0.37756813617368,0.7978598547902732,0.004407236220385135,10.562766410912191,0.011712956891072528,2.104284981761334,36.23064599483204,1.6974719786927088,0.3459661211599196,0.655022254764061,0.0023872478095565038,0.38173921900014957,0.5275088567090591,0.005542877331016242,14.221146109201555,0.291401771756123,-0.7446808510638298,0.6282129424659889,0.4655355973266093,0.2486592024107456,-0.17506549909127386,-0.746247996502987,-0.7368044077134986,5.682041587901701,0.2666769349017206,0.1532581812780867,Apparel Retail,Consumer Cyclical,SCVL
2020Q3,2020,Q3,2019-12-05,2019-11-02,13726000.0,274645000.0,18150000.0,0.47,84734000.0,0.3085219101,647712000.0,300748000.0,345047000.0,130622000.0,346964000.0,298002000.0,393497000.0,488727720.0,699639720.0,10.43973896139961,2.641568801580132,0.3776663084827825,0.8133686674558102,0.01725237129592088,10.43973896139961,0.04563953875004988,1.7794888674470681,8.901495701588226,1.6250406320241533,0.08859099519160717,0.6372809578459205,0.0024880929610458765,0.42402333135714637,0.27695947083952166,0.02119151721752878,33.8829534109817,0.30852191010213187,0.17499999999999988,0.7368921871234548,0.47604845974986687,0.2523418272710138,0.03214568487727633,0.16007437457741716,0.15796861043766747,0.7349193364631503,0.2230464728039362,0.12085312886426447,Apparel Retail,Consumer Cyclical,SCVL
2020Q2,2020,Q2,2019-09-09,2019-08-03,11832000.0,268221000.0,15674000.0,0.4,82095000.0,0.3060722315,693373000.0,303560000.0,387678000.0,175372000.0,389813000.0,336919000.0,381012000.0,335414250.0,544331250.0,10.385220663701677,2.210603745181671,0.3553282288176782,0.8116187903544604,0.014857587079735425,10.385220663701677,0.03897746738700751,1.2505145011017034,7.087015086206897,1.104935597575438,0.10513860716700474,0.5524354518445086,0.003708846597900954,0.3868350801083976,0.22735670460506807,0.01706440833433087,19.68393485915493,0.3060722314807565,-0.13043478260869565,5.220977006320111,0.640929649706237,0.26839659047673825,0.092560553633218,-0.14712030562964032,0.004228600717580728,2.6054286131567945,0.4463886716678034,0.15574722386913364,Apparel Retail,Consumer Cyclical,SCVL
2020Q1,2020,Q1,2019-06-11,2019-05-04,13873000.0,253810000.0,15608000.0,0.46,75140000.0,0.2960482251,628618000.0,291503000.0,322744000.0,121188000.0,337115000.0,289356000.0,370453000.0,526324240.00000006,754314240.0,9.974781001916233,2.6631679704261146,0.3970710351914835,0.8562724911922004,0.01721942345475707,9.974781001916233,0.047591276933685076,2.0736938654899335,9.484686801701148,1.8055534248361083,0.14459741944784835,0.6174746678831612,0.0038113388051441446,0.4037587215129061,0.19489553421130806,0.022069046702448865,-28.429981094366124,0.2960482250502344,10.5,1.070869368965254,0.47052041803350336,0.22263684306412346,0.12711127111271112,9.208241353936717,9.426185704742819,0.6720248397256688,0.25204892940745327,0.07670401765589026,Apparel Retail,Consumer Cyclical,SCVL
2019Q4,2019,Q4,2019-04-02,2019-02-02,1359000.0,234658000.0,1497000.0,0.04,66666000.0,0.2840985605,417999000.0,304433000.0,337313000.0,70784000.0,113566000.0,257539000.0,360443000.0,538666200.0,471645200.0,10.427216056994109,4.765384832730561,0.0,0.0,0.0036819077264161016,10.427216056994109,0.004464036421807097,2.2955373351856743,99.09238410596026,1.7694080470908213,0.8609271523178808,0.6522973219590043,0.0021720315846808285,0.5613841181438233,0.9640596745027125,0.0032512039502486847,15.857581912920605,0.28409856045819876,-0.8947368421052632,2.105603759345785,0.6008783701256865,0.3129120472681428,-0.17917210470585337,-0.887182467209032,-0.9065309690309691,-0.574863441972305,0.30941269245576697,0.16816046067313242,Apparel Retail,Consumer Cyclical,SCVL
2019Q3,2019,Q3,2018-12-07,2018-11-03,12046000.0,269181000.0,16016000.0,0.38,81218000.0,0.3017226327,438019000.0,308752000.0,354293000.0,84364000.0,129267000.0,300510000.0,360335000.0,614896800.0,575197800.0,10.243248623183598,4.199575648380826,0.0,0.0,0.038448581853478846,10.243248623183598,0.039015131885785356,2.284324673732544,12.761431180474846,1.9915556822303981,0.09961813049975095,0.6254800173039167,0.0019515469913000039,0.614541834943233,0.49809160305343514,0.027501090135359424,28.886024334100625,0.3017226327266783,0.0,0.4601785820962892,0.5107148587747984,0.2891289662685173,-0.030591661593917477,0.023014861995753717,0.07266760431317393,0.6557922728504779,0.2876151118753354,0.15616541848684096,Apparel Retail,Consumer Cyclical,SCVL
2019Q2,2019,Q2,2018-09-11,2018-08-04,11775000.0,268366000.0,14931000.0,0.38,83781000.0,0.3121893235,477305000.0,313764000.0,391324000.0,116587000.0,163541000.0,336907000.0,349549000.0,484918200.0,446513200.0,10.288018886484359,3.3564977227306647,0.0,0.0,0.03732571559305124,10.288018886484359,0.03752820591272421,1.8069285975123526,10.295503184713375,1.5454870539641261,0.10394904458598726,0.5478811660191091,0.002524137060642393,0.5622526476781093,0.3630164598111282,0.024669760425723594,122.54692949203942,0.31218932353576834,-0.09523809523809519,1.6368989404187844,0.6211857627799833,0.3385103227531687,0.08346373194356434,-0.09108452335005789,-0.13773388773388773,2.1408257551998258,0.5135313012497428,0.1667408751889148,Apparel Retail,Consumer Cyclical,SCVL
2019Q1,2019,Q1,2018-06-11,2018-05-05,12955000.0,257445000.0,17316000.0,0.42,77327000.0,0.3003631844,437915000.0,301510000.0,347642000.0,86828000.0,136405000.0,295921000.0,339073000.0,371692440.0,336345440.0,9.709841556099446,4.003800617312388,0.0,0.0,0.04306156446668372,9.709841556099446,0.042967065768962885,1.443774165355707,7.172760324199151,1.23276985837949,0.09023543033577769,0.6086692056325844,0.0031450733837901034,0.5878880604683557,0.4439351361312019,0.029583366635077584,49.46007185628743,0.30036318436947695,4.500000000000001,0.742357809990709,0.41889681011501473,0.2828008601339193,0.10122616385878466,4.329478283217682,100.85882352941177,0.5721778018150938,0.28497477157141393,0.11466157421622598,Apparel Retail,Consumer Cyclical,SCVL
2018Q4,2018,Q4,2018-04-02,2018-02-03,-3891000.0,243232000.0,170000.0,-0.12,70219000.0,0.2886914551,415580000.0,307302000.0,320586000.0,56784000.0,108278000.0,260500000.0,326738000.0,356404860.0,308150860.0,9.596589844481919,5.645710059171598,0.0,0.0,-0.016948881546004886,9.596589844481919,-0.012661811507897767,1.465287708854098,-22.899309946029298,1.1597869847902065,-0.3125160627088152,0.6641573896353167,0.003411850219999806,0.585283218634198,0.9602000563539025,-0.009362818229943693,12.532257111712788,0.2886914550717011,-1.3636363636363635,-2.504440977114749,0.4677353716240529,0.3049377013121244,-0.1803261465908693,-1.3637468449097878,-0.9904921700223713,-2.5991152301280263,0.30645030771681137,0.1344443070041368,Apparel Retail,Consumer Cyclical,SCVL
2018Q3,2018,Q3,2017-12-05,2017-10-28,10697000.0,287469000.0,17880000.0,0.33,85667000.0,0.2980043066,442706000.0,309574000.0,338233000.0,81288000.0,133132000.0,302935000.0,331898000.0,338447970.0,317397970.0,9.700256940527668,4.160921661253814,0.0,0.0,0.03466249804169995,9.700256940527668,0.0345539354080123,1.1773372781065088,7.909880573992708,1.0932700097553414,0.11348976348508928,0.666156106095367,0.003586961978232577,0.6493451636074505,0.34955959059147723,0.024162762646090182,10.746768170704602,0.2980043065513151,1.7500000000000002,0.09196882997156754,0.47042482770410565,0.23806000767969887,0.2556172776173656,1.7456365503080082,1.7833125778331258,0.22186360961104049,0.39460688474410677,0.16363421986081134,Apparel Retail,Consumer Cyclical,SCVL
2018Q2,2018,Q2,2017-08-31,2017-07-29,3896000.0,235064000.0,6424000.0,0.12,68227000.0,0.2902486131,492812000.0,300203000.0,385825000.0,114196000.0,192609000.0,357467000.0,322473000.0,295752580.0,303921580.0,9.328289105711267,3.378620967459456,0.054178875514394945,0.08893981739023261,0.012198955285416712,9.328289105711267,0.01297788496450735,1.2581789640268182,18.977963295687882,0.9851752980483206,0.3131416837782341,0.4667200049235314,0.004125069678174912,0.4769851383489038,0.18677536866440156,0.007905651648092985,-13.414640540663129,0.2902486131436545,-0.5,0.6881701308418375,0.598204994693672,0.23175137803216928,-0.05445146626753146,-0.5266674766128052,-0.514326755878128,0.8605235355494574,0.30616815698484445,0.13930849230969744,Apparel Retail,Consumer Cyclical,SCVL
2018Q1,2018,Q1,2017-05-31,2017-04-29,8231000.0,253389000.0,13227000.0,0.24,72156000.0,0.2847637427,451355000.0,306607000.0,343451000.0,92427000.0,144748000.0,309601000.0,319856000.0,426571180.0,401310180.0,9.117610324729393,3.715916344791024,0.0,0.0,0.02692891267673697,9.117610324729393,0.026845440580286817,1.6834636862689383,12.956238002672823,1.3912636697792287,0.14202405540031587,0.5853760162273378,0.002740457055725143,0.5613962402100342,0.29362632131303623,0.0182361998870069,-24.815077370564282,0.28476374270390586,10.09090909090909,-0.0935652378284495,0.3813469738084793,0.2519377419900213,0.11975666909790655,9.946739130434782,9.907070707070707,0.0677597363099946,0.2758179495019971,0.1175710325444214,Apparel Retail,Consumer Cyclical,SCVL
2017Q4,2017,Q4,2017-03-29,2017-01-28,-920000.0,234201000.0,-1485000.0,-0.0264,64439000.0,0.2751440002,458478000.0,318882000.0,351751000.0,86296000.0,139596000.0,279646000.0,312641000.0,440248320.0,377304320.0,9.159064797794118,4.076098544544359,0.0,0.0,-0.0028057258839820146,9.159064797794118,-0.0028850797473673646,1.8797883868984333,-119.63269565217391,1.380599469396203,-1.3565217391304347,0.6070603548772376,0.002834763798757937,0.5108227657597529,0.7806619078520441,-0.0020066393589223473,11.606557169597426,0.27514400023911084,-1.0977777777777777,-1.3308121912887292,0.5158824946431112,0.32373223977932775,-0.21425435922448482,-1.0951199338296111,-1.0961040641988091,-2.7630267251131224,0.3398500548214623,0.15323653494909528,Apparel Retail,Consumer Cyclical,SCVL
2017Q3,2017,Q3,2016-11-30,2016-10-29,9672000.0,274524000.0,15452000.0,0.27,82010000.0,0.2987352654,469669000.0,328024000.0,357604000.0,88922000.0,141645000.0,314925000.0,314851000.0,443394620.0,409885620.0,9.31410074393776,4.021546973752277,0.0,0.0,0.029566010609723675,9.31410074393776,0.02948564739165427,1.6151397327738195,11.46077905293631,1.3517139599541497,0.12892886683209265,0.6113011034373264,0.0028123931679640136,0.5845052579582642,0.41664604934661836,0.020593226293410892,132.59408492822968,0.2987352654048462,1.4545454545454548,0.042907429550515484,0.4387656228839672,0.32103948132601007,0.2198423322921315,1.3567251461988303,1.32012012012012,0.0034293025438102117,0.3186386263239126,0.172194242808637,Apparel Retail,Consumer Cyclical,SCVL
2017Q2,2017,Q2,2016-09-07,2016-07-30,4104000.0,231907000.0,6660000.0,0.11,67230000.0,0.289900693,518086000.0,328464000.0,406625000.0,136748000.0,189622000.0,351220000.0,306458000.0,480867870.0,439318870.0,8.98571975707173,2.9735352619416737,0.0,0.0,0.012568117029093393,8.98571975707173,0.012494519947391494,2.0735375387547594,29.29263340643275,1.4639895696332017,0.31335282651072127,0.468871362678663,0.0026743313085151646,0.4476225954764267,0.3271272705999356,0.00792146477611825,1085.4805191873588,0.2899006929501912,-0.6071428571428572,0.6840838211960387,0.5501631061117856,0.36631198211850735,-0.11019641060934936,-0.6150454929181127,-0.6146948221000867,-0.2332101162643776,0.16884143410620983,0.169076260931871,Apparel Retail,Consumer Cyclical,SCVL
2017Q1,2017,Q1,2016-06-03,2016-04-30,10661000.0,260470000.0,17285000.0,0.28,75556000.0,0.2900756325,490958000.0,347870000.0,379627000.0,89807000.0,143088000.0,303011000.0,303682000.0,481203250.0,415205250.0,9.264181091877496,4.227142650350196,0.0,0.0,0.030717590844428433,9.264181091877496,0.030646505878632824,1.847442123853035,11.284195900947378,1.383284704056113,0.11696838945689898,0.6102550732481659,0.002591420569166979,0.5305341801131666,0.7533377130958612,0.0217146884254865,2013.402719665272,0.29007563251046187,1.5454545454545459,0.10531839457528752,0.34978299128498863,0.35444546390161324,0.10727475233014831,1.5578214971209212,1.6377231802227987,0.18570734066242736,0.1871448067506967,0.22392310980930383,Apparel Retail,Consumer Cyclical,SCVL
2016Q4,2016,Q4,2016-04-04,2016-01-30,4168000.0,233666000.0,6553000.0,0.11,68236000.0,0.2920236577,481093000.0,339802000.0,370077000.0,87934000.0,141291000.0,292878000.0,294308000.0,441398460.0,372584460.0,8.926184722076284,4.208576887210863,0.0,0.0,0.012339404277724942,8.926184722076284,0.012265966651167444,1.8890144907688753,26.47543546065259,1.2989872337420028,0.30110364683301344,0.564842699007778,0.0028432360185398015,0.4856981914099769,0.8067982805285783,0.008663605581457224,14.880940597397343,0.2920236576994514,-0.5416666666666667,-0.005565125853976415,0.35117486180973434,0.38976466816158045,-0.16086427192346003,-0.5559343703388024,-0.5681144137612865,0.35559521133599326,0.18607176239067552,0.21377647283856224,Apparel Retail,Consumer Cyclical,SCVL
2016Q3,2016,Q3,2015-12-08,2015-10-31,9386000.0,269713000.0,15173000.0,0.24,81317000.0,0.3014945516,489802000.0,344535000.0,377425000.0,93135000.0,145267000.0,318878000.0,291419000.0,436906680.0,387871680.0,8.859673935404238,4.052450743544317,0.0,0.0,0.027314523508596502,8.859673935404238,0.027242515274210167,1.6198947770407803,11.637190496484125,1.2681053593974485,0.13690603025783082,0.590809024140894,0.0029411315020406647,0.5506572043397128,0.5551081763032157,0.019162845394669684,21.07402469612194,0.301494551615977,1.0,0.013042495626436057,0.29517126374154407,0.3619017060011717,0.2269819235295893,0.9485156736558024,0.926240954678177,-0.21368886024290432,0.13219001681875628,0.13077499366831472,Apparel Retail,Consumer Cyclical,SCVL
2016Q2,2016,Q2,2015-09-09,2015-08-01,4817000.0,227822000.0,7877000.0,0.12,66274000.0,0.2909025467,514437000.0,345532000.0,401236000.0,116674000.0,168905000.0,349037000.0,283349000.0,554677830.0,515174830.0,8.817741029959679,3.438949551742462,0.0,0.0,0.013960316863440072,8.817741029959679,0.013940821689452786,2.4346982732132982,28.787514531866307,1.6052864278851162,0.2694623209466473,0.46283918323845324,0.0023400971335018027,0.44285694846988066,0.3595659701390198,0.009363634419763742,-18.96399295702417,0.2909025467250748,-0.5555555555555556,0.13911543325815853,0.34138467835569264,0.41383221371567197,-0.1126671932948627,-0.5366487110427087,-0.5374633000587199,0.714178352845213,0.27210839291486344,0.16433619731337434,Apparel Retail,Consumer Cyclical,SCVL
2016Q1,2016,Q1,2015-06-10,2015-05-02,10396000.0,252767000.0,17030000.0,0.27,74689000.0,0.2954855658,490628000.0,341263000.0,381374000.0,97565000.0,149365000.0,295248000.0,279855000.0,512422080.0,442668080.0,8.71102205431897,3.9089222569569007,0.0,0.0,0.03053323178906182,8.71102205431897,0.03046330835748382,2.0272507091511156,12.322577914582531,1.5015459630841903,0.11533282031550596,0.6031471847396087,0.002339867946361718,0.5151907351394539,0.7399682263106647,0.021189169798706962,53.888114417919866,0.29548556575818835,2.375,0.09225871046731259,0.296193446879386,0.4260530781712911,0.14706740589436826,2.494453781512605,2.7118570183086312,-0.017276889393372737,0.1828136962408624,0.19610916596537525,Apparel Retail,Consumer Cyclical,SCVL
2015Q4,2015,Q4,2015-04-16,2015-01-31,2975000.0,227632000.0,4588000.0,0.08,65113000.0,0.28604502,465016000.0,331198000.0,359129000.0,83122000.0,133818000.0,287877000.0,270686000.0,454554720.0,393178720.0,8.4592868818962,4.320504800173239,0.0,0.0,0.009057561198576543,8.4592868818962,0.008982542165109693,1.996884093624798,38.1978756302521,1.3724561138654219,0.4023529411764706,0.5645431903208662,0.002633346321868575,0.48951433929155125,0.7736098746420923,0.006397629328883307,13.602499326690008,0.2860450200323329,-0.7037037037037037,0.14246617164066147,0.3072183872665772,0.4643559510470411,-0.15178792418419854,-0.7249699547009337,-0.7421312949640287,-0.04872612359112414,0.31019225700717595,0.22259543068253462,Apparel Retail,Consumer Cyclical,SCVL
2015Q3,2015,Q3,2014-12-11,2014-11-01,10817000.0,254687000.0,17792000.0,0.27,76765000.0,0.3014091807,465275000.0,328712000.0,355444000.0,87996000.0,136563000.0,317865000.0,268929000.0,362774400.0,333685400.0,8.336173666058023,4.039319969089504,0.0,0.0,0.03297951676029603,8.336173666058023,0.03290722577818881,1.424393078563099,8.38435795507072,1.1036238409306627,0.11102893593417769,0.5597407704528652,0.003310597440172184,0.5473902530761378,0.3641415518887222,0.023248616409650206,289.5246608140463,0.30140918068060013,2.857142857142857,0.3722968750279036,0.26494756303437966,0.4341808268018696,0.2337871068323181,3.1861455108359134,3.172607879924953,0.04172284214418213,0.1921540980829258,0.1823379238430991,Apparel Retail,Consumer Cyclical,SCVL
2015Q2,2015,Q2,2014-09-08,2014-08-02,2584000.0,222073000.0,4264000.0,0.07,62219000.0,0.2801736366,496114000.0,325149000.0,387870000.0,125117000.0,170965000.0,337648000.0,259334000.0,345494400.0,312808400.0,8.187676269137793,3.100058345388716,0.0,0.0,0.008018585973203181,8.187676269137793,0.007947125779258124,1.5557694992187254,33.42631578947368,1.0625725436645967,0.46865325077399383,0.4734338719613325,0.003505121935406189,0.4476249410417767,0.2916789884667951,0.005208480308961247,-74.34783731439639,0.28017363659697486,-0.6956521739130435,1.4822106129509247,0.37061770371511293,0.4611837431967397,-0.10581759650484321,-0.717626488908316,-0.719639687027418,-0.023972602739726068,0.3663829868141236,0.24496651294140978,Apparel Retail,Consumer Cyclical,SCVL
2015Q1,2015,Q1,2014-06-12,2014-05-03,9151000.0,235770000.0,15209000.0,0.23,69582000.0,0.2951266064,445672000.0,325684000.0,346178000.0,76316000.0,119988000.0,289644000.0,257980000.0,448301600.0,407047600.0,8.158416833667335,4.5361130038261965,0.0,0.0,0.02816445385220167,8.158416833667335,0.028097788039940556,1.9014361453959367,12.247339088624194,1.3764925510617654,0.13320948530215276,0.5737664167046443,0.002719151571174406,0.5290213430504945,0.5778866816919126,0.020533037749735233,-75.82909336941813,0.29512660643847816,22.0,1.0770815590522769,0.32196023131520923,0.4648880236553965,0.2168514567521248,14.30267558528428,13.51240458015267,-0.10756330687385465,0.14924915590818827,0.1927800809795962,Apparel Retail,Consumer Cyclical,SCVL
2014Q4,2014,Q4,2014-04-10,2014-02-01,598000.0,200311000.0,1048000.0,0.01,57182000.0,0.2854661002,436851000.0,316872000.0,342515000.0,77659000.0,119979000.0,284801000.0,250070000.0,492740300.0,444487300.0,7.942052233194646,4.410499748902252,0.0,0.0,0.0019562639239715605,7.942052233194646,0.001887197354136686,2.4598763922101132,205.99510869565216,1.5550136963821353,2.0351170568561874,0.5025579264117752,0.0024698608983271717,0.4585339165985656,0.6771913107302437,0.0013688877901160807,31.009458779106357,0.28546610021416696,-0.9629629629629629,1.18483341112819,0.2030699953353422,0.45927971602317624,-0.19474447620791144,-0.9452180285818982,-0.9411731686780803,-0.8638684609055844,0.10517172746979397,0.2365399025509174,Apparel Retail,Consumer Cyclical,SCVL
2014Q3,2014,Q3,2013-12-11,2013-11-02,10916000.0,235770000.0,17815000.0,0.27,71011000.0,0.3011875981,435547000.0,316913000.0,342584000.0,79758000.0,118634000.0,299122000.0,250699000.0,502338980.0,468776980.0,7.945868017250025,4.295293262117907,0.0,0.0,0.03451841347897128,7.945868017250025,0.034444784530770274,2.130631462866353,11.504648680835471,1.5851005796543531,0.11148772444118725,0.5508087001290444,0.0024226668613293754,0.5413193065271945,0.4615587151132175,0.025062737201725645,-164.80937664041994,0.3011875980828774,0.8000000000000002,2.9151743739237346,0.2963053729137916,0.42870697353672566,0.13597606821199468,0.8698184309695101,0.8638836576689684,0.14875533506271094,0.10390262065257706,0.221432220559391,Apparel Retail,Consumer Cyclical,SCVL
2014Q2,2014,Q2,2013-09-12,2013-08-03,5838000.0,216417000.0,9558000.0,0.15,62511000.0,0.2888451462,457674000.0,306463000.0,370461000.0,114721000.0,151211000.0,321059000.0,241013000.0,535082240.0,497292240.0,7.686170746388443,3.2292344034658,0.0,0.0,0.01912564629719239,7.686170746388443,0.019049607946146845,2.472459372415291,22.913764988009593,1.7459929583669154,0.20846180198698183,0.47936983545080497,0.0022744167326502933,0.4728627800574208,0.35084247870921625,0.012755804349821051,117.96345679012346,0.2888451461761322,-0.375,4.56015785826826,0.27067505672999637,0.4025064348297437,-0.08893358401469109,-0.38670028364323983,-0.3730814639905549,0.3568070569874108,0.2523103424167489,0.23239679691667048,Apparel Retail,Consumer Cyclical,SCVL
2014Q1,2014,Q1,2013-06-13,2013-05-04,9519000.0,232287000.0,15246000.0,0.24,68613000.0,0.2953802839,408338000.0,300908000.0,325976000.0,73170000.0,107430000.0,276358000.0,236404000.0,404894490.0,370772490.0,7.5692508929919,4.455049883832172,0.0,0.0,0.031734164448215585,7.5692508929919,0.03163425365892565,1.7430785622957807,10.633850456980776,1.3455756909088492,0.1277445109780439,0.5922535262232321,0.0030032515384440027,0.568859621196166,0.5008473418067514,0.0233115703167474,-41.63867647058824,0.2953802838729675,1.9999999999999996,0.854717886237821,0.335576267288788,0.38879973604426477,0.14024329444610628,1.9644970414201184,1.8957264957264957,-0.014424655722669535,0.1738527188465469,0.23913743623804687,Apparel Retail,Consumer Cyclical,SCVL
2013Q4,2013,Q4,2013-04-15,2013-02-02,3211000.0,205744000.0,5265000.0,0.08,60174000.0,0.2924702543,407196000.0,292368000.0,328022000.0,82021000.0,114828000.0,272282000.0,228113000.0,407499000.0,361743000.0,7.354059764563839,3.999244096024189,0.0,0.0,0.0111242968403606,7.354059764563839,0.010982734088545942,1.980611828291469,31.72679850513859,1.393787965851256,6.669261912176892,0.5346295384931798,0.05255227620190479,0.5052701892945903,0.5840943173089819,0.007885637383471351,160.43267716535433,0.2924702542966016,-0.7419354838709676,1.6803117472661315,0.17774202997415545,0.3989066547041259,-0.2127428534048538,-0.7378347485303723,-0.743920233463035,0.21436140251934593,0.16357205618598067,0.2730341612649899,Apparel Retail,Consumer Cyclical,SCVL
2013Q3,2013,Q3,2012-12-06,2012-10-27,12248000.0,244434000.0,20560000.0,0.31,76435000.0,0.3127019973,433602000.0,312634000.0,355662000.0,91154000.0,120968000.0,277418000.0,246317000.0,468249970.0,401115970.0,7.835045862362789,3.9017706299229875,0.0,0.0,0.039301050417558506,7.835045862362789,0.03917680098773646,1.915649909587046,9.557682274657086,1.4977576655130278,0.08344219464402351,0.6055807481850493,0.0021825949075875008,0.5637289495897159,0.7713100906158809,0.028247102181263,28.494490963305545,0.312701997267156,3.428571428571428,1.7726875900902266,0.3321234409872479,0.4999228120641456,0.46066234783771903,3.2840153899965023,3.3819266837169653,0.5355379816319522,0.19972442454094466,0.3479652659668833,Apparel Retail,Consumer Cyclical,SCVL
2013Q2,2013,Q2,2012-09-06,2012-07-28,2859000.0,182207000.0,4692000.0,0.07,52329000.0,0.2871953328,434038000.0,301928000.0,357509000.0,102678000.0,132110000.0,294387000.0,235091000.0,444129520.0,391234520.0,7.573191532055784,3.481846159839498,0.0,0.0,0.00958559399360434,7.573191532055784,0.009469144961712726,2.437499766748808,38.83608954179783,1.470978246469357,0.0,0.44118116628791354,0.0,0.41979504098719467,0.5315062622957206,0.006586980863426704,-11.312807763824855,0.28719533278084813,-0.7407407407407407,15.864260893283163,0.15944379816982487,0.49100126850292675,-0.2365076817578313,-0.7405626134301271,-0.7389998331200979,1.7356314279076144,0.12016744155871396,0.351521968750288,Apparel Retail,Consumer Cyclical,SCVL
2013Q1,2013,Q1,2012-06-07,2012-04-28,11020000.0,222613000.0,17977000.0,0.27,68539000.0,0.3078840858,419527000.0,297211000.0,346354000.0,92432000.0,122316000.0,243260000.0,233255000.0,409189616.9733,316898616.9733,7.282798512197954,3.7471222087588716,0.0,0.0,0.03718559797153159,7.282798512197954,0.03707803546975045,1.8381209407056192,9.282886047488658,1.376764712521744,0.0,0.6333717010605936,0.0,0.5306285411904359,1.043880907045179,0.02626767764649236,20.2981108672702,0.30788408583505905,2.3540372670807455,0.49249082808316613,0.3335444150108957,0.3542136910595649,0.32917676718704547,2.364885496183206,2.5889399081653024,1.4467552992724584,0.2209681011496513,0.30766600147083606,Apparel Retail,Consumer Cyclical,SCVL
2012Q4,2012,Q4,2012-04-12,2012-01-28,3275000.0,181940000.0,5009000.0,0.0805,51565000.0,0.2834176102,386562000.0,283684000.0,316261000.0,75760000.0,102878000.0,237655000.0,222235000.0,352054700.0,281452700.0,6.919121951219513,4.1745116156283,0.0,0.0,0.01166799397991051,6.919121951219513,0.01154453546904302,1.9350043970539739,26.87440458015267,1.2410100675399387,0.0,0.54858934169279,0.0,0.47066188606226167,0.9665126715945089,0.008472120901692354,20.34527854831253,0.28341761020116524,-0.6903846153846154,-0.3548671050502935,0.0366436505281197,0.36438682146848916,-0.20857954109431356,-0.6872911295712786,-0.7032407133124,1.9850490764664943,0.06336302774155128,0.27132559943437945,Apparel Retail,Consumer Cyclical,SCVL
2012Q3,2012,Q3,2011-12-08,2011-10-29,10473000.0,215472000.0,16879000.0,0.26,65155000.0,0.3023826762,376802000.0,280408000.0,307651000.0,70810000.0,96394000.0,245131000.0,218960000.0,368278404.36,315281404.36,7.050584691525353,4.344739443581415,0.0,0.0,0.037462341072610164,7.050584691525353,0.03734914838378363,1.7091705853196704,8.791139223718131,1.313366253316596,0.0,0.6132108953987868,0.0,0.5718440984920462,0.7912159299533964,0.027794438458394594,48.42582568836292,0.30238267617138187,2.714285714285714,0.26516953441223906,0.1530436772448149,0.390320368278149,0.40502016259461326,2.8574585635359115,3.1028196402527954,2.7669697041633756,0.1880728237091086,0.26773053547141384,Apparel Retail,Consumer Cyclical,SCVL
2012Q2,2012,Q2,2011-09-07,2011-07-30,2715000.0,166672000.0,4114000.0,0.07,46373000.0,0.2782290967,382092000.0,267833000.0,314255000.0,90298000.0,114259000.0,258069000.0,208487000.0,428834250.0,384738250.0,6.576623695518723,3.4801988969855366,0.0,0.0,0.01026162963929427,6.576623695518723,0.010136913673819133,2.5729231664586734,39.4875,1.601125514779732,0.0,0.4661505256346171,0.0,0.43620908053557783,0.5203326762497508,0.007105618542131214,-16.8494067030765,0.2782290966689066,-0.72,-0.06687631027253665,0.1161466324506328,0.35381792712633375,-0.24914183937823833,-0.7262828914205061,-0.745026340254106,1.5316274309109519,-0.04189588196522578,0.20004581693072743,Apparel Retail,Consumer Cyclical,SCVL
2012Q1,2012,Q1,2011-06-09,2011-04-30,9919000.0,198450000.0,16135000.0,0.25,61760000.0,0.3112118922,361604000.0,264127000.0,295833000.0,75064000.0,97477000.0,218260000.0,205772000.0,376764727.2,307711727.2,6.839833229749327,3.9410769476713203,0.0,0.0,0.03763086827285758,6.839833229749327,0.03755390399315481,1.8985373000755856,9.496036072184696,1.4264529078814359,0.0,0.6262714194080454,0.0,0.5488047698587405,0.9360412448044335,0.027430559396466853,37.09409542187654,0.31121189216427314,1.272727272727273,0.37945543858028336,0.2122790793559196,0.4263620317125885,0.14349194593593778,1.275,1.3079673866399657,0.9896100737698276,0.17464988073523824,0.25496680164976276,Apparel Retail,Consumer Cyclical,SCVL
2011Q4,2011,Q4,2011-04-14,2011-01-29,4360000.0,179895000.0,6991000.0,0.11,54010000.0,0.3002306901,345145000.0,254343000.0,281354000.0,70676000.0,90802000.0,212929000.0,195853000.0,324720000.0,264527000.0,6.42280303030303,3.980898749221801,0.0,0.0,0.01708355800132052,6.42280303030303,0.01714220560424309,1.805052947552739,18.61926605504587,1.2767011476628016,0.0,0.5912064584908584,0.0,0.5212157209288849,0.873606316146924,0.012632371901664517,19.10904490084152,0.30023069012479503,-0.5217391304347826,0.4899241167897884,0.13313177010676563,0.4465533031733246,-0.1219313932693871,-0.5206684256816183,-0.5149854308311363,2.65375135561471,0.03383107887461635,0.22176079452593606,Apparel Retail,Consumer Cyclical,SCVL
2011Q3,2011,Q3,2010-12-09,2010-10-30,9096000.0,204443000.0,14414000.0,0.23,61510000.0,0.3008662561,344543000.0,248362000.0,280649000.0,77524000.0,96181000.0,228233000.0,191493000.0,291424127.40000004,248112127.40000004,6.5053695845775055,3.6201563386822144,0.0,0.0,0.03671566018483273,6.5053695845775055,0.036623960187146185,1.425454172556654,8.009678083773087,1.1733845250078514,0.0,0.626259129924244,0.0,0.5933744119021428,0.5921779061967907,0.02640018807521848,112.43214791666668,0.30086625612028783,1.090909090909091,0.32245075056956246,0.16325767522278756,0.4572201177563468,0.3158063619055768,1.2088392423506558,1.4067457004508266,1.1521260446295807,0.16449222066509772,0.24537270262684868,Apparel Retail,Consumer Cyclical,SCVL
2011Q2,2011,Q2,2010-09-09,2010-07-31,4118000.0,165394000.0,5989000.0,0.11,46747000.0,0.2826402409,349844000.0,237995000.0,287136000.0,94361000.0,111849000.0,238147000.0,182397000.0,267757272.0,227197272.0,6.236766247379455,3.042952067061604,0.0,0.0,0.01740459780930889,6.236766247379455,0.017302884514380553,1.6189055951243696,16.255298203011172,1.12505419021408,0.0,0.4982090893439766,0.0,0.47276500383027864,0.4476849545892901,0.011770960771086542,-23.05668406096616,0.28264024087935474,-0.5416666666666667,0.5698620259759591,0.14686762770077724,0.44383625405007354,-0.211313942502362,-0.5546663782848491,-0.6004936295110399,24.377894211576844,0.09956391374094288,0.2278873902552329,Apparel Retail,Consumer Cyclical,SCVL
2011Q1,2011,Q1,2010-06-10,2010-05-01,9247000.0,189457000.0,14991000.0,0.24,59272000.0,0.3128519928,326622000.0,232495000.0,264473000.0,75355000.0,94127000.0,200157000.0,178279000.0,350922420.0,299162420.0,6.108483749770106,3.5096941145245837,0.0,0.0,0.03989531743348412,6.108483749770106,0.03977289834189983,1.8522536512242884,9.487466745971666,1.5093762016387449,0.0,0.6504144246766288,0.0,0.5800497210843115,0.7051423263220755,0.028311013954969353,49.854016195482316,0.31285199280047715,2.5450516986706058,0.5907802886450851,0.2007816775424913,0.4439703821496607,0.21104141552418118,2.6205951448707907,2.3893285100610444,0.34281852373439436,0.2168975259193476,0.13585352000312215,Apparel Retail,Consumer Cyclical,SCVL
2010Q4,2010,Q4,2010-04-15,2010-01-30,2554000.0,170790000.0,4423000.0,0.0677,48943000.0,0.2865683003,311641000.0,221829000.0,248101000.0,71588000.0,89812000.0,197452000.0,169032000.0,233856000.0,189688000.0,5.776796875,3.4656786053528523,0.0,0.0,0.011581452898757432,5.776796875,0.011513372913370208,1.3692604953451608,22.891151135473766,1.0542174377561095,0.0,0.617096813402751,0.0,0.5480344370605922,0.6273956529027211,0.008195327315725465,14.421312284163788,0.28656830025177116,-0.6615000000000001,1.4051737392373926,0.21178593520854613,0.44310400588838805,-0.14283962941557646,-0.6593758335556148,-0.6380227514526557,-0.4628304233320327,0.03900197352458223,0.13913088714402064,Apparel Retail,Consumer Cyclical,SCVL
2010Q3,2010,Q3,2009-12-10,2009-10-31,7498000.0,191523000.0,12219000.0,0.2,57099000.0,0.2981312949,304948000.0,218021000.0,238239000.0,69133000.0,86927000.0,204000000.0,166478000.0,187668779.70000002,160412779.70000002,5.812498333733237,3.446096654275093,0.0,0.0,0.03447299909572498,5.812498333733237,0.03439118250076827,0.9798759402265003,6.257294601893839,0.8607830424592127,0.0,0.6589411764705883,0.0,0.6280513399005732,0.4141871465146891,0.024587798575494837,20.155598721941793,0.2981312949358563,5.666666666666667,0.5595258029844218,0.20790917773900808,0.4231950789415019,0.3952448441012609,6.635437881873727,5.417542016806722,-0.039598481082782716,0.08668990341274128,0.14617938476586023,Apparel Retail,Consumer Cyclical,SCVL
2010Q2,2010,Q2,2009-09-10,2009-08-01,982000.0,152840000.0,1904000.0,0.03,40924000.0,0.2677571316,313994000.0,209911000.0,246313000.0,87187000.0,104083000.0,216728000.0,158980000.0,156088748.7,138415748.7,5.603454259096127,2.8251115418583046,0.0,0.0,0.004781128094742236,5.603454259096127,0.004678173130517219,1.0212558800052343,39.73746148167006,0.7435948983140472,0.0,0.5163892067476283,0.0,0.48676089352025836,0.22504501817931571,0.003127448295190354,-56.75954498181818,0.2677571316409317,-0.7272727272727273,-0.48146582734109317,0.13582434426511472,0.4154397897898108,-0.1225557461406518,-0.7623426911907066,-0.7108140947752126,-0.633087425597674,0.11269813985082948,0.15348804812503475,Apparel Retail,Consumer Cyclical,SCVL
2010Q1,2010,Q1,2009-06-11,2009-05-02,4132000.0,167269000.0,6584000.0,0.11,46640000.0,0.2788323001,289302000.0,208515000.0,219222000.0,64295000.0,80787000.0,188234000.0,157998000.0,141148800.0,120917800.0,5.569310897435898,3.4096274982502526,0.0,0.0,0.019934400609849266,5.569310897435898,0.019816320168812795,0.8438431508528179,8.539980638915779,0.6769239623048701,0.0,0.6408459683160321,0.0,0.5781812776959717,0.331067734660549,0.01428265272967349,-30.198716302952505,0.2788323000675558,2.356350184956843,-0.07291971950391045,0.17829476523783286,0.4238279317692858,0.20252675003222895,2.3551984257133487,2.3730969760166842,-0.40730461711711713,0.053897595155983115,0.16141042333525746,Apparel Retail,Consumer Cyclical,SCVL
2009Q4,2009,Q4,2009-04-16,2009-01-31,-3049000.0,156910000.0,-4795000.0,-0.0811,38785000.0,0.2471799121,293074000.0,204636000.0,222857000.0,71920000.0,88438000.0,189494000.0,153866000.0,98387920.0,73570920.0,5.442446808510638,3.0986790878754173,0.0,0.0,-0.014800851420485008,5.442446808510638,-0.014899626654156648,0.6270340959785865,-8.067228599540833,0.4807947770675736,0.0,0.6233706608124796,0.0,0.5353937913291523,0.3674082313681869,-0.010403515835591012,6.284358712314767,0.24717991205149448,-2.1585714285714284,-29.13048390133685,0.2185706825326512,0.47590756821894714,-0.16261847701707796,-2.169543536632144,-2.220723014256619,-2.097343071874669,0.040924635038158075,0.2257560088721483,Apparel Retail,Consumer Cyclical,SCVL
2009Q3,2009,Q3,2008-12-11,2008-11-01,2607000.0,170063000.0,3928000.0,0.07,46317000.0,0.2723520107,289772000.0,207408000.0,216231000.0,65851000.0,82364000.0,194827000.0,156915000.0,174158310.0,165015310.0,5.56157992116483,3.2836403395544487,0.0,0.0,0.012505753457291468,5.56157992116483,0.012569428373061792,1.0240811346383398,16.701027042577675,0.8396894526729923,0.0,0.6351583712729755,0.0,0.586885551399031,0.15829676086923508,0.008996728462377318,-19.6500406183008,0.272352010725437,1.3333333333333337,-0.5162650366849889,0.13887166237802004,0.47006605464169726,0.09896550087790063,1.668372569089048,1.6451178451178452,-0.6119783667382412,-0.009397613398569316,0.24580871882277455,Apparel Retail,Consumer Cyclical,SCVL
2009Q2,2009,Q2,2008-09-11,2008-08-02,977000.0,158480000.0,1485000.0,0.03,42146000.0,0.2659389197,308907000.0,203325000.0,237893000.0,89499000.0,105582000.0,208409000.0,154308000.0,187731060.0,171072060.0,5.480310503760006,2.658052045274249,0.0,0.0,0.004795427231946312,5.480310503760006,0.004805114963728022,1.1845725643614335,48.03763050153531,0.9233053485798598,0.0,0.5582004615923497,0.0,0.513034667391804,0.20804701728510933,0.0031627641976387714,28.090836450695797,0.26593891973750633,-0.7692307692307693,-0.35138535930148823,0.20577559213055707,0.5073455084908101,-0.10480033984706882,-0.7957775919732442,-0.8085600103132654,-0.6169173736365581,0.13029226783494488,0.26871373319544256,Apparel Retail,Consumer Cyclical,SCVL
2009Q1,2009,Q1,2008-06-11,2008-05-03,4784000.0,162119000.0,7757000.0,0.13,47080000.0,0.2904039625,283111000.0,201963000.0,212920000.0,64807000.0,81148000.0,192318000.0,153331000.0,181326124.8,171417124.8,5.4502104922279795,3.2854475596771953,0.0,0.0,0.02367529863568307,5.4502104922279795,0.02368750711764036,1.1184754704877282,9.475654515050168,0.8978185350782073,0.0,0.5981707380484406,0.0,0.5726340551938992,0.17078402024472664,0.016897965815528184,455.5932783919598,0.29040396252135775,3.4217687074829937,-0.03745384725225411,0.21083012713420593,0.5153143091540937,0.040441988950276245,3.2448979591836733,3.839051777916407,-0.15467800128286696,0.05538026651651326,0.288362685348015,Apparel Retail,Consumer Cyclical,SCVL
2008Q4,2008,Q4,2008-04-17,2008-02-02,1127000.0,164341000.0,1603000.0,0.0294,45250000.0,0.275342124,291616000.0,196612000.0,219930000.0,78475000.0,95004000.0,200781000.0,148547000.0,186375420.0,177198420.0,5.257005347593583,2.802548582351067,0.0,0.0,0.005753637565889015,5.257005347593583,0.005732101804569406,1.1340774365496133,41.34326086956522,0.9479351209488739,0.0,0.5931387930132831,0.0,0.5635527543070339,0.12217903791016248,0.0038646713486228464,9.800979175431216,0.2753421239982719,-0.7327272727272728,-0.2994684447121624,0.33212071741469734,0.5583333268645745,-0.10504143509819822,-0.7307692307692307,-0.7688203057398327,0.08970538903249996,0.1972063630256966,0.3132546704074613,Apparel Retail,Consumer Cyclical,SCVL
2008Q3,2008,Q3,2007-12-13,2007-11-03,4186000.0,173881000.0,6934000.0,0.11,50561000.0,0.2907793261,293612000.0,197516000.0,219418000.0,64936000.0,96096000.0,200242000.0,147420000.0,189438120.0,196932120.0,5.223632709192849,3.3789885425649873,0.048243940983338555,0.07171570910711031,0.019815046159679744,5.223632709192849,0.02119321978978918,1.0894699248336506,11.313791208791208,0.9591026549747869,0.0,0.6158548156730356,0.0,0.592213533506805,0.1270481705063447,0.014256910480498073,-11.428458011583011,0.29077932609083224,32.333333333333336,-0.1308661162138074,0.29909180641931504,0.5746552497951213,0.2562675478917683,24.065868263473053,52.751937984496124,-0.1363213394915069,0.0878557486284258,0.27901083820978523,Apparel Retail,Consumer Cyclical,SCVL
2008Q2,2008,Q2,2007-09-13,2007-08-04,167000.0,154805000.0,129000.0,0.0033,40247000.0,0.2599851426,314307000.0,199478000.0,239571000.0,98352000.0,114829000.0,210043000.0,143234000.0,268756920.90000004,253290920.90000004,5.079265653247778,2.4358528550512446,0.0,0.0,0.00039559293712633937,5.079265653247778,0.0008371850529882995,1.7360997441943091,402.33071991017965,1.3473010602672977,0.0,0.5454026080374018,0.0,0.49252800605777153,0.16961525947616723,0.0005313276509909101,21.044312966878085,0.25998514259875327,-0.9816666666666667,-0.9549078338464031,0.19234122568516154,0.5442783130858018,-0.1916812275310799,-0.9772075883717756,-0.9876743741639595,-0.9158861222471506,0.09734810068749919,0.28302907030052854,Apparel Retail,Consumer Cyclical,SCVL
2008Q1,2008,Q1,2007-06-14,2007-05-05,7327000.0,165653000.0,10466000.0,0.18,49791000.0,0.3005740916,288236000.0,217788000.0,214231000.0,53709000.0,70448000.0,182646000.0,143067000.0,407399820.0,386106820.0,5.37787984295133,3.9887355936621423,0.0,0.0,0.03269926029323444,5.37787984295133,0.0336428086028615,2.4593567276173687,13.900635321413949,1.8706256543060222,0.0,0.6343527917392113,0.0,0.5747130823353086,0.4112159973188851,0.025420141828224094,-29.5946404184222,0.3005740916252649,0.5,0.19572887948323164,0.18281933131371358,0.6781708723066885,0.0009045953443492944,0.42937963324229417,0.3194654563792234,0.5198341902496472,0.07882445152399098,0.3748874277459489,Apparel Retail,Consumer Cyclical,SCVL
2007Q4,2007,Q4,2007-04-18,2007-02-03,5126000.0,177221000.0,7932000.0,0.12,49746000.0,0.2807003685,311162000.0,209949000.0,237142000.0,84928000.0,101213000.0,196662000.0,135854000.0,447948000.0,413109000.0,5.071231884057971,2.792271100226074,0.0,0.0,0.023448768058017485,5.071231884057971,0.024415453276748163,2.527623701480073,21.84685914943426,2.133603875226841,0.0,0.6481933469607754,0.0,0.569545767156658,0.4213804634513941,0.016473733939234226,29.8871096877502,0.280700368466491,-0.4000000000000001,3.063060582546953,0.34874399580027465,0.7190309860145484,-0.12321765338315385,-0.38801337153772686,-0.41078591591145447,41.95224659056902,0.24997920918617503,0.3752398105517946,Apparel Retail,Consumer Cyclical,SCVL
2007Q3,2007,Q3,2006-12-07,2006-10-28,8376000.0,189086000.0,13462000.0,0.2,56737000.0,0.3000592323,283609000.0,204075000.0,213229000.0,63620000.0,79534000.0,187254000.0,130728000.0,,,,,,,,,,,,,,,,,,,,,,,,,,,,,,,Apparel Retail,Consumer Cyclical,SCVL
2007Q2,2007,Q2,2006-09-07,2006-07-29,2862000.0,146886000.0,4420000.0,0.07,40841000.0,0.2780455591,299316000.0,194600000.0,237494000.0,88464000.0,104716000.0,203688000.0,122352000.0,,,,,,,,,,,,,,,,,,,,,,,,,,,,,,,Apparel Retail,Consumer Cyclical,SCVL
2007Q1,2007,Q1,2006-06-08,2006-04-29,7400000.0,168469000.0,11816000.0,0.18,51450000.0,0.3053974322,270675000.0,190570000.0,212356000.0,63348000.0,80105000.0,174388000.0,119490000.0,,,,,,,,,,,,,,,,,,,,,,,,,,,,,,,Apparel Retail,Consumer Cyclical,SCVL
