Quarters,Year,Quarter,FillingDate,Date,NetIncome,Revenue,OperatingIncome,EPSDiluted,GrossProfit,GrossProfitRatio,TotalAssets,CommonStockEquity,CurrentAssets,CurrentLiability,TotalLiability,Inventory,RetainedEarnings,MarketCap,EnterpriseValue,bookValuePerShare,currentRatio,debtToAssets,debtToEquity,roic,shareholdersEquityPerShare,roe,priceToSalesRatio,peRatio,pbRatio,payoutRatio,inventoryTurnover,dividendYield,assetTurnover,quickRatio,returnOnAssets,priceToFreeCashFlowsRatio,grossProfitMargin,epsdilutedGrowth,fiveYNetIncomeGrowthPerShare,fiveYRevenueGrowthPerShare,fiveYShareholdersEquityGrowthPerShare,grossProfitGrowth,netIncomeGrowth,operatingIncomeGrowth,threeYNetIncomeGrowthPerShare,threeYRevenueGrowthPerShare,threeYShareholdersEquityGrowthPerShare,Industry,Sector,Symbol
2023Q1,2023,Q1,2023-05-04,2023-03-31,300000.0,545600000.0,33700000.0,0.0007,110900000.0,0.2032624633,5072600000.0,2719400000.0,545500000.0,318100000.0,2353200000.0,0.0,-121600000.0,6260202600.0,8032802600.0,6.515923302546151,1.7148695378811694,0.36998777747111933,0.6901522394645878,0.000715848503515517,6.515923302546151,0.0001103184525998382,11.473978372434017,5216.8355,2.302052879311613,0.0,0.0,0.0,0.1075582541497457,1.3841559258094938,5.9141268777352834e-05,200.00647284345047,0.20326246334310852,1.0078651685393258,1.0032650019662754,-0.06073156378731608,26.47372110055647,0.13860369609856263,1.0080862533692723,-0.2199074074074074,-0.9954800404893893,-0.5331998300197263,22.67266853496464,Health Information Services,Healthcare,RCM
2022Q4,2022,Q4,2023-02-16,2022-12-31,-37100000.0,532800000.0,43200000.0,-0.089,97400000.0,0.1828078078,5139800000.0,2720500000.0,564500000.0,349800000.0,2419300000.0,0.0,-121900000.0,4562650697.549999,6351450697.549999,6.528984350258504,1.6137793024585478,0.36945017315848866,0.6979966917845984,0.010295214002498262,6.528984350258504,-0.013637199044293329,8.563533591497746,-30.74562464656334,1.6771368121852601,0.0,0.0,0.0,0.10366162107475,1.2984562607204118,-0.007218179695708004,426.415953042056,0.1828078078078078,-0.26062322946175637,0.7736852553422067,-0.06873873710404393,18.974101688452787,0.04843918191603875,-0.2576271186440678,1.335135135135135,-2.289379042325984,-0.5400232630641908,39.74473103937862,Health Information Services,Healthcare,RCM
2022Q3,2022,Q3,2022-11-08,2022-09-30,-29500000.0,496000000.0,18500000.0,-0.0706,92900000.0,0.1872983871,5081100000.0,2767800000.0,541100000.0,346000000.0,2313300000.0,0.0,-84800000.0,7739995490.46,9506495490.46,6.626274403288045,1.5638728323699422,0.3734624392355986,0.6855986704241636,0.005255520872916256,6.626274403288045,-0.010658284558132813,15.604829617862903,-65.59318212254237,2.796443200541947,0.0,0.0,0.0,0.09761665781031667,1.283815028901734,-0.005805829446379721,-1311.8636424508475,0.18729838709677418,-0.02023121387283235,-1.005456004602091,-0.014708826266373239,8.043707572281956,0.1356968215158924,-0.44607843137254904,-0.6270161290322581,-1.8615481654656136,-0.5575419689994049,49.24795170374867,Health Information Services,Healthcare,RCM
2022Q2,2022,Q2,2022-08-03,2022-06-30,-20400000.0,391900000.0,49600000.0,-0.0692,81800000.0,0.208726716,5090200000.0,2750600000.0,570700000.0,362700000.0,2339600000.0,0.0,-55300000.0,6176044989.6,7929244989.6,9.334869823176911,1.5734767025089607,0.37654709048760365,0.6968297825928889,0.004701439932139874,9.334869823176911,-0.007416563658838072,15.759237023730545,-75.68682585294118,2.2453446482949175,0.0,0.0,0.0,0.07699108090055401,1.3363661428177558,-0.0040077010726494045,-47.83923307203718,0.20872671599897932,-1.7554585152838427,-0.058816118249522785,0.37105241555771873,10.852748875976639,-0.08295964125560538,-1.6938775510204083,-0.14038128249566725,-0.4772653039677592,-0.49975250620641126,234.3999879064988,Health Information Services,Healthcare,RCM
2022Q1,2022,Q1,2022-05-09,2022-03-31,29400000.0,385700000.0,57700000.0,0.0916,89200000.0,0.2312678247,1436300000.0,366500000.0,340400000.0,221500000.0,1069800000.0,0.0,-34900000.0,7459276704.360001,8174376704.360001,1.3148111256239394,1.5367945823927764,0.5841398036621875,2.289222373806276,0.034523088757986514,1.3148111256239394,0.08021828103683493,19.339581810630026,63.42922367653061,20.352733163328786,0.0,0.0,0.0,0.26853721367402356,1.1702031602708804,0.02046926129638655,356.9031915961723,0.23126782473424942,-0.16727272727272727,2.288084001735489,0.6140047578324597,0.4597488764256546,-0.05408271474019088,-0.18333333333333332,0.14940239043824702,56.90545473377763,-0.449319015545462,36.99203215168189,Health Information Services,Healthcare,RCM
2021Q4,2021,Q4,2022-02-17,2021-12-31,36000000.0,398900000.0,50200000.0,0.11,94300000.0,0.2364001003,1449300000.0,346700000.0,364700000.0,254200000.0,1102600000.0,0.0,-64300000.0,7085580150.0199995,7803080150.0199995,1.2472349211906177,1.434697088906373,0.584834057821017,2.44476492644938,0.031772084869019265,1.2472349211906177,0.10383616959907702,17.762798069741788,49.20541770847222,20.437208393481395,0.0,0.0,0.0,0.2752363209825433,1.1309992132179387,0.02483957772717864,255.79711732924187,0.23640010027575833,1.2,-0.0032613961147082093,0.3656096514892713,11.215534047914627,0.24570673712021135,1.1176470588235294,0.6141479099678456,3.4833666739747735,-0.4033953227233991,20.638467316764583,Health Information Services,Healthcare,RCM
2021Q3,2021,Q3,2021-11-02,2021-09-30,17000000.0,379700000.0,31100000.0,0.05,75700000.0,0.19936792204371873,1483400000.0,334100000.0,364600000.0,257400000.0,1149300000.0,0.0,-100300000.0,6133202470.690001,6846902470.690001,1.198972483811171,1.4164724164724165,0.5881083996224888,2.6111942532175996,0.016760407017623945,1.198972483811171,0.050882969170906914,16.152758679720833,90.1941539807353,18.35738542559114,0.0,0.0,0.0,0.2559660239989214,1.1721056721056722,0.011460159093973304,81.45023201447543,0.19936792204371873,-0.1666666666666666,-0.8350589821982668,0.09559088221457918,5.857614952216118,0.14006024096385541,-0.07608695652173914,0.12681159420289856,1.4966607530621236,-0.40636159125046417,12.079531716552614,Health Information Services,Healthcare,RCM
2021Q2,2021,Q2,2021-08-03,2021-06-30,18400000.0,353400000.0,27600000.0,0.06,66400000.0,0.18788907753254103,1177800000.0,322100000.0,353300000.0,237800000.0,855700000.0,0.0,-117300000.0,5965919809.599999,6416419809.599999,1.2007375607819804,1.4857022708158116,0.5224995754797079,1.9105867742936975,0.02070559838869477,1.2007375607819804,0.05712511642347097,16.881493518958685,81.05869306521738,18.52194911393977,0.0,0.0,0.0,0.3000509424350484,1.234650967199327,0.015622346748174563,80.94870840705562,0.18788907753254103,1.0253164556962024,1.167170129452812,14.102626566950319,3.075317775278757,-0.11936339522546419,-0.2868217054263566,-0.25,3.5581980879824218,-0.314627932416906,4.4796992570250875,Health Information Services,Healthcare,RCM
2021Q1,2021,Q1,2021-05-04,2021-03-31,25800000.0,342600000.0,36800000.0,-2.37,75400000.0,0.22008172796263864,1134500000.0,283600000.0,298600000.0,221500000.0,850900000.0,0.0,-135700000.0,5905680778.6,6428380778.6,1.18517208470913,1.3480812641083522,0.5519612163948876,2.208039492242595,0.029141026620836095,1.18517208470913,0.09097320169252468,17.237830643899592,57.225588939922474,20.82398017842031,0.0,0.0,0.0,0.30198325253415603,1.0514672686230249,0.02274129572498898,162.24397743406595,0.22008172796263864,-10.48,-0.93669469337675,-0.6004323806802654,6.4414391602199,0.16537867078825347,-0.6717557251908397,2.092436974789916,1.489727187790471,0.028667554669439484,3.997156319924793,Health Information Services,Healthcare,RCM
2020Q4,2020,Q4,2021-02-18,2020-12-31,78600000.0,328400000.0,11900000.0,0.25,64700000.0,0.19701583434835565,1189000000.0,87900000.0,355400000.0,206300000.0,1101100000.0,0.0,-161500000.0,2820245992.12,3283545992.12,0.7486432055570005,1.7227338826951042,0.5358284272497897,7.248009101251422,0.01828297861610436,0.7486432055570005,0.89419795221843,8.587837978440925,8.97024806653944,32.0847098079636,0.0,0.0,0.0,0.27619848612279224,1.4348036839554048,0.06610597140454164,655.8711609581395,0.19701583434835565,4.580357142857142,11.061126632627962,3.0164699828290367,1.344424675537751,0.24423076923076922,14.115384615384615,0.12264150943396226,2.701573060091701,1.0370401335516417,1.2903218500704066,Health Information Services,Healthcare,RCM
2020Q3,2020,Q3,2020-11-03,2020-09-30,5200000.0,307200000.0,10600000.0,0.0448,52000000.0,0.16927083333333334,1204500000.0,62500000.0,382400000.0,240500000.0,1142000000.0,0.0,-240100000.0,1988994865.55,2527394865.55,0.5389028491552207,1.59002079002079,0.5352428393524284,10.3152,0.011201111982669976,0.5389028491552207,0.0832,6.474592661295572,95.6247531514423,31.823917848799994,0.0,0.0,0.0,0.25504358655043585,0.9085239085239085,0.004317144043171441,-331.49914425833333,0.16927083333333334,0.49333333333333335,1.1322255715037066,15.257069362951897,1.234433647302584,-0.21686746987951808,-0.6556291390728477,-0.5776892430278885,2.273181200417124,1.1978592550657237,-0.26449170665027,Health Information Services,Healthcare,RCM
2020Q2,2020,Q2,2020-08-05,2020-06-30,15100000.0,314700000.0,25100000.0,0.03,66400000.0,0.21099459802986972,1140900000.0,46100000.0,260700000.0,205500000.0,1094800000.0,0.0,-245300000.0,1283003204.8,1814203204.8,0.4006342291873907,1.2686131386861315,0.5734946095188009,14.193058568329718,0.02362450126503061,0.4006342291873907,0.3275488069414317,4.076908817286304,21.24177491390729,27.830872121475057,0.0,0.0,0.0,0.2758348672100973,1.0350364963503649,0.013235165220440003,47.69528642379182,0.21099459802986972,-0.4000000000000001,1.478928979754936,10.880946900612344,1.202074934054471,-0.003003003003003003,-0.17032967032967034,-0.22530864197530864,3.0069364588835916,1.819303539243051,-0.4913033604508768,Health Information Services,Healthcare,RCM
2020Q1,2020,Q1,2020-05-05,2020-03-31,18200000.0,320500000.0,32400000.0,0.05,66600000.0,0.2078003120124805,942900000.0,31500000.0,243800000.0,207400000.0,911400000.0,0.0,-260400000.0,1040269080.87,1405569080.87,0.2752508992774559,1.175506268081003,0.49984091632198535,14.961904761904762,0.03468155057726126,0.2752508992774559,0.5777777777777777,3.2457693630889235,14.289410451510989,33.02441526571429,0.0,0.0,0.0,0.33990879202460494,0.9638379942140791,0.019302152932442463,-81.9109512496063,0.2078003120124805,4.0,1.5008907978713009,23.47763544124799,1.1548264446210947,0.29571984435797666,1.3333333333333333,1.2657342657342658,2.9422138430502667,2.266720718895135,-0.6944069128067762,Health Information Services,Healthcare,RCM
2019Q4,2019,Q4,2020-02-20,2019-12-31,7800000.0,314000000.0,14300000.0,0.01,51400000.0,0.16369426751592356,929100000.0,18100000.0,216700000.0,232500000.0,911000000.0,0.0,-277800000.0,1466152330.5,1823652330.5,0.16024119398281036,0.9320430107526881,0.4838015283607793,24.834254143646408,0.01923126658425188,0.16024119398281036,0.430939226519337,4.66927493789809,46.992061875000005,81.00289118784531,0.0,0.0,0.0,0.3379614680873964,0.7750537634408602,0.008395221181788828,27.820727333965845,0.16369426751592356,0.0,1.3751373756898244,4.616988916444445,1.108019847623357,-0.13322091062394603,-0.15217391304347827,-0.3940677966101695,-0.4685351361323762,1.6454122862795364,2.3124627487556637,Health Information Services,Healthcare,RCM
2019Q3,2019,Q3,2019-11-05,2019-09-30,9200000.0,301200000.0,23600000.0,0.01,59300000.0,0.19687915006640105,901300000.0,14800000.0,190100000.0,203100000.0,886500000.0,0.0,-285600000.0,1002217820.27,1407417820.27,0.1318715326418709,0.9359921221073363,0.5112615111505603,31.135135135135137,0.020533189585874922,0.1318715326418709,0.6216216216216216,3.3274164019588315,27.2341798986413,67.71742028851351,0.0,0.0,0.0,0.3341839565072673,0.6942392909896603,0.010207478087207367,-87.14937567565217,0.19687915006640105,1.1111111111111112,-0.17815057497193765,1.832542720351913,1.0993414617665858,0.21267893660531698,2.769230769230769,0.9032258064516129,-0.7783722314517035,1.157840685642772,1.5342750875287767,Health Information Services,Healthcare,RCM
2019Q2,2019,Q2,2019-08-06,2019-06-30,-5200000.0,295000000.0,12400000.0,-0.09,48900000.0,0.16576271186440678,913300000.0,4400000.0,194700000.0,216100000.0,908900000.0,0.0,-294800000.0,1403593577.1000001,1801993577.1000001,0.039655353877438314,0.9009717723276262,0.5239242308113434,108.75,0.006825100450067108,0.039655353877438314,-1.1818181818181819,4.757944329152543,-67.4804604375,318.99854025,0.0,0.0,0.0,0.32300448921493485,0.6996760758907913,-0.005693638453958174,-31.47070800672646,0.16576271186440678,-1.2499999999999998,0.7328699003476296,3.316750808679527,1.026931726675768,0.26356589147286824,-27.0,0.6756756756756757,0.885781623889572,29.478931421119633,1.0685390908678003,Health Information Services,Healthcare,RCM
2019Q1,2019,Q1,2019-05-09,2019-03-31,200000.0,275900000.0,7400000.0,-0.04,38700000.0,0.1402682131206959,907800000.0,3800000.0,217400000.0,233000000.0,904000000.0,0.0,-289600000.0,1050811188.24,1378711188.24,0.034607549298089686,0.9330472103004291,0.48997576558713374,117.05263157894737,-0.0009883534565658719,0.034607549298089686,0.05263157894736842,3.8086668656759697,1313.5139853,276.5292600631579,0.0,0.0,0.0,0.30392156862745096,0.7759656652360515,0.0002203128442388191,18.664497126820603,0.1402682131206959,0.6,1.0031861373057394,17.55312489688709,1.0254058488098108,-0.03731343283582089,1.0350877192982457,0.8974358974358975,-0.9989305451143539,-0.298759984985525,1.1588924312506763,Health Information Services,Healthcare,RCM
2018Q4,2018,Q4,2019-02-22,2018-12-31,-5700000.0,262900000.0,3900000.0,-0.1,40200000.0,0.15290985165462154,807500000.0,6300000.0,196800000.0,196200000.0,801200000.0,0.0,-289800000.0,868932241.35,1164832241.35,0.05763970723676497,1.003058103975535,0.4442105263157895,56.93650793650794,0.008956486704270749,0.05763970723676497,-0.9047619047619048,3.3051815950931913,-38.11106321710526,137.9257525952381,0.0,0.0,0.0,0.32557275541795666,0.836901121304791,-0.007058823529411765,79.71855425229359,0.15290985165462154,0.411764705882353,-1.7817075360106418,1.7455471512969871,1.06444723121958,0.29260450160771706,0.5746268656716418,1.6724137931034482,-1.9395835212434183,2.4540384496834906,1.0265180226251345,Health Information Services,Healthcare,RCM
2018Q3,2018,Q3,2018-11-07,2018-09-30,-13400000.0,250400000.0,-5800000.0,-0.17,31100000.0,0.12420127795527157,767600000.0,10000000.0,159100000.0,149900000.0,757600000.0,0.0,-284100000.0,1091985965.07,1399085965.07,0.09166784482764231,1.0613742494996665,0.468342886920271,35.95,-0.013312550316027474,0.09166784482764231,-1.34,4.360966314177316,-20.372872482649253,109.19859650699999,0.0,0.0,0.0,0.32621156852527355,0.8125416944629753,-0.017457008858780616,106.01805486116504,0.12420127795527157,-1.4285714285714286,0.6871510493935677,10.974855848244307,1.0930188499963143,0.7277777777777777,-3.6206896551724137,0.672316384180791,0.6377541105222396,13.08775954910559,1.0398773679467441,Health Information Services,Healthcare,RCM
2018Q2,2018,Q2,2018-08-09,2018-06-30,-2900000.0,207900000.0,-17700000.0,-0.07,18000000.0,0.08658008658008658,753100000.0,23700000.0,149100000.0,137500000.0,729400000.0,0.0,-270700000.0,938807820.4399999,1259407820.44,0.2191247191609302,1.0843636363636364,0.47722745983269155,15.164556962025317,-0.005701527849514319,0.2191247191609302,-0.12236286919831224,4.515670131986532,-80.93170865862068,39.612144322362866,0.0,0.0,0.0,0.27605895631390254,0.8727272727272727,-0.003850750232372859,-40.64103118787879,0.08658008658008658,0.7307692307692307,-1.013665297118276,-0.5087856214298421,1.3387032767342,1.0930232558139534,0.8755364806866953,-0.6388888888888888,0.9021438629399751,7.350350433543686,1.1105237894025235,Health Information Services,Healthcare,RCM
2018Q1,2018,Q1,2018-05-10,2018-03-31,-23300000.0,147300000.0,-10800000.0,-0.26,8600000.0,0.058384249830278345,344800000.0,25100000.0,219100000.0,98300000.0,319700000.0,0.0,-267800000.0,755637416.9399999,588037416.9399999,0.23716930366648342,2.2288911495422177,0.0,0.0,-0.9458016988649177,0.23716930366648342,-0.9282868525896414,5.129921364154786,-8.10769760665236,30.10507637211155,0.0,0.0,0.0,0.42720417633410673,2.100712105798576,-0.0675754060324826,-56.814843378947366,0.058384249830278345,0.40909090909090906,0.20407829832875182,3.7293634390851476,1.0886034161567977,-0.3435114503816794,0.42039800995024873,-1.9189189189189189,0.3065835337923658,11.164961521290216,1.1334058495588353,Health Information Services,Healthcare,RCM
2017Q4,2017,Q4,2018-03-09,2017-12-31,-40200000.0,140300000.0,-3700000.0,-0.44,13100000.0,0.09337134711332858,336000000.0,33400000.0,202300000.0,89900000.0,302600000.0,0.0,-244500000.0,452659690.30999994,287759690.30999994,0.32687248979176725,2.2502780867630703,0.0,0.0,-1.2370259481037924,0.32687248979176725,-1.2035928143712575,3.2263698525302917,-2.815047825310945,13.552685338622753,0.0,0.0,0.0,0.4175595238095238,2.096774193548387,-0.11964285714285715,20.85989356267281,0.09337134711332858,-4.5,0.6831300044926777,1.2128118235775787,1.1375536093096814,0.14912280701754385,-10.166666666666666,0.27450980392156865,-1.1372636190320449,1.7743924676478047,1.2203473130845597,Health Information Services,Healthcare,RCM
2017Q3,2017,Q3,2017-10-31,2017-09-30,-3600000.0,123200000.0,-5100000.0,-0.08,11400000.0,0.09253246753246754,354400000.0,74900000.0,185500000.0,73200000.0,279500000.0,0.0,-204300000.0,379256315.62,236456315.62,0.7326944563750493,2.5341530054644807,0.0,0.0,-0.04806408544726301,0.7326944563750493,-0.04806408544726302,3.0783791852272726,-26.33724414027778,5.063502211214953,0.0,0.0,0.0,0.3476297968397291,2.301912568306011,-0.010158013544018058,32.41506971111111,0.09253246753246754,0.2727272727272727,-2.270560934748672,-0.46314184123957497,-0.7177539329074971,2.8,0.4626865671641791,0.5,-1.3530682611820177,0.2719907659609269,1.551953381191389,Health Information Services,Healthcare,RCM
2017Q2,2017,Q2,2017-08-02,2017-06-30,-6700000.0,99400000.0,-10200000.0,-0.11,3000000.0,0.030181086519114688,341800000.0,80700000.0,175400000.0,59400000.0,261100000.0,0.0,-200700000.0,384251542.5,251851542.5,0.7875700329817154,2.952861952861953,0.0,0.0,-0.08302354399008674,0.7875700329817154,-0.08302354399008674,3.8657096830985918,-14.337744123134328,4.761481319702602,0.0,0.0,0.0,0.29081334113516677,2.6245791245791246,-0.01960210649502633,-42.69461583333333,0.030181086519114688,0.0833333333333333,-10.23954667380427,-0.5927943359421203,-0.7000713637640325,-0.5,0.1927710843373494,-0.2,0.6272988094341615,0.5750264168383084,1.5348740785883364,Health Information Services,Healthcare,RCM
2017Q1,2017,Q1,2017-05-09,2017-03-31,-8300000.0,86900000.0,-8500000.0,-0.12,6000000.0,0.06904487917146145,350800000.0,91300000.0,205400000.0,62500000.0,259500000.0,0.0,-194000000.0,313216070.15999997,170516070.15999997,0.9007104899052156,3.2864,0.0,0.0,-0.091991341991342,0.9007104899052156,-0.09090909090909091,3.604327619792865,-9.434218980722891,3.4306250838992334,0.0,0.0,0.0,0.24771949828962372,2.8352,-0.023660205245153935,-8.442481675471697,0.06904487917146145,-3.3999999999999995,-6.425427853499269,-0.6657717724756822,-0.6511147592387388,-0.8638776714006987,-1.6323327746457412,-1.30898978516122,0.8567680917669027,5.33012575294176,1.6612232010662966,Health Information Services,Healthcare,RCM
2016Q4,2016,Q4,2017-03-01,2016-12-31,13126000.0,106157000.0,27509000.0,0.05,44078000.0,0.41521520012811214,415059000.0,-12334000.0,204614000.0,135109000.0,427393000.0,0.0,-304702000.0,272759899.5,91583899.5,-0.12209199395162558,1.5144364920175561,0.0,0.0,-1.0599742354638173,-0.12209199395162558,-1.0642127452570131,2.5694009768550354,5.195030845268932,-22.114472150154047,0.0,0.0,0.0,0.25576363842248934,1.3840084672375637,0.0316244196608193,-13.735517146741866,0.41521520012811214,-0.7222222222222223,-0.024856461962829313,-0.600310400015083,-1.0507281612220942,-0.4360470323315293,-0.6484075750676346,-0.5521311582169255,0.9476183988025518,0.19946887484347764,0.8634883599956742,Health Information Services,Healthcare,RCM
2016Q3,2016,Q3,2016-11-02,2016-09-30,37333000.0,125535000.0,61422000.0,0.18,78159000.0,0.6226072410084836,450275000.0,-24913000.0,227731000.0,234062000.0,475188000.0,0.0,-317828000.0,272523314.70000005,70576314.70000005,-0.2468232858316984,0.9729516111115858,0.0,0.0,-1.497145541035088,-0.2468232858316984,-1.4985349014570706,2.170895086629227,1.8249492051268315,-10.939000309075585,0.0,0.0,0.0,0.27879629115540505,0.9008339670685545,0.0829115540503026,-13.620717448020795,0.6226072410084836,1.4,3.975394408043412,-0.4443491439901055,-1.115801450100941,3.1448682766191,1.9152263979799466,1.8805895255981993,1.942032476055529,5.488493548237222,0.7495390205415537,Health Information Services,Healthcare,RCM
2016Q2,2016,Q2,2016-08-04,2016-06-30,-40791000.0,8672000.0,-69751000.0,-0.45,-36440000.0,-4.202029520295203,492931000.0,-57519000.0,242174000.0,326150000.0,550450000.0,0.0,-355161000.0,268417978.20000002,46744978.20000002,-0.5785800975085357,0.7425233788134294,0.0,0.0,0.7096423609323498,-0.5785800975085357,0.7091743597767695,30.95225763376384,-1.645080889166728,-4.666596745423251,0.0,0.0,0.0,0.017592725959617066,0.6998252337881343,-0.0827519470270687,-4.57450071067028,-4.202029520295203,-1.5294117647058825,-5.6327209564372325,-0.9541153307083228,-1.2913630728462573,-1.1186727153711127,-1.2436694682890987,-1.2502538380674582,-1.2091195183859298,-0.9777082077230255,0.10568293878605559,Health Information Services,Healthcare,RCM
2016Q1,2016,Q1,2016-05-10,2016-03-31,167403000.0,352193000.0,278721000.0,0.85,307063000.0,0.8718600312896622,525759000.0,-21408000.0,305209000.0,355436000.0,547167000.0,0.0,-314370000.0,265382465.4,-15614534.599999994,-0.21780489495746466,0.8586890466919501,0.0,0.0,-7.817290912074861,-0.21780489495746466,-7.8196468609865475,0.7535143100515911,0.39632274421605346,-12.396415610986548,0.0,0.0,0.0,0.6698753611445548,0.8185214778469261,0.3184025380449978,-278.763093907563,0.8718600312896622,13.166666666666668,1011.9785061929035,1.0828206588331621,-1.1306747130250425,9.356954937938479,29.73306407196622,24.52857666239238,7.157216787221308,11.175517956908903,0.9186308790785092,Health Information Services,Healthcare,RCM
2015Q4,2015,Q4,2016-03-10,2015-12-31,5447000.0,68341000.0,10918000.0,0.06,29648000.0,0.43382449773927806,460289000.0,-213313000.0,126740000.0,232627000.0,673602000.0,0.0,-481773000.0,264972289.50000003,161475289.50000003,-2.173605025215288,0.5448206785970674,0.0,0.0,-0.025340285349110394,-2.173605025215288,-0.025535246328165652,3.8772082571223723,12.161386520102809,-1.242176001931434,0.0,0.0,0.0,0.14847411083036963,0.49312418592854657,0.011833869590626758,-7.9681328411619665,0.43382449773927806,1.1764705882352942,-0.044527738676084366,-0.6102491497938226,-2.449319955725605,2.0055623388956723,1.1652107976948742,1.199077366300166,1.0447037382434943,1.1079321462316756,0.08530933079595537,Health Information Services,Healthcare,RCM
2015Q3,2015,Q3,2015-11-09,2015-09-30,-32970000.0,15842000.0,-54843000.0,-0.34,-29484000.0,-1.8611286453730589,490926000.0,-223507000.0,256063000.0,382719000.0,714433000.0,0.0,-487220000.0,262521186.3,124805186.30000001,-2.298743611917009,0.6690626804522378,0.0,0.0,0.14770876951243794,-2.298743611917009,0.14751215845588728,16.571214890796618,-1.990606508189263,-1.1745546506373403,0.0,0.0,0.0,0.03226962923128944,0.37325818681591455,-0.06715879786362915,16.723225015925596,-1.8611286453730589,-0.25925925925925924,-11.804259610160134,-0.9063457861025275,-2.761524556449438,-0.42593219519272624,-0.25418441874619596,-0.29784414416546373,-13.234050325591305,-0.9274199644138754,-1.8855141977292087,Health Information Services,Healthcare,RCM
2015Q2,2015,Q2,2015-07-07,2015-06-30,-26288000.0,22085000.0,-42257000.0,-0.27,-20677000.0,-0.9362463210323749,464135000.0,-190213000.0,203925000.0,261578000.0,654348000.0,0.0,-454250000.0,259040907.9,137143907.9,-1.9826023007850955,0.7795953788162613,0.0,0.0,0.13842899788591934,-1.9826023007850955,0.13820296194266427,11.729269092143989,-2.463490070564516,-1.3618464978734366,0.0,0.0,0.0,0.047583138526506294,0.47893553739228834,-0.056638693483576974,-26.197502821601944,-0.9362463210323749,0.15624999999999997,-5.311082641900335,-0.9065607378919044,-2.105442753133127,0.3378062449959968,0.13654130399080308,0.15252095784364847,-46.0989582057111,-0.9033716437349765,-1.755030256828691,Health Information Services,Healthcare,RCM
2015Q1,2015,Q1,2015-06-23,2015-03-31,-30445000.0,10971000.0,-49862000.0,-0.32,-31225000.0,-2.846139823170176,446968000.0,-170472000.0,213846000.0,258652000.0,617440000.0,0.0,-427962000.0,258900694.20000002,126897694.20000002,-1.7778028808390889,0.8267711055781514,0.0,0.0,0.17861028926887826,-1.7778028808390889,0.17859237880707682,23.598641345365056,-2.1259705550993595,-1.518728554835985,0.0,0.0,0.0,0.02454538132483757,0.5278675595007964,-0.06811449589232339,-14.674414453324266,-2.846139823170176,-0.7384016044416748,-84.57230499152152,-0.9249122792576996,-19.90099078160532,-9.763682290204883,-0.7248314543085378,-0.5794108330693697,-22.03720237288976,-0.9553947815623804,-1.688622141142022,Health Information Services,Healthcare,RCM
2014Q4,2014,Q4,2015-06-23,2014-12-31,-17651000.0,47456000.0,-31570000.0,-0.1840771425787857,3563000.0,0.07508007417397168,446373000.0,-142246000.0,230454000.0,263149000.0,588619000.0,0.0,-397517000.0,258900694.20000002,113733694.20000002,-1.4834421405734493,0.8757548005122573,0.0,0.0,0.12428468767305313,-1.4834421405734493,0.12408784781294377,5.455594533884019,-3.6669408843691578,-1.820091209594646,0.0,0.0,0.0,0.10631467405062582,0.568518215915698,-0.039543162332847194,-5.3698239971792425,0.07508007417397168,-2.8407714257878567,-2.3274833814082,-0.8674953507009423,-3.5670210892485232,-0.9214765840220386,-2.8476918245577307,-3.141209983722192,-2.3815059796196554,-0.8117596822378008,-1.6163573026784563,Health Information Services,Healthcare,RCM
2014Q3,2014,Q3,2014-12-30,2014-09-30,9553000.0,90745000.0,14744000.0,0.1,45375000.0,0.5000275497272577,488581000.0,-127138000.0,286620000.0,298348000.0,615719000.0,0.0,-379866000.0,258594111.9,64845111.900000006,-1.3274571392126118,0.9606902007052167,0.0,0.0,-0.07463263564991128,-1.3274571392126118,-0.07513882552816624,2.849678901316877,6.767353498900869,-2.033963975365351,0.0,0.0,0.0,0.18573174151266628,0.6780270020244815,0.019552540929753715,6.484468314150305,0.5000275497272577,1.5555555555555558,-0.13986410057196025,-0.7406317293615013,-4.370796964719692,3.1152729911119175,1.5686648014762783,1.542218299499853,0.34171239490090555,-0.5767032865928249,-1.6227996728496903,Health Information Services,Healthcare,RCM
2014Q2,2014,Q2,2015-06-23,2014-06-30,-16799000.0,58975000.0,-27192000.0,-0.18,11026000.0,0.18696057651547265,462995000.0,-140991000.0,289205000.0,329602000.0,603986000.0,0.0,-389419000.0,258533915.4,104413915.4,-1.4724400835806164,0.8774370301151085,0.0,0.0,0.11937773854675714,-1.4724400835806164,0.11914944925562625,4.383788306909707,-3.847459899398774,-1.8336909121858842,0.0,0.0,0.0,0.12737718549876348,0.5084859921966493,-0.036283329193619804,-4.839374715010389,0.18696057651547265,0.6842105263157895,-10.554833019717575,-0.8202245827663469,-3.630206378499278,1.3449074074074074,0.6930175611717194,0.6787144798251314,-2.9808395433745853,-0.6760258466136522,-1.741495722340707,Health Information Services,Healthcare,RCM
2014Q1,2014,Q1,2015-06-23,2014-03-31,-54723000.0,12964000.0,-84635000.0,-0.57,-31968000.0,-2.4659055846960816,508226000.0,-130393000.0,358217000.0,406395000.0,638619000.0,0.0,-372620000.0,258452599.50000003,50779599.50000003,-1.3621882723605572,0.8814503131190098,0.0,0.0,0.4201738907287257,-1.3621882723605572,0.419677436672214,19.93617706726319,-1.180731134532098,-1.9821048637580239,0.0,0.0,0.0,0.025508336842270957,0.5462419567169872,-0.10767453849271781,-12.01434545834883,-2.4659055846960816,-9.544036243344815,-32.10338172085382,-0.9555125969785558,0.0,-1.7591185410334347,-9.569213905418103,-9.49919662582848,-341.01510561110405,-0.9212770248575385,-1.817261529459917,Health Information Services,Healthcare,RCM
2013Q4,2013,Q4,2014-12-30,2013-12-31,6386000.0,83861000.0,9958000.0,0.0667132001510397,42112000.0,0.5021642956797557,509991000.0,-85612000.0,375144000.0,392804000.0,595603000.0,0.0,-317897000.0,258452599.50000003,29561599.50000003,-0.8943705749030394,0.9550411910265679,0.0,0.0,-0.07337652771946962,-0.8943705749030394,-0.0745923468672616,3.081916498730042,10.117937656592545,-3.018882861047517,0.0,0.0,0.0,0.16443623514924774,0.6452276453396605,0.012521789600208631,29.77564510368664,0.5021642956797557,1.1710594875667686,5.776418317831713,-0.6924916247281054,-5.170307984186576,2.4420930073282654,1.1699715205876873,1.1633905424474125,0.14844228869365075,-0.5096735374684714,-1.5963498919921615,Health Information Services,Healthcare,RCM
2013Q3,2013,Q3,2013-09-30,2013-09-30,-37571000.0,18342000.0,-60946000.0,-0.39,-29202000.0,-1.5920837422309453,523700000.0,-94300000.0,390100000.0,453000000.0,618100000.0,0.0,-324300000.0,258362454.60000002,38162454.600000024,-0.9854760065435607,0.8611479028697572,0.0,0.0,0.3987274247886785,-0.9854760065435607,0.3984199363732768,14.085838763493623,-1.7191614183811985,-2.739792731707317,0.0,0.0,0.0,0.03502386862707657,0.5370860927152318,-0.07174145503150658,15.23453355740315,-1.5920837422309453,-1.2020725388601037,-7.164608101020619,-0.9331668884614502,0.0,-1.089995747067634,-1.200129971821683,-1.2048233261861712,-13.510186225795286,-0.8898209662923386,-1.7551691177384257,Health Information Services,Healthcare,RCM
2013Q2,2013,Q2,2013-06-30,2013-06-30,187733000.0,374408000.0,297554000.0,1.93,324482000.0,0.8666534903100361,490000000.0,-61900000.0,375200000.0,413600000.0,552000000.0,0.0,-286700000.0,258334517.70000002,54634517.70000002,-0.6469518726649048,0.90715667311412,0.0,0.0,-3.0322624297835326,-0.6469518726649048,-3.032843295638126,0.6899812976752634,0.3440185232484433,-4.17341708723748,0.0,0.0,0.0,0.7640979591836735,0.5560928433268859,0.38312857142857143,12.297544518493837,0.8666534903100361,7.892857142857142,130.2277993284287,0.14220106341145644,-2.155644267661722,17.74659372419488,8.09363310032118,8.00720610399397,29.87132978021286,0.5884115304717181,-1.3607219960251855,Health Information Services,Healthcare,RCM
2013Q1,2013,Q1,2013-03-31,2013-03-31,-26465000.0,28157000.0,-42464000.0,-0.28,-19376000.0,-0.6881414923464858,581700000.0,-256100000.0,512400000.0,785200000.0,837700000.0,0.0,-474400000.0,258324341.4,75324341.4,-2.676751235491585,0.652572592969944,0.0,0.0,0.1034872001267325,-2.676751235491585,0.10333853963295588,9.174427012820969,-2.4402450538447007,-1.0086854408434207,0.0,0.0,0.0,0.0484046759498023,0.27012226184411614,-0.04549596011689874,43.783786677966106,-0.6881414923464858,0.7744820102098695,-15.017323094060183,-0.9033281596050867,0.0,0.9232928340399925,0.7855522242930071,0.7825937815186284,-73.80918748460465,-0.806857890006405,-29.458301520356436,Health Information Services,Healthcare,RCM
2012Q4,2012,Q4,2012-12-31,2012-12-31,-123410000.0,-641309000.0,-195321000.0,-1.2415860936884509,-252597000.0,-0.3938772105178627,557377000.0,-236200000.0,476982000.0,707729000.0,793577000.0,0.0,-447980000.0,268372045.8,91416045.80000001,-2.3763279744689414,0.6739613609163959,0.0,0.0,0.5228583938541197,-2.3763279744689414,0.5224809483488569,-0.41847540857839205,-0.543659439672636,-1.1362067984758681,0.0,0.0,0.0,-1.1505838956397556,0.28657155493133674,-0.22141207835988927,33.47537056255457,0.3938772105178627,-42.386203122948366,-87.89297092078135,-3.264685369368814,-12.080440035773881,-6.471849749799623,-45.79491833030853,-31.47604930566391,-9.95377276542368,-2.727441148539413,-5.112114560177527,Health Information Services,Healthcare,RCM
2012Q3,2012,Q3,2012-11-08,2012-09-30,2755000.0,223134000.0,6409000.0,0.03,46163000.0,0.20688465227172909,428990000.0,258029000.0,352776000.0,157732000.0,170961000.0,0.0,15000000.0,268372045.8,71997045.80000001,2.5959421292305103,2.236553140770421,0.0,0.0,0.010678760648360573,2.5959421292305103,0.010677094435121633,1.2027393664793353,24.353180199637023,1.0400848191482353,0.0,0.0,0.0,0.5201379985547449,2.119880556893972,0.0064220611203058345,39.144114031505254,0.20688465227172909,4.0,-0.5648224864335052,-0.21728642178706603,0.0,0.018758413700262617,5.76643598615917,5.899847094801223,-0.7609821944892705,-0.38547260602841965,5.5918466150918595,Health Information Services,Healthcare,RCM
2012Q2,2012,Q2,2012-08-09,2012-06-30,-578000.0,236687000.0,-1308000.0,-0.01,45313000.0,0.19144693202415003,422597000.0,260890000.0,352853000.0,147706000.0,161707000.0,0.0,12245000.0,268256310.3,67378310.30000001,2.6258580803271414,2.388887384398738,0.0,0.0,-0.0022154931197056233,2.6258580803271414,-0.0022154931197056233,1.1333799925640191,-116.02781587370242,1.0282353110506344,0.0,0.0,0.0,0.5600773313582443,2.214175456650373,-0.0013677333251300885,-19.260217568925906,0.19144693202415003,-2.0,0.6168439752756883,-0.3046485934908661,3.6905464941671986,0.013509584200049208,-1.3871399866041527,-1.5580204778156996,0.6168439752756883,-0.3046485934908661,3.6905464941671986,Health Information Services,Healthcare,RCM
2012Q1,2012,Q1,2012-05-09,2012-03-31,1493000.0,253742000.0,2344000.0,0.01,44709000.0,0.17619865847987326,408415000.0,255390000.0,342922000.0,139642000.0,153025000.0,0.0,12823000.0,267094551.60000002,52620551.600000024,2.5816812655642356,2.4557224903682275,0.0,0.0,0.005843468131978593,2.5816812655642356,0.005845961079133873,1.0526225520410497,44.72447280643001,1.0458301092446847,0.0,0.0,0.0,0.6212847226473073,2.341236877157302,0.003655595411529939,26.943866801170184,0.17619865847987326,-0.924949618390107,1.873933017059364,-0.15742946778170208,0.0,-0.318481143867565,-0.8867309005386541,-0.8944001441636257,1.873933017059364,-0.15742946778170208,0.0,Health Information Services,Healthcare,RCM
2011Q4,2011,Q4,2012-02-29,2011-12-31,13181000.0,260082000.0,22197000.0,0.13324382615373423,65602000.0,0.25223583331410865,364192000.0,238089000.0,305586000.0,114869000.0,126103000.0,0.0,11330000.0,267094551.60000002,70369551.60000002,2.4067892667564244,2.6602999939061016,0.0,0.0,0.0553566627144897,2.4067892667564244,0.05536165047524245,1.0269628486400444,5.06590075866778,1.121826508574525,0.0,0.0,0.0,0.714134302785344,2.5431056246681,0.03619244793954837,28.420360885294745,0.25223583331410865,0.9034832307676317,10.539765002095496,-0.07716706938022828,10.22247620512002,0.3389529543831003,0.8130674002751032,0.8152600588812562,10.539765002095496,-0.07716706938022828,10.22247620512002,Health Information Services,Healthcare,RCM
2011Q3,2011,Q3,2011-11-10,2011-09-30,7270000.0,218893000.0,12228000.0,0.07,48995000.0,0.2238308214515768,347505000.0,208440000.0,309835000.0,135062000.0,139065000.0,0.0,-1851000.0,264041807.4,81947807.4,2.1314351902894906,2.294020523907539,0.0,0.0,0.034863886631105935,2.1314351902894906,0.03487814239109576,1.206259713193204,9.079842070151308,1.266752098445596,0.0,0.0,0.0,0.6298988503762536,2.1479542728524676,0.02092056229406771,9.137343232861543,0.2238308214515768,-0.12499999999999993,0.1671961169406361,-0.21957069203403315,0.0,0.041184095883715494,-0.15000584590202268,-0.07566709501851991,0.1671961169406361,-0.21957069203403315,0.0,Health Information Services,Healthcare,RCM
2011Q2,2011,Q2,2011-08-12,2011-06-30,8553000.0,183587000.0,13229000.0,0.08,47057000.0,0.2563198919313459,313191000.0,191764000.0,274731000.0,117487000.0,121427000.0,0.0,-9121000.0,260736518.70000002,110439518.70000002,1.9857701659188411,2.338394886242733,0.0,0.0,0.044581478034639084,1.9857701659188411,0.04460169792036044,1.4202341053560439,7.621200710277097,1.359673967480862,0.0,0.0,0.0,0.586182233844523,2.0733527964796106,0.02730921386629884,21.621736354589935,0.2563198919313459,48.58922150000001,6.833300863952162,-0.44509333428439857,2.5471632529401638,0.3770227957744418,52.45625,31.99002493765586,6.833300863952162,-0.44509333428439857,2.5471632529401638,Health Information Services,Healthcare,RCM
2011Q1,2011,Q1,2011-05-12,2011-03-31,160000.0,163714000.0,401000.0,0.0016132537995177036,34173000.0,0.20873596638039507,271001000.0,158614000.0,235183000.0,108297000.0,112387000.0,0.0,-17674000.0,256938509.70000002,137964509.70000002,1.6667715575218034,2.1716483374424036,0.0,0.0,0.0009865951610705788,1.6667715575218034,0.0010087381946108163,1.5694351717018704,401.46642140625,1.6198980525048232,0.0,0.0,0.0,0.6041084719244578,1.975631827289768,0.0005904037254475076,-5.431414824757959,0.20873596638039507,-0.9722284513174719,1.0973585619419985,-0.4348866650309229,0.0,-0.10838312416834085,-0.9710564399421129,-0.9565641247833622,1.0973585619419985,-0.4348866650309229,0.0,Health Information Services,Healthcare,RCM
2010Q4,2010,Q4,2011-03-18,2010-12-31,5528000.0,170029000.0,9232000.0,0.058090163352418636,38327000.0,0.22541448811673304,262619000.0,142719000.0,225745000.0,115988000.0,119900000.0,0.0,-17834000.0,256938509.70000002,101365509.70000002,1.4997413211819528,1.9462789254060764,0.0,0.0,0.038712488782000246,1.4997413211819528,0.038733455251227934,1.5111452146398556,11.619867479196817,1.8003104681226747,0.0,0.0,0.0,0.6474360194806925,1.8169983101700176,0.021049505176700848,13.09240813757962,0.22541448811673304,0.9363387784139546,5.159040784944337,-0.37284972611054734,5.9930556543831655,0.19205648171186862,0.9342197340797761,1.0602544074983262,5.159040784944337,-0.37284972611054734,5.9930556543831655,Health Information Services,Healthcare,RCM
2010Q3,2010,Q3,2010-11-12,2010-09-30,2858000.0,158424000.0,4481000.0,0.03,32152000.0,0.20294904812402162,218276000.0,118834000.0,189554000.0,97422000.0,99442000.0,0.0,-23362000.0,245868361.20000002,121258361.20000002,1.3049739235826492,1.9457001498634805,0.0,0.0,0.023975449399572784,1.3049739235826492,0.02405035595873235,1.551964103923648,21.507029496151155,2.0690068599895657,0.0,0.0,0.0,0.7257966977588007,1.8633368233047978,0.013093514632850153,52.44632278156997,0.20294904812402162,-0.25000000000000006,-0.5072329068683605,-0.3934135262442178,0.0,-0.051311557640671565,-0.27073232967593774,-0.3972289480764057,-0.5072329068683605,-0.3934135262442178,0.0,Health Information Services,Healthcare,RCM
2010Q2,2010,Q2,2010-06-30,2010-06-30,3919000.0,151905000.0,7434000.0,0.04,33891000.0,0.22310654685494224,196503000.0,110588000.0,170497000.0,85063000.0,85915000.0,0.0,-26220000.0,166483968.3,46609968.30000001,1.793491607924389,2.0043614732609947,0.0,0.0,0.03542830993124668,1.793491607924389,0.03543784135710927,1.0959742490372273,10.620309281704518,1.505443341953919,0.0,0.0,0.0,0.7730416329521687,1.9659076214100137,0.01994371587202231,38.17564051822977,0.22310654685494224,10.47496305732484,5.186013373847534,-0.28091615963512206,2.2036978071640387,0.433144451962111,11.480891719745223,5.343003412969283,5.186013373847534,-0.28091615963512206,2.2036978071640387,Health Information Services,Healthcare,RCM
2010Q1,2010,Q1,2010-03-31,2010-03-31,314000.0,125937000.0,1172000.0,0.0034858500023201996,23648000.0,0.18777642789648794,95251000.0,7774000.0,67455000.0,87477000.0,87477000.0,0.0,-30138000.0,223156358.10000002,192845358.10000002,0.09405871371405931,0.7711169793202785,0.0,0.0,0.040117209472688195,0.09405871371405931,0.04039104708001029,1.7719681912384766,177.672259633758,28.70547441471572,0.0,0.0,0.0,1.3221593474084261,0.7137418978702973,0.003296553317025543,-19.06830369136119,0.18777642789648794,-0.9748615831203417,1.2199904112025286,-0.49947818009175116,0.0,-0.1665021852530664,-0.9385037211124168,-0.851438712130815,1.2199904112025286,-0.49947818009175116,0.0,Health Information Services,Healthcare,RCM
2009Q4,2009,Q4,2009-12-31,2009-12-31,5106000.0,137531000.0,7889000.0,0.13866625010666112,28372000.0,0.2062953079669311,103472000.0,21279000.0,78071000.0,82193000.0,82193000.0,0.0,-30452000.0,99420010.2,55761010.2,0.5778846721542581,0.9498497438954655,0.0,0.0,0.2398636706206279,0.5778846721542581,0.23995488509798393,0.7228916404301576,4.867803084606346,4.67221251938531,0.09244026635330983,0.0,0.004747535220027567,1.3291615122931808,0.8814740914676432,0.04934668316066182,9.250093989579456,0.2062953079669311,2.260602273696919,10.92799049625815,0.31100580259052657,1.6945844707438114,-0.008907674572955602,0.19578454332552694,0.129581901489118,10.92799049625815,0.31100580259052657,1.6945844707438114,Health Information Services,Healthcare,RCM
2009Q3,2009,Q3,2009-09-30,2009-09-30,4270000.0,134512000.0,6984000.0,-0.11,28627000.0,0.21282116093731415,98840000.0,14501000.0,74201000.0,84339000.0,84339000.0,0.0,-35558000.0,99420010.2,65148010.2,0.3938110640024859,0.879794638304936,0.0,0.0,0.29852311755615557,0.3938110640024859,0.2944624508654576,0.7391162885095753,5.820843688524591,6.856079594510724,3.3885245901639345,0.0,0.1455340828359722,1.3609065155807365,0.7928479114051625,0.04320113314447592,9.063725973197192,0.21282116093731415,-2.833333333333333,0.8206907750517343,0.27368378674609845,0.0,0.26010212166563956,8.666068222621185,1.3926002055498459,0.8206907750517343,0.27368378674609845,0.0,Health Information Services,Healthcare,RCM
2009Q2,2009,Q2,2009-06-30,2009-06-30,-557000.0,125682000.0,2919000.0,0.06,22718000.0,0.18075778552219093,105965000.0,20537000.0,89542000.0,85428000.0,85428000.0,0.0,-24887000.0,99049653.9,61260653.900000006,0.5598192201255132,1.0481575127592826,0.0,0.0,0.28114413000786886,0.5598192201255132,-0.02712178020158738,0.7880973719387024,-44.45675668761221,4.822985533427473,0.0,0.0,0.0,1.186070872457887,0.9357587676171747,-0.0052564526022743354,9.666210002927686,0.18075778552219093,4.474232773595831,0.0,0.0,0.0,0.14946367132159483,0.12695924764890282,13.802631578947368,0.0,0.0,0.0,Health Information Services,Healthcare,RCM
2009Q1,2009,Q1,2009-03-31,2009-03-31,-638000.0,112467000.0,-228000.0,-0.01727,19764000.0,0.1757315479207234,,,,,,,,99747965.7,,,0.0,0.0,0.0,0.0,,0.0,0.8869087438982102,-39.08619345611285,0.0,0.0,0.0,0.0,0.0,0.0,0.0,-4.0339695757673795,0.1757315479207234,-0.2364681076937985,0.0,0.0,0.0,0.11365301177663831,-0.2364341085271318,0.2830188679245283,0.0,0.0,0.0,Health Information Services,Healthcare,RCM
2008Q4,2008,Q4,2008-12-31,2008-12-31,-516000.0,105251000.0,-318000.0,-0.013967202140143496,17747000.0,0.16861597514512927,86904000.0,7923000.0,75528000.0,78981000.0,78981000.0,0.0,-30101000.0,99747965.7,48091965.7,0.21446151658208704,0.9562806244539827,0.0,0.0,-0.07092581162179125,0.21446151658208704,-0.06512684589170768,0.9477151352481212,-48.32750276162791,12.589671298750474,-0.7810077519379846,0.0,0.004040182646050695,1.2111180152812298,0.9258302629746394,-0.005937586302126484,12.086267502726281,0.16861597514512927,-1.219294517637059,0.0,0.0,0.0,-0.03191141173903557,-1.219294517637059,-1.0904436860068258,0.0,0.0,0.0,Health Information Services,Healthcare,RCM
2008Q3,2008,Q3,2008-09-30,2008-09-30,2353000.0,105957000.0,3516000.0,0.06369152448790241,18332000.0,0.17301358098096398,,,,,,,,99747965.7,,,0.0,0.0,0.0,0.0,,0.0,0.9414004331945979,10.597956406714832,0.0,6.203994900127497,0.0,0.14634884929788597,0.0,0.0,0.0,5.81824344960336,0.17301358098096398,0.0,0.0,0.0,0.0,0.0,0.0,0.0,0.0,0.0,0.0,Health Information Services,Healthcare,RCM
