Quarters,Year,Quarter,FillingDate,Date,NetIncome,Revenue,OperatingIncome,EPSDiluted,GrossProfit,GrossProfitRatio,TotalAssets,CommonStockEquity,CurrentAssets,CurrentLiability,TotalLiability,Inventory,RetainedEarnings,MarketCap,EnterpriseValue,bookValuePerShare,currentRatio,debtToAssets,debtToEquity,roic,shareholdersEquityPerShare,roe,priceToSalesRatio,peRatio,pbRatio,payoutRatio,inventoryTurnover,dividendYield,assetTurnover,quickRatio,returnOnAssets,priceToFreeCashFlowsRatio,grossProfitMargin,epsdilutedGrowth,fiveYNetIncomeGrowthPerShare,fiveYRevenueGrowthPerShare,fiveYShareholdersEquityGrowthPerShare,grossProfitGrowth,netIncomeGrowth,operatingIncomeGrowth,threeYNetIncomeGrowthPerShare,threeYRevenueGrowthPerShare,threeYShareholdersEquityGrowthPerShare,Industry,Sector,Symbol
2023Q3,2023,Q3,2023-06-07,2023-04-30,336000000.0,7140000000.0,497000000.0,1.63,2140000000.0,0.299719888,15364000000.0,4721000000.0,8909000000.0,5125000000.0,10643000000.0,4089000000.0,8128000000.0,29172962000.0,33381962000.0,22.98442064264849,1.7383414634146341,0.3182114032803957,1.035585680999788,0.0352271468757614,22.98442064264849,0.07117136199957635,4.085849019607843,21.706072916666667,6.179403092565135,0.4583333333333333,1.2227928588897041,0.0052788606107257805,0.4647227284561312,0.7818536585365854,0.02186930486852382,56.97844140625,0.29971988795518206,-0.09444444444444453,-0.007417610690225752,0.31559950307222245,0.0,0.037827352085354024,-0.10160427807486631,-0.0947176684881603,-0.007417610690225752,0.31559950307222245,0.0,Industrial Distribution,Industrials,FERG
2023Q2,2023,Q2,2023-03-08,2023-01-31,374000000.0,6825000000.0,549000000.0,1.8,2062000000.0,0.3021245421,15216000000.0,4725000000.0,8768000000.0,4914000000.0,10491000000.0,4173000000.0,7945000000.0,29478614000.0,34169614000.0,22.815065185900533,1.7842897842897842,0.34752891692954785,1.1191534391534392,0.03779843265901221,22.815065185900533,0.07915343915343916,4.319210842490842,19.70495588235294,6.238860105820105,0.0,1.1413850946561226,0.0,0.4485410094637224,0.7657712657712658,0.024579390115667718,56.04299239543726,0.30212454212454215,-0.3661971830985915,0.0,0.0,0.0,-0.1482858323007022,-0.37142857142857144,-0.33935018050541516,0.0,0.0,0.0,Industrial Distribution,Industrials,FERG
2023Q1,2023,Q1,2022-10-31,2022-10-31,595000000.0,7931000000.0,831000000.0,2.84,2421000000.0,0.3052578489,15525000000.0,5121000000.0,9382000000.0,5095000000.0,10404000000.0,4233000000.0,8129000000.0,22802562000.0,27227562000.0,24.537613799712506,1.841413150147203,0.3261191626409018,0.9886740870923648,0.05434359700768127,24.537613799712506,0.11618824448349932,2.8751181439919304,9.580908403361345,4.452755711775044,0.0,1.3016772974249942,0.0,0.51085346215781,0.8335623159960746,0.03832528180354267,56.58203970223325,0.30525784894716934,-0.9999997070329879,0.9029242860922982,0.5817625759006665,0.0,-0.005749486652977412,0.02586206896551724,0.020884520884520884,0.9029242860922982,0.5817625759006665,0.0,Industrial Distribution,Industrials,FERG
2022Q4,2022,Q4,2022-07-31,2022-07-31,580000000.0,7971000000.0,814000000.0,9693924.17,2435000000.0,0.3054823736,15661000000.0,4665000000.0,9551000000.0,5799000000.0,10996000000.0,4333000000.0,7594000000.0,27278.34,4681027278.34,21399082.56880734,1.647008104845663,0.34812591788519254,1.1687031082529475,0.05251612903225807,21399082.56880734,0.12433011789924973,3.4221979676326684e-06,1.1757905172413794e-05,5.84744694533762e-06,0.3,1.2776367412877914,6378.687266160625,0.5089713300555521,0.7554750819106743,0.03703467211544601,7.313227882037533e-05,0.3054823736043156,3877568.668,0.0,0.0,0.0,0.10430839002267574,0.06227106227106227,0.14325842696629212,0.0,0.0,0.0,Industrial Distribution,Industrials,FERG
2022Q3,2022,Q3,2022-04-30,2022-04-30,546000000.0,7284000000.0,712000000.0,2.5,2205000000.0,0.3027182867,15306000000.0,4503000000.0,9528000000.0,6120000000.0,10803000000.0,4113000000.0,0.0,27074541000.0,30606541000.0,20.74159373560571,1.5568627450980392,0.306546452371619,1.0419720186542305,0.05435160096972544,20.74159373560571,0.12125249833444371,3.7169880560131796,12.396767857142857,6.012556295802798,0.0,1.2348650619985413,0.0,0.47589180713445706,0.7506535947712418,0.03567228537828303,69.06770663265306,0.3027182866556837,0.2755102040816327,0.5260211284747576,0.26980210276902894,0.0,0.1085972850678733,0.25229357798165136,0.2828828828828829,0.5260211284747576,0.26980210276902894,0.0,Industrial Distribution,Industrials,FERG
2022Q2,2022,Q2,2022-01-31,2022-01-31,436000000.0,6508000000.0,555000000.0,1.96,1989000000.0,0.3056238476,14100000000.0,4845000000.0,8331000000.0,5004000000.0,9255000000.0,3776000000.0,6649000000.0,35156106000.0,38525106000.0,21.883468834688347,1.6648681055155876,0.2976595744680851,0.8662538699690403,0.04461934707280266,21.883468834688347,0.08998968008255934,5.401983097725876,20.15831766055046,7.256162229102166,0.0,1.19676906779661,0.0,0.4615602836879433,0.7525979216626698,0.030921985815602838,222.507,0.30562384757221883,-0.18333333333333332,0.0,0.0,0.0,-0.06488011283497884,-0.18504672897196262,-0.2489851150202977,0.0,0.0,0.0,Industrial Distribution,Industrials,FERG
2022Q1,2022,Q1,2021-10-31,2021-10-31,535000000.0,6803000000.0,739000000.0,2.4,2127000000.0,0.3126561811,15314000000.0,5157000000.0,9672000000.0,6405000000.0,10157000000.0,3660000000.0,0.0,33905195999.999996,34806196000.0,23.29268292682927,1.5100702576112413,0.20027425884811284,0.5947256156680241,0.06164843869382307,23.29268292682927,0.10374248594143883,4.983859473761576,15.843549532710279,6.574596858638743,0.0,1.2775956284153005,0.0,0.44423403421705626,0.33817330210772834,0.034935353271516256,-529.7686874999999,0.31265618109657506,-0.24764890282131663,0.6128840890398952,0.2789649700914979,0.0,0.03152279340446169,-0.24647887323943662,-0.008053691275167786,0.6128840890398952,0.2789649700914979,0.0,Industrial Distribution,Industrials,FERG
2021Q4,2021,Q4,2021-07-31,2021-07-31,710000000.0,6567000000.0,745000000.0,3.19,2062000000.0,0.3139942135,13485000000.0,4810000000.0,8104000000.0,4843000000.0,8675000000.0,3426000000.0,6158000000.0,31007070000.000004,33473070000.000004,21.725383920505873,1.6733429692339459,0.28186874304783094,0.7902286902286902,0.07747481812223783,21.725383920505873,0.14760914760914762,4.7216491548652355,10.917982394366199,6.4463762993763,0.8112676056338028,1.3149445417396382,0.01857640854166485,0.48698553948832035,0.2756555853809622,0.05265109380793474,45.531674008810576,0.3139942134917009,0.9451219512195123,0.0,0.0,0.0,0.12986301369863013,0.924119241192412,0.4326923076923077,0.0,0.0,0.0,Industrial Distribution,Industrials,FERG
2021Q3,2021,Q3,2021-04-30,2021-04-30,369000000.0,5916000000.0,520000000.0,1.64,1825000000.0,0.3084854632,,,,,,,,28323350000.0,,,0.0,0.0,0.0,0.0,,0.0,4.787584516565246,19.189261517615176,0.0,0.0,0.0,0.0,0.0,0.0,0.0,101.88255395683453,0.3084854631507776,0.2713178294573642,0.0,0.0,0.0,0.21585609593604263,0.26804123711340205,0.4404432132963989,0.0,0.0,0.0,Industrial Distribution,Industrials,FERG
2021Q2,2021,Q2,2021-01-31,2021-01-31,291000000.0,4937000000.0,361000000.0,1.29,1501000000.0,0.3040307879,12479000000.0,4493000000.0,7361000000.0,3939000000.0,7986000000.0,3011000000.0,5489000000.0,26590512000.0,28864512000.0,20.09391771019678,1.8687484133028687,0.3202981008093597,0.8896060538615624,0.03438737856100747,20.09391771019678,0.06476741598041398,5.3859655661332795,22.844082474226806,5.918208769196528,0.0,1.141149119893723,0.0,0.3956246494110105,0.4374206651434374,0.02331917621604295,131.63619801980198,0.30403078792789145,-0.13422818791946306,0.0,0.0,0.0,-0.0571608040201005,-0.13134328358208955,-0.19777777777777777,0.0,0.0,0.0,Industrial Distribution,Industrials,FERG
2021Q1,2021,Q1,2020-10-31,2020-10-31,335000000.0,5372000000.0,450000000.0,1.49,1592000000.0,0.296351452,,,,,,,,22449440000.0,,,0.0,0.0,0.0,0.0,,0.0,4.17897244973939,16.75331343283582,0.0,0.0,0.0,0.0,0.0,0.0,0.0,167.53313432835822,0.29635145197319435,0.0,0.0,0.0,0.0,0.0,0.0,0.0,0.0,0.0,0.0,Industrial Distribution,Industrials,FERG
2019Q2,2019,Q2,2019-01-31,2019-01-31,0.0,0.0,0.0,0.0,0.0,0.0,10751000000.0,4291000000.0,6650000000.0,3622000000.0,6461000000.0,2915000000.0,0.0,0.0,1888000000.0,0.0,1.8360022087244616,0.24062877871825877,0.6028897692845491,,0.0,0.0,0.0,0.0,0.0,0.0,0.0,,0.0,0.19298729983434568,0.0,0.0,0.0,0.0,0.0,0.0,0.0,0.0,0.0,0.0,0.0,0.0,0.0,Industrial Distribution,Industrials,FERG
2018Q2,2018,Q2,2018-01-31,2018-01-31,0.0,0.0,0.0,0.0,0.0,0.0,12676000000.0,4554000000.0,9273000000.0,6113000000.0,8125000000.0,2590000000.0,0.0,0.0,1411000000.0,0.0,1.5169311303778832,0.29338908172925215,0.8166447079490557,,0.0,0.0,0.0,0.0,0.0,0.0,0.0,,0.0,0.3775560281367577,0.0,0.0,0.0,0.0,0.0,0.0,0.0,0.0,0.0,0.0,0.0,0.0,0.0,Industrial Distribution,Industrials,FERG
2017Q2,2017,Q2,2017-01-31,2017-01-31,0.0,0.0,0.0,0.0,0.0,0.0,10619601764.933815,3866105021.06171,6782245665.787533,4662325162.806395,6755996650.12562,2706148519.430521,0.0,0.0,1653687986.7004979,0.0,1.454691689008043,0.25765065913371005,0.7077271257678631,,0.0,0.0,0.0,0.0,0.0,0.0,0.0,,0.0,0.23485254691689006,0.0,0.0,0.0,0.0,0.0,0.0,0.0,0.0,0.0,0.0,0.0,0.0,0.0,Industrial Distribution,Industrials,FERG
2016Q2,2016,Q2,2016-01-31,2016-01-31,0.0,0.0,0.0,0.0,0.0,0.0,11402122053.69223,3869543544.826604,7447126682.332835,4769636117.638681,7524033326.212348,2680338958.911913,0.0,0.0,1830093284.9106312,0.0,1.5613616004777546,0.31226580064951287,0.9201324990798675,,0.0,0.0,0.0,0.0,0.0,0.0,0.0,,0.0,0.36578083009853696,0.0,0.0,0.0,0.0,0.0,0.0,0.0,0.0,0.0,0.0,0.0,0.0,0.0,Industrial Distribution,Industrials,FERG
2015Q2,2015,Q2,2015-01-31,2015-01-31,0.0,0.0,0.0,0.0,0.0,0.0,10236552659.334036,3729094470.39325,6364321229.471147,3947566671.689016,6507458188.940786,2602079252.674401,0.0,0.0,1896941389.18186,0.0,1.6122137404580155,0.23138062996761843,0.635151515151515,,0.0,0.0,0.0,0.0,0.0,0.0,0.0,,0.0,0.12442748091603048,0.0,0.0,0.0,0.0,0.0,0.0,0.0,0.0,0.0,0.0,0.0,0.0,0.0,Industrial Distribution,Industrials,FERG
2014Q2,2014,Q2,2014-01-31,2014-01-31,0.0,0.0,0.0,0.0,0.0,0.0,10944510424.914225,4531208762.206387,6352269728.160465,4125428873.053576,6413301662.707838,2777777777.777778,0.0,0.0,1609923462.655054,0.0,1.5397840863654542,0.197889977392615,0.47797597378958884,,0.0,0.0,0.0,0.0,0.0,0.0,0.0,,0.0,0.139544182327069,0.0,0.0,0.0,0.0,0.0,0.0,0.0,0.0,0.0,0.0,0.0,0.0,0.0,Industrial Distribution,Industrials,FERG
2013Q2,2013,Q2,2013-01-31,2013-01-31,0.0,0.0,0.0,0.0,0.0,0.0,10792753234.03516,4315205888.392223,6288006823.458799,3577577356.225616,6477547345.642937,2724645006.396993,0.0,0.0,1492631612.200092,0.0,1.7576158940397355,0.18425289038489684,0.46083455344070273,,0.0,0.0,0.0,0.0,0.0,0.0,0.0,,0.0,0.1399558498896245,0.0,0.0,0.0,0.0,0.0,0.0,0.0,0.0,0.0,0.0,0.0,0.0,0.0,Industrial Distribution,Industrials,FERG
2011Q2,2011,Q2,2011-01-31,2011-01-31,0.0,0.0,0.0,0.0,0.0,0.0,12300802329.445648,5233340190.849963,6613283537.212578,4024307258.945103,7067462138.595686,2725071608.29865,4633571236.410248,0.0,1319808200.534886,0.0,1.6433346441211167,0.15592435353145506,0.3664953129724826,,0.0,0.0,0.0,0.0,0.0,0.0,0.0,,0.0,0.1486433346441212,0.0,0.0,0.0,0.0,0.0,0.0,0.0,0.0,0.0,0.0,0.0,0.0,0.0,Industrial Distribution,Industrials,FERG
2020Q4,2020,Q4,2020-07-31,2020-07-31,,,,,,,13456000000.0,4371000000.0,8077000000.0,4749000000.0,9085000000.0,2880000000.0,5553000000.0,0.0,2406000000.0,0.0,1.700779111391872,0.3359839476813318,1.0343170899107756,,0.0,,0.0,0.0,0.0,0.0,,,,0.4472520530638029,,0.0,0.0,0.0,0.0,0.0,0.0,0.0,0.0,0.0,0.0,0.0,0.0,Industrial Distribution,Industrials,FERG
2020Q2,2020,Q2,2020-01-31,2020-01-31,,,,,,,12583000000.0,4105000000.0,6762000000.0,4435000000.0,8478000000.0,2970000000.0,5194000000.0,0.0,3411000000.0,0.0,1.5246899661781286,0.33267106413414926,1.0197320341047502,,0.0,,0.0,0.0,0.0,0.0,,,,0.17677564825253664,,0.0,0.0,0.0,0.0,0.0,0.0,0.0,0.0,0.0,0.0,0.0,0.0,Industrial Distribution,Industrials,FERG
2019Q4,2019,Q4,2019-07-31,2019-07-31,,,,,,,11386000000.0,4350000000.0,7195000000.0,4181000000.0,7036000000.0,2821000000.0,0.0,0.0,1304000000.0,0.0,1.720880172207606,0.20639381696820658,0.5402298850574713,,0.0,,0.0,0.0,0.0,0.0,,,,0.2523319779956948,,0.0,0.0,0.0,0.0,0.0,0.0,0.0,0.0,0.0,0.0,0.0,0.0,Industrial Distribution,Industrials,FERG
2018Q4,2018,Q4,2018-07-31,2018-07-31,,,,,,,10149000000.0,4058000000.0,6604000000.0,4016000000.0,6092000000.0,2516000000.0,0.0,0.0,1164000000.0,0.0,1.6444223107569722,0.188294413242684,0.4709216362740266,,0.0,,0.0,0.0,0.0,0.0,,,,0.18600597609561753,,0.0,0.0,0.0,0.0,0.0,0.0,0.0,0.0,0.0,0.0,0.0,0.0,Industrial Distribution,Industrials,FERG
2017Q4,2017,Q4,2017-07-31,2017-07-31,,,,,,,12492771147.678883,4518689869.092056,9364649597.812944,6449450607.223595,7974081278.586825,2386835602.75485,3549000000.0,0.0,812260133.5366168,0.0,1.4520073364581212,0.2593371909521304,0.7169866201279813,,0.0,,0.0,0.0,0.0,0.0,,,,0.3771763195435094,,0.0,0.0,0.0,0.0,0.0,0.0,0.0,0.0,0.0,0.0,0.0,0.0,Industrial Distribution,Industrials,FERG
2016Q4,2016,Q4,2016-07-31,2016-07-31,,,,,,,10770206524.755222,3835837264.306761,6911906555.145942,4689420065.802513,6937011931.660522,2665133917.363671,0.0,0.0,1357011667.393401,0.0,1.4739363200901663,0.23395902343270764,0.6569066482948674,,0.0,,0.0,0.0,0.0,0.0,,,,0.24795717103409418,,0.0,0.0,0.0,0.0,0.0,0.0,0.0,0.0,0.0,0.0,0.0,0.0,Industrial Distribution,Industrials,FERG
2015Q4,2015,Q4,2015-07-31,2015-07-31,,,,,,,11673479576.87147,4056541954.005055,7680906169.064187,5565263519.206166,7606016163.759478,2633631853.21559,4235965925.047586,0.0,1318376135.051643,0.0,1.3801513877207736,0.2596899224806202,0.7473076923076923,,0.0,,0.0,0.0,0.0,0.0,,,,0.31062517521726946,,0.0,0.0,0.0,0.0,0.0,0.0,0.0,0.0,0.0,0.0,0.0,0.0,Industrial Distribution,Industrials,FERG
2014Q4,2014,Q4,2014-07-31,2014-07-31,,,,,,,11408862664.20951,4879368353.424519,6592050315.316077,4397518048.252659,6529494310.784993,2769371227.619321,4703535259.607419,0.0,1281552741.4746308,0.0,1.499038831218762,0.1471547125074096,0.34407484407484407,,0.0,,0.0,0.0,0.0,0.0,,,,0.09457900807381786,,0.0,0.0,0.0,0.0,0.0,0.0,0.0,0.0,0.0,0.0,0.0,0.0,Industrial Distribution,Industrials,FERG
2013Q4,2013,Q4,2013-07-31,2013-07-31,,,,,,,10731320766.218132,4652474055.561482,6360768656.375246,4181588211.090962,6078846710.65665,2624159948.796879,4131299431.584401,0.0,720805839.594033,0.0,1.521137026239067,0.11530815109343938,0.2659679004258107,,0.0,,0.0,0.0,0.0,0.0,,,,0.1293731778425654,,0.0,0.0,0.0,0.0,0.0,0.0,0.0,0.0,0.0,0.0,0.0,0.0,Industrial Distribution,Industrials,FERG
2012Q4,2012,Q4,2012-07-31,2012-07-31,,,,,,,11216891318.691677,4921921638.860087,6876237157.130738,4048449429.729475,6294969679.83159,2523015050.114683,4464762622.930216,0.0,42416815.91101909,0.0,1.6984866123399303,0.11764705882352951,0.26811362910947995,,0.0,,0.0,0.0,0.0,0.0,,,,0.3178114086146682,,0.0,0.0,0.0,0.0,0.0,0.0,0.0,0.0,0.0,0.0,0.0,0.0,Industrial Distribution,Industrials,FERG
2011Q4,2011,Q4,2011-07-31,2011-07-31,,,,,,,12928530401.24723,5540329859.686551,7494871584.475261,4442438664.150324,7388200541.560679,2619184376.794945,4860917370.969065,0.0,960039386.2312299,0.0,1.6871074990764685,0.1254125412541254,0.29265402843601895,,0.0,,0.0,0.0,0.0,0.0,,,,0.1488732914665682,,0.0,0.0,0.0,0.0,0.0,0.0,0.0,0.0,0.0,0.0,0.0,0.0,Industrial Distribution,Industrials,FERG
2010Q4,2010,Q4,2010-07-31,2010-07-31,,,,,,,12690339392.797714,4802047031.490377,6794135191.987693,5213337100.875954,7888292361.307337,2528962983.893755,2138080437.034944,0.0,775485856.01708,0.0,1.3032219211081,0.1433696190004948,0.37888198757763975,,0.0,,0.0,0.0,0.0,0.0,,,,0.2002408912978018,,0.0,0.0,0.0,0.0,0.0,0.0,0.0,0.0,0.0,0.0,0.0,0.0,Industrial Distribution,Industrials,FERG
2010Q2,2010,Q2,2010-01-31,2010-01-31,,,,,,,12811132057.385693,5136275042.336326,6465475924.209988,4653800683.771608,7674857015.049366,2698341694.092086,2425152570.533917,0.0,1698245838.2592578,0.0,1.3892893923789904,0.1836887392442948,0.4581648522550545,,0.0,,0.0,0.0,0.0,0.0,,,,0.14074836937864738,,0.0,0.0,0.0,0.0,0.0,0.0,0.0,0.0,0.0,0.0,0.0,0.0,Industrial Distribution,Industrials,FERG
2009Q4,2009,Q4,2009-07-31,2009-07-31,,,,,,,15138250772.700695,5640297385.347924,7864004677.971765,5272742460.947289,9497953387.35277,2713223623.757414,2932085874.195974,0.0,2168574053.963746,0.0,1.4914448669201519,0.2133318618254056,0.5725710900473934,,0.0,,0.0,0.0,0.0,0.0,,,,0.250316856780735,,0.0,0.0,0.0,0.0,0.0,0.0,0.0,0.0,0.0,0.0,0.0,0.0,Industrial Distribution,Industrials,FERG
2009Q2,2009,Q2,2009-01-31,2009-01-31,,,,,,,14914531146.406849,4493960969.703958,8059727306.794269,5220374160.445072,10420570176.70289,3127612349.024243,2112939955.608083,0.0,4055806981.637889,0.0,1.5438983986747652,0.315036722071898,1.04554201411161,,0.0,,0.0,0.0,0.0,0.0,,,,0.12506902263942576,,0.0,0.0,0.0,0.0,0.0,0.0,0.0,0.0,0.0,0.0,0.0,0.0,Industrial Distribution,Industrials,FERG
2008Q4,2008,Q4,2008-07-31,2008-07-31,,,,,,,20422367638.31053,6660717826.690462,10759468570.29546,7529248463.216339,13761649811.620068,4015466983.938132,4554828475.114019,0.0,5391631965.10014,0.0,1.4290229128259153,0.2951742887658995,0.9050312593033639,,0.0,,0.0,0.0,0.0,0.0,,,,0.08585725572820636,,0.0,0.0,0.0,0.0,0.0,0.0,0.0,0.0,0.0,0.0,0.0,0.0,Industrial Distribution,Industrials,FERG
2008Q2,2008,Q2,2008-01-31,2008-01-31,,,,,,,20280777108.313946,6858358686.790352,10751854282.248604,7124818548.788005,13422418421.523594,4261369285.529639,4800254528.823401,0.0,6343335520.690409,0.0,1.5090706112196486,0.3339543092460045,0.9875326181501886,,0.0,,0.0,0.0,0.0,0.0,,,,0.061680156293608776,,0.0,0.0,0.0,0.0,0.0,0.0,0.0,0.0,0.0,0.0,0.0,0.0,Industrial Distribution,Industrials,FERG
2007Q4,2007,Q4,2007-07-31,2007-07-31,,,,,,,20288970288.97029,7022792022.792023,11111111111.11111,7804232804.232804,13266178266.178267,4210419210.41921,5132275132.275132,0.0,5594220594.220594,0.0,1.423728813559322,0.30020060180541625,0.8672848449724718,,0.0,,0.0,0.0,0.0,0.0,,,,0.06466753585397657,,0.0,0.0,0.0,0.0,0.0,0.0,0.0,0.0,0.0,0.0,0.0,0.0,Industrial Distribution,Industrials,FERG
2007Q2,2007,Q2,2007-01-31,2007-01-31,,,,,,,19354269237.55909,6386693081.736333,10582373825.542849,6149349757.752888,12967576155.822758,4091720444.871619,4550714972.244562,0.0,6290578843.09841,0.0,1.7208931419457736,0.3540083105300497,1.0727886977886978,,0.0,,0.0,0.0,0.0,0.0,,,,0.09314194577352475,,0.0,0.0,0.0,0.0,0.0,0.0,0.0,0.0,0.0,0.0,0.0,0.0,Industrial Distribution,Industrials,FERG
