Quarters,Year,Quarter,FillingDate,Date,NetIncome,Revenue,OperatingIncome,EPSDiluted,GrossProfit,GrossProfitRatio,TotalAssets,CommonStockEquity,CurrentAssets,CurrentLiability,TotalLiability,Inventory,RetainedEarnings,MarketCap,EnterpriseValue,bookValuePerShare,currentRatio,debtToAssets,debtToEquity,roic,shareholdersEquityPerShare,roe,priceToSalesRatio,peRatio,pbRatio,payoutRatio,inventoryTurnover,dividendYield,assetTurnover,quickRatio,returnOnAssets,priceToFreeCashFlowsRatio,grossProfitMargin,epsdilutedGrowth,fiveYNetIncomeGrowthPerShare,fiveYRevenueGrowthPerShare,fiveYShareholdersEquityGrowthPerShare,grossProfitGrowth,netIncomeGrowth,operatingIncomeGrowth,threeYNetIncomeGrowthPerShare,threeYRevenueGrowthPerShare,threeYShareholdersEquityGrowthPerShare,Industry,Sector,Symbol
2023Q1,2023,Q1,2023-02-17,2023-03-31,1128627000.0,4141181000.0,1351354000.0,1.92,1833402000.0,0.4427244305,18639301000.0,15065074000.0,9198181000.0,2639341000.0,3444773000.0,3991501000.0,14590265000.0,16775430770.000002,16622181770.000002,25.522408869861767,3.4850294069618135,0.03799740129739844,0.047012381087540626,0.06739168094553476,25.522408869861767,0.07491679098290523,4.050880840513853,3.7158934639167773,1.1135312558039874,0.0,0.5781732235567522,0.0,0.22217469421197716,1.9611891756313413,0.06055092945813794,20.873219469889836,0.44272443054288135,0.4117647058823528,1.241861379766523,0.7495180691842684,0.20442343018587694,0.17809645164212998,0.3979955853827116,0.33394468787849774,1.241861379766523,0.7495180691842684,0.20442343018587694,Oil & Gas Equipment & Services,Energy,TS
2022Q4,2022,Q4,2022-12-31,2022-12-31,807318000.0,3620210000.0,1013051000.0,1.36,1556241000.0,0.4298758912,17550246000.0,13905709000.0,8468596000.0,2788423000.0,3515809000.0,3986929000.0,13461638000.0,20871544748.16,20620956748.16,23.42542127760346,3.0370557121354973,0.04791608049254694,0.06047437063439196,0.051591379023574156,23.42542127760346,0.05805658668680612,5.76528564590452,6.4632352889939275,1.5009335193308013,0.2485488989468834,0.5176839116021379,0.009613950592597592,0.20627688067734207,1.5603364338911276,0.046000380849362456,51.76628458227923,0.4298758911775836,0.3333333333333334,4.010017006817557,1.2655656083041706,0.2042382428290668,0.2879431274129676,0.3311754909558593,0.26138645914396885,4.289248054900348,1.0681954442418302,0.15333511788416213,Oil & Gas Equipment & Services,Energy,TS
2022Q3,2022,Q3,2022-09-30,2022-09-30,606470000.0,2974801000.0,803125000.0,1.02,1208315000.0,0.4061834724,16861419000.0,13204886000.0,7588773000.0,2783376000.0,3526638000.0,3679135000.0,12854965000.0,15252538040.0,15248859040.0,22.370982019199737,2.726463474571887,0.05878360534187544,0.0750612311230858,0.04378479948196291,22.370982019199737,0.04592769676315267,5.12724650825383,6.287424786057018,1.1550677559806273,0.0,0.4801362276730808,0.0,0.17642649174425948,1.3880481832134788,0.03596790993688016,120.35269734557964,0.40618347244067754,-0.0555555555555556,4.7839472027771945,1.283173078399047,0.14867716569269662,0.13442747002249486,-0.04750611730781916,0.21163318724588706,4.691988587303375,0.6866026036082669,0.10452465047620024,Oil & Gas Equipment & Services,Energy,TS
2022Q2,2022,Q2,2022-06-30,2022-06-30,636718000.0,2800474000.0,662845000.0,1.08,1065132000.0,0.3803398996,16176042000.0,12649677000.0,6820745000.0,2672413000.0,3381994000.0,3370139000.0,12248495000.0,15163997765.0,15384526765.0,21.43037787040982,2.552279531644248,0.05298576747018832,0.0677566707829773,0.04089837254135077,21.43037787040982,0.05033472396172645,5.414796839749271,5.953969325902519,1.1987656099835593,0.0,0.5149170405137592,0.0,0.17312479777191478,1.2810677092200944,0.03936179196369544,43.073053673736624,0.3803398996027101,0.27058823529411774,7.543797971123397,1.2533512927219415,0.11537829395491847,0.2603635787049801,0.2647522113170968,0.3687961276520173,1.6366659280917606,0.4601275814341792,0.05930388117285458,Oil & Gas Equipment & Services,Energy,TS
2022Q1,2022,Q1,2022-03-31,2022-03-31,503433000.0,2367041000.0,484254000.0,0.85,845099000.0,0.3570276138,15274098000.0,12508121000.0,5777121000.0,1942916000.0,2620182000.0,3032127000.0,11942361000.0,17749373795.0,17905876795.0,21.190561583415004,2.9734280843845027,0.030895572360475885,0.037727649100932105,0.032596881140911846,21.190561583415004,0.04024849136013315,7.498549368177399,8.814168814420192,1.4190279894957845,0.0,0.5019387380541778,0.0,0.1549709187409954,1.4066001824062389,0.03295991684746294,-158.33094381952313,0.35702761380136633,0.5178571428571427,0.0,0.0,0.0,0.28670328900690323,0.4977062855510865,0.07820212810961613,0.0,0.0,0.0,Oil & Gas Equipment & Services,Energy,TS
2021Q4,2021,Q4,2021-12-31,2021-12-31,336136000.0,2057164000.0,449131000.0,0.56,656794000.0,0.3192715797,14449431000.0,11960578000.0,4981173000.0,1559645000.0,2343729000.0,2672593000.0,11439587000.0,12449853607.52,12579944607.52,20.040208097651657,3.193786406521997,0.031019768183259258,0.037474610340737714,0.029512517137981087,20.040208097651657,0.028103658535565755,6.051949969725311,9.259536026727277,1.0409073547716505,0.456568174786396,0.5239742826535877,0.01232697225510356,0.14236989678001855,1.4379176030442826,0.023262922948315404,-534.971365053283,0.31927157970876413,0.0,8.83553372008574,1.3462825003749885,0.047990153112178684,0.2178819637598926,0.01899227273691837,0.9450562775812117,0.4721179662964596,-0.03345703311239651,0.003922628612508318,Oil & Gas Equipment & Services,Energy,TS
2021Q3,2021,Q3,2021-09-30,2021-09-30,329871000.0,1753743000.0,230909000.0,0.56,539292000.0,0.30750913902436106,14540214000.0,11763480000.0,4887509000.0,1687831000.0,2598005000.0,2477445000.0,11223037000.0,12460568035.0,12680585035.0,19.929032296319388,2.8957336368392332,0.05046679505542353,0.062379329926178305,0.015395927001214336,19.929032296319388,0.028041956971916474,7.105127738214779,9.443515825125578,1.059258657727135,0.0,0.49020301157038804,0.0,0.12061328670953536,1.4116306668143908,0.02268680502226446,-620.1138665770877,0.30750913902436106,0.1200000000000001,18.86815635728483,0.6725778163080207,0.024305339379707264,0.3003479380511129,0.12223923249642785,0.522202592060332,0.3359049435663173,-0.07643878640807379,0.006143098450459169,Oil & Gas Equipment & Services,Energy,TS
2021Q2,2021,Q2,2021-06-30,2021-06-30,293940000.0,1528511000.0,151694000.0,0.5,414729000.0,0.2713287637445854,14213736000.0,11485222000.0,4673237000.0,1462132000.0,2550029000.0,2145560000.0,10893166000.0,12926880150.0,13170338150.0,19.457623098640703,3.1961799618639084,0.05845014991132522,0.07233599838122415,0.011423272514241753,19.457623098640703,0.025592887973780568,8.457171816231615,10.994488798734434,1.1255228806199828,0.0,0.519110162381849,0.0,0.10753759602682926,1.723813581810671,0.02067999574496107,-123.99766093370808,0.2713287637445854,0.0,23.157394843962006,0.3639223930620261,0.0014523175783266813,0.0,0.0,0.0,0.7462335440330784,-0.14535942172253144,0.004692879152697714,Oil & Gas Equipment & Services,Energy,TS
2020Q4,2020,Q4,2020-12-31,2020-12-31,106557000.0,1130628000.0,7385000.0,0.180523,235171000.0,0.2080003325585427,13716189000.0,11262888000.0,4287672000.0,1166475000.0,2269716000.0,1636673000.0,10658155000.0,9414781219.25,9492602219.25,19.080959973099695,3.675751301999614,0.048300734263722965,0.05882168054942924,0.0008896227999494874,19.080959973099695,0.009460894932099121,8.327037026546309,22.088603327913695,0.8359118211288259,0.7755192056833432,0.5471202860925792,0.008777368063639723,0.08243018523585524,2.2235881609121497,0.007768703099672949,94.68657882602005,0.2080003325585427,4.0087166666666665,3.28398422428945,-0.20374160343567194,-0.038456652515285114,0.4990788962053073,4.234292478601348,1.1050258831560384,-0.3349830246143092,-0.2884280855627358,-0.019098891021177615,Oil & Gas Equipment & Services,Energy,TS
2020Q3,2020,Q3,2020-09-30,2020-09-30,-32946000.0,1012750000.0,-70316000.0,-0.06,156877000.0,0.15490199950629474,13862267000.0,11182057000.0,4370854000.0,1230640000.0,2494982000.0,1621644000.0,10751861000.0,5814144725.0,5562182725.0,18.944017849504082,3.551691802639277,0.05433382577323031,0.06735701669200934,-0.0032201740853330997,18.944017849504082,-0.0029463273170580334,5.740947642557393,-44.118745257390884,0.5199530573847012,0.0,0.5277810666212807,0.0,0.07305803588980071,2.228590814535526,-0.002376667539299308,0.0,0.15490199950629474,0.25000000000000006,0.9071692626738499,-0.3504656893240995,-0.06563063218514215,-0.2105745182993413,0.3130668668292988,0.22384237540703128,-1.314208327770042,-0.222709843398387,-0.027286298316079486,Oil & Gas Equipment & Services,Energy,TS
2020Q2,2020,Q2,2020-06-30,2020-06-30,-47961000.0,1241045000.0,-90595000.0,-0.08,198723000.0,0.16012553936400373,13896080000.0,11188272000.0,4519095000.0,1370330000.0,2519202000.0,1857713000.0,10784807000.0,7632171705.0,7463364705.0,18.954546956173335,3.2978151248239476,0.05340714791509548,0.06633285283017788,-0.0037480837782658807,18.954546956173335,-0.004286720952082681,6.149794491738817,-39.783218161631325,0.6821582193389649,0.0,0.5610780567288919,0.0,0.0893089993724849,1.9388169273094802,-0.003451405000546917,0.0,0.16012553936400373,0.0,-1.7232409445969175,-0.33565675523184796,-0.10181629715831474,0.0,0.0,0.0,-1.6435644892920402,-0.0014153478746448708,-0.013480286044965062,Oil & Gas Equipment & Services,Energy,TS
2019Q4,2019,Q4,2019-12-31,2019-12-31,151773000.0,1740548000.0,151767000.0,0.257125,496362000.0,0.285175703284253,14842991000.0,11988958000.0,5670607000.0,1780457000.0,2656619000.0,2265880000.0,11374782000.0,13363676915.6,12669378915.6,20.311027483996412,3.184916569172971,0.05793987209181761,0.07173275609106312,0.010884295921084045,20.311027483996412,0.012659398756756009,7.677856006039478,22.0126058580907,1.114665420931494,1.0111811718816917,0.5490961569015129,0.011484114811309738,0.11726396654151444,1.8696604298783963,0.01022523021135026,73.17270202155154,0.285175703284253,0.42847222222222225,-0.3853302640728554,-0.34969363007246856,-0.052564270684037205,-0.03636243622498505,0.4244565829485302,-0.18893223599828987,3.490325443786983,1.0072329894434335,0.06215248360187274,Oil & Gas Equipment & Services,Energy,TS
2019Q3,2019,Q3,2019-09-30,2019-09-30,106548000.0,1763783000.0,187120000.0,0.18,515092000.0,0.29203819290695054,15020277000.0,11955266000.0,5830774000.0,1953851000.0,2864072000.0,2387367000.0,0.0,12501886830.0,11925534830.0,20.253945450248487,2.98424700757632,0.06395707615778325,0.08035396284783626,0.00686514534988819,20.253945450248487,0.008912223283028584,7.08810938193644,29.33393125633517,1.045722180501881,0.0,0.5230410741205688,0.0,0.11742679579078336,1.7599653197710572,0.007093610856843719,43.478169706201484,0.29203819290695054,-0.5600226832749956,0.3120220665197209,-0.2713540395045754,-0.05762879614225237,-0.10441522674242713,-0.5587818755538624,-0.2020060728054314,5.417394446786726,0.6821531539006628,0.0410051105204135,Oil & Gas Equipment & Services,Energy,TS
2019Q2,2019,Q2,2019-06-30,2019-06-30,241486000.0,1917965000.0,234488000.0,0.409112,575146000.0,0.299873042521631,14983447000.0,11941498000.0,5752400000.0,1956940000.0,2833251000.0,2432657000.0,11269931000.0,15565378103.550001,15292123103.550001,20.23062338512556,2.9394871585230002,0.06198386793105752,0.07777349206942044,0.016852443426847656,20.23062338512556,0.020222421006141775,8.115569420479519,16.11416200478496,1.30346947288774,1.3688164117174495,0.5519968495353024,0.021236233247980744,0.12800559177070536,1.6878631945792921,0.016116852150242864,63.42937404919376,0.299873042521631,0.0,-0.40795558852486463,-0.27919942478045223,-0.06659925871940163,0.0,0.0,0.0,19.203379675451195,0.7114406041649445,0.041237389190853284,Oil & Gas Equipment & Services,Energy,TS
2018Q4,2018,Q4,2018-12-31,2018-12-31,225825000.0,2104977000.0,178683000.0,0.38258,662972000.0,0.3149545101917978,14251299000.0,11782882000.0,5464192000.0,1718363000.0,2375807000.0,2524341000.0,11116116000.0,12584522607.8,12695168607.8,19.96190495810283,3.1798822483957117,0.03782160489370127,0.04574492047022112,0.014613151908487701,19.96190495810283,0.01916551485451522,5.978460860997531,13.93171992449906,1.0680343406477295,0.6795970331008524,0.5712401771393009,0.012195138805255745,0.14770421980480516,1.6696652569916834,0.0158459239399861,76.13647978873367,0.3149545101917978,-0.08909523809523812,-0.44736061346617767,-0.21284100034908504,-0.04129527739801234,0.11675369740255365,-0.08545845533295265,-0.3087618038120365,5.840420971406524,0.4824554237333496,0.005936647980286438,Oil & Gas Equipment & Services,Energy,TS
2018Q3,2018,Q3,2018-09-30,2018-09-30,246927000.0,1898892000.0,258497000.0,0.42,593660000.0,0.312634947116529,14620624000.0,11691657000.0,5671407000.0,2075228000.0,2833627000.0,2664573000.0,0.0,20293431030.0,20791258030.0,19.807353772054583,2.732907902167858,0.050211947178177896,0.06279092860832301,0.01569875558370749,19.807353772054583,0.02111993193094871,10.686985373575748,20.545982243740056,1.7357189857690831,0.0,0.48984659080460546,0.0,0.12987763039388742,1.4440562675522883,0.01688895084094906,-762.8535835651455,0.312634947116529,0.4999999999999998,-0.1773460066164932,-0.21372917702699845,-0.029600058497942432,0.0564717481096299,0.4669395465994962,0.16211854196263195,1.6957571625002816,0.21786769317993773,-0.023048607264463245,Oil & Gas Equipment & Services,Energy,TS
2018Q2,2018,Q2,2018-06-30,2018-06-30,168328000.0,1788484000.0,222436000.0,0.28,561927000.0,0.3141917959567992,14490198000.0,11431575000.0,5521319000.0,2208128000.0,2963484000.0,2530072000.0,10796834000.0,21479870715.0,21892405715.0,19.36673734071867,2.5004524194249607,0.058004383376955924,0.0735239894765157,0.0099937374718792,19.36673734071867,0.014724830130581307,12.01009945574017,31.901808841963312,1.878994864224746,1.9637255833848202,0.4847913419064754,0.015388826328883236,0.12342716089869855,1.3535279657701003,0.011616680462199344,86.37797716278004,0.3141917959567992,0.0,-0.5926115462944008,-0.36076498305535787,-0.014027717718809092,0.0,0.0,0.0,1.5383478601803537,-0.04260742859773532,-0.08228416659762675,Oil & Gas Equipment & Services,Energy,TS
2017Q4,2017,Q4,2017-12-31,2017-12-31,160232000.0,1588916000.0,168029000.0,0.271456,511782000.0,0.32209506355276174,14398218000.0,11482185000.0,5381154000.0,2070899000.0,2817248000.0,2368304000.0,10718853000.0,18805951701.9,19441530701.9,19.452480783678727,2.5984627932120303,0.06707774531542723,0.08411291056536713,0.011037269106695453,19.452480783678727,0.013954835251304521,11.83571170653452,29.3417539909319,1.6378373717110464,0.9577986918967497,0.4548123889500672,0.00816071435430171,0.11035504532574796,1.4151453064586925,0.01112859938639629,-141.47472091583415,0.32209506355276174,0.5080888888888888,-0.5520329226390672,-0.423913390280336,0.008269131339471233,0.3307348681439262,0.5281438953211132,1.1254696097653532,-0.3510719223638051,-0.40634662412080935,-0.09261235883753965,Oil & Gas Equipment & Services,Energy,TS
2017Q3,2017,Q3,2017-09-30,2017-09-30,104854000.0,1302924000.0,79055000.0,0.18,384586000.0,0.2951714758497042,14360324000.0,11495733000.0,5224428000.0,1964905000.0,2767881000.0,2204815000.0,0.0,16710501235.0,17105675235.0,19.475430249115444,2.6588705306363414,0.05790489128239725,0.07233405647121414,0.0063261912116057825,19.475430249115444,0.009121123463810442,12.82538446985396,39.84230748230873,1.453626422516946,0.0,0.41651476427727496,0.0,0.09073082195081392,1.5367730246500466,0.007301645840302767,-115.83118153272427,0.2951714758497042,0.5,-0.7597467070377982,-0.5096386987406066,0.028943410333302656,0.01991911423456872,0.40698298534700234,0.5353466692561663,0.29116230959622724,-0.46174200032966606,-0.09385138344581903,Oil & Gas Equipment & Services,Energy,TS
2017Q2,2017,Q2,2017-06-30,2017-06-30,74524000.0,1242804000.0,51490000.0,0.12,377075000.0,0.30340665141084194,14226084000.0,11341154000.0,5083952000.0,1947513000.0,2778775000.0,1988820000.0,0.0,18380961090.0,18962602090.0,19.213551121227034,2.610484243237401,0.05995079179906431,0.07520090107232474,0.004692800727692675,19.213551121227034,0.006571112604590326,14.78991143414408,61.661213468144496,1.6207311081394362,4.435483870967742,0.4352978147846462,0.01798328163481249,0.0873609350261112,1.5892741152433898,0.005238546320969284,-98.23874877742445,0.30340665141084194,0.0,-0.8383739364851471,-0.5563778158209982,0.05998899181657728,0.0,0.0,0.0,-0.8172916385745982,-0.5329353199427859,-0.11352495087364413,Oil & Gas Equipment & Services,Energy,TS
2016Q4,2016,Q4,2016-12-31,2016-12-31,33800000.0,867138000.0,-47596000.0,0.057262,210268000.0,0.2424850485159225,14003275000.0,11287417000.0,4968571000.0,1731130000.0,2590203000.0,1563889000.0,10658136000.0,21078485099.65,21518949099.65,19.122515644005787,2.8701316481142376,0.06000032135339769,0.07443695931496108,-0.0066815079842960645,19.122515644005787,0.00299448492068646,24.30810908949902,155.90595487906805,1.8674321237223714,4.540532544378698,0.42002341598412674,0.007280883767237538,0.061923942791954026,1.8460092540710402,0.0024137210759625875,-89.49840394216154,0.2424850485159225,1.0357739472986809,-0.915409899374641,-0.6847402120993747,0.07435510630160862,-0.25424450174319835,1.0357766668674335,-2.446238505539063,-0.9172845731657558,-0.6757325706459999,-0.08160838885783966,Oil & Gas Equipment & Services,Energy,TS
2016Q3,2016,Q3,2016-09-30,2016-09-30,16603000.0,1048527000.0,-13811000.0,0.028127877398167106,281953000.0,0.26890390042411877,14227746000.0,11484349000.0,4990247000.0,1652273000.0,2606866000.0,1498624000.0,10777806000.0,16763625400.0,17040971400.0,19.45614411068861,3.0202315234831048,0.052429878914059896,0.06495440011445142,-0.001051570985541577,19.45614411068861,0.001445706674361777,15.987786103743632,252.41862012889234,1.459693135414119,0.0,0.5115185663648787,0.0,0.07369593187845777,2.1132240253275336,0.001166945206921743,198.64939801867564,0.26890390042411877,2.251518460430127,-0.9489124314211778,-0.57972174568309,0.11020262999049145,-0.07806072734169103,2.2515453037841096,0.6531119706635857,-0.9446859830956259,-0.5658382955958462,-0.04680648792645801,Oil & Gas Equipment & Services,Energy,TS
2016Q2,2016,Q2,2016-06-30,2016-06-30,-13266000.0,1120673000.0,-39814000.0,-0.022475,305826000.0,0.2728949479464572,14369681000.0,11468566000.0,5115446000.0,1752032000.0,2739193000.0,1533666000.0,10761203000.0,17023343540.0,17449038540.0,19.42940543159596,2.919721785903454,0.057067794337257734,0.07150379567942496,-0.0025675869068541995,19.42940543159596,-0.001156727004928079,15.19028614056018,-320.8077706166139,1.48434804665204,-26.6968943162973,0.5313066860711524,0.02080443240587977,0.07798871805156983,2.0443576373034285,-0.0009231937716641031,99.66245266670569,0.2728949479464572,0.0,-1.0461879130138083,-0.5336595478714771,0.09540865141008747,0.0,0.0,0.0,-1.032106454225432,-0.5994521482191605,-0.0108372474035757,Oil & Gas Equipment & Services,Energy,TS
2015Q4,2015,Q4,2015-12-31,2015-12-31,-46654000.0,1419926000.0,24392000.0,-0.079039,396456000.0,0.27920891652100177,14886974000.0,11713344000.0,5743031000.0,1754775000.0,3020918000.0,1843467000.0,11110469000.0,14048388277.0,14733186277.0,19.844097536541913,3.272801926172871,0.06524798122170429,0.08292636159238558,0.030602729212381045,19.844097536541913,-0.003982978729216866,9.893746770606356,-75.2796559619754,1.1993490737572465,-3.7956230976979466,0.5551875894713603,0.01260507586410583,0.09538043124143294,2.1730261714464816,-0.00313388066641347,-144.0092286882893,0.27920891652100177,0.8682683333333334,-1.1453812516929545,-0.31200892473878616,0.18288436995147217,-0.1430850201554074,0.8685447332236323,1.0763540861268581,-1.1304324730840092,-0.48518338578451997,0.02856757489627687,Oil & Gas Equipment & Services,Energy,TS
2015Q3,2015,Q3,2015-09-30,2015-09-30,-354904000.0,1559194000.0,-319459000.0,-0.6,462655000.0,0.2967270269126228,15505408000.0,11967491000.0,6484042000.0,2284350000.0,3383250000.0,2023626000.0,11334204000.0,14231373535.0,14732518535.0,20.274656364010614,2.8384625823538423,0.06442255502080306,0.08346762074022032,-0.02736242492203207,20.274656364010614,-0.02965567302285834,9.127391161715604,-10.024804971907896,1.1891693534593009,0.0,0.5418684084905017,0.0,0.10055807625313697,1.9525974566069122,-0.022889046196011096,49.6803156298109,0.2967270269126228,-6.0,-2.1643373620461137,-0.2308791944918268,0.23381131121533513,-0.14906354779557146,-6.351871399704437,-3.8748492647720525,-1.8131960124120898,-0.4131903328545344,0.07116884174963929,Oil & Gas Equipment & Services,Energy,TS
2015Q2,2015,Q2,2015-06-30,2015-06-30,66314000.0,1868078000.0,111122000.0,0.12,543701000.0,0.2910483395232961,16281674000.0,12456552000.0,7165471000.0,2594635000.0,3669672000.0,2142391000.0,11689108000.0,15949054870.0,16690519870.0,21.103196257296467,2.761648940987846,0.077430305999248,0.1012073806620002,0.005460826439088394,21.103196257296467,0.0053236240654717295,8.537681440496597,60.12702773924058,1.2803747674316295,0.0,0.6181770741195235,0.0,0.11473500820615866,1.9359486016337557,0.004072922722810935,55.478832857937945,0.2910483395232961,0.0,-0.7649256641309048,-0.05736511246052747,0.3534902005610606,0.0,0.0,0.0,-0.8561796095764592,-0.33318460306151143,0.1642384889571881,Oil & Gas Equipment & Services,Energy,TS
2014Q4,2014,Q4,2014-12-31,2014-12-31,246918000.0,2676505000.0,350159000.0,0.42,1017133000.0,0.38002282827792216,16510678000.0,12654114000.0,7396322000.0,2602829000.0,3704364000.0,2779869000.0,11721873000.0,17832011385.0,18412877385.0,21.43789478855809,2.8416472999186655,0.06047668060633246,0.07890801363098199,0.01695731589227521,21.43789478855809,0.019512863563580982,6.662424088503477,18.05458835018103,1.4091868766948046,0.717165212742692,0.5969245313358291,0.009930511829358614,0.1621075161177512,1.7254986785532203,0.014955049090049482,-99.88803150907461,0.38002282827792216,1.9999999999999996,0.11040756946849128,0.4489422714110393,0.39176042139143125,0.11715771611209656,2.0405250649558546,-0.19244704281546568,-0.38204687992712244,-0.02692042430771132,0.2044394243528149,Oil & Gas Equipment & Services,Energy,TS
2014Q3,2014,Q3,2014-09-30,2014-09-30,81209000.0,2420631000.0,433605000.0,0.14,910465000.0,0.37612713379280033,16794928000.0,12686366000.0,7709392000.0,2873490000.0,3954589000.0,2825108000.0,11652036000.0,26886730175.0,27429652175.0,21.492534329716054,2.682936777229084,0.06711502425017839,0.0888506606225928,0.013413534234041093,21.492534329716054,0.006401281501731859,11.107322914975475,82.77016763843909,2.11934057199674,0.0,0.5345515994432779,0.0,0.14412869170978285,1.6997741422451444,0.004835328856426178,80.7130575777134,0.37612713379280033,-0.7999999999999999,-0.6467223205857148,0.366449427736773,0.41230077821249933,-0.14909335940201535,-0.8009022150851343,-0.21059674265677739,-0.7501192340710974,-0.029744993666928607,0.22640272410930332,Oil & Gas Equipment & Services,Energy,TS
2014Q2,2014,Q2,2014-06-30,2014-06-30,407885000.0,2660882000.0,549282000.0,0.7,1069994000.0,0.40212004891611125,16757024000.0,12793540000.0,7523834000.0,2574946000.0,3815001000.0,2774035000.0,11570827000.0,27831159775.0,28274985775.0,21.674102548247113,2.921938557158092,0.06482105653127906,0.08490284940681,0.02945702840314859,21.674102548247113,0.03188210612543518,10.459373912484658,17.058214800127487,2.1754072582725343,0.0,0.5734924036646978,0.0,0.1587920384908442,1.844620819232714,0.024341135991689217,79.58809166690497,0.40212004891611125,0.0,0.11454199713015285,0.19057042204262384,0.38937034388580355,0.0,0.0,0.0,0.4201233905952968,0.10726047200266994,0.22196222249242073,Oil & Gas Equipment & Services,Energy,TS
2013Q4,2013,Q4,2013-12-31,2013-12-31,408630000.0,2674145000.0,589369000.0,0.69,1084940000.0,0.40571472377152323,15930970000.0,12290420000.0,6925472000.0,2119729000.0,3461104000.0,2702647000.0,11094598000.0,25788830765.0,26103765765.0,20.821744680598744,3.2671497158363167,0.05834321450608469,0.07562508034713215,0.02981808376425436,20.821744680598744,0.0332478466968582,9.643766798359849,15.77761713836478,2.098287183432299,0.37557203337983014,0.5880179690503421,0.005951025907242212,0.16785826600640136,1.9202331996212723,0.025650038886521034,100.10026303225555,0.40571472377152323,0.3799999999999999,0.6714865975923523,-0.1743285685350407,0.503126432828627,0.19571722203547676,0.36137846941121204,0.27106840924775705,0.27335560347513926,0.29569261286910586,0.24116081834641623,Oil & Gas Equipment & Services,Energy,TS
2013Q3,2013,Q3,2013-09-30,2013-09-30,300159000.0,2415061000.0,463680000.0,0.5,907355000.0,0.37570686620337956,16039377000.0,12048287000.0,7045118000.0,2394797000.0,3811424000.0,2674532000.0,10838627000.0,27612760430.0,28266695430.0,20.41153644485518,2.9418435048983276,0.07837436578739934,0.10433649198429619,0.023982587160058005,20.41153644485518,0.024913002155410143,11.433566452358761,22.99844451607315,2.2918411912000436,0.0,0.5637270371040616,0.0,0.15057074847732552,1.8250340216728183,0.01871388146808944,49.35044864920897,0.37570686620337956,-0.28571428571428564,-0.47399125535587555,-0.2255726449024407,0.38706089970998825,-0.1861024176845376,-0.28162066687727966,-0.1980574061390947,-0.015265147041455174,0.19130375159946358,0.24214112894412684,Oil & Gas Equipment & Services,Energy,TS
2013Q2,2013,Q2,2013-06-30,2013-06-30,417828000.0,2829270000.0,578196000.0,0.7,1114827000.0,0.3940334432556808,15943632000.0,11724417000.0,7028869000.0,2591325000.0,4053779000.0,2697932000.0,0.0,24496658748.72,25395475748.72,19.642273610279283,2.7124613855845947,0.09516351104942714,0.12940959025937068,0.03237522061285591,19.642273610279283,0.0356374223127683,8.658296574282412,14.657142860650794,2.089371160094357,0.8476239026585102,0.635465608473453,0.01445752270270351,0.17745454737038588,1.6713214282268725,0.026206575766425117,56.477748763591094,0.3940334432556808,0.0,-0.5815695348004037,-0.11133788225459644,0.3927375241287999,0.0,0.0,0.0,0.46469648810381686,0.41179943988120793,0.25979138534808954,Oil & Gas Equipment & Services,Energy,TS
2012Q4,2012,Q4,2012-12-31,2012-12-31,357687000.0,2758120000.0,585960000.0,0.605972,1085603000.0,0.3936025263585341,15963925000.0,11388016000.0,6987116000.0,2829374000.0,4403599000.0,2985805000.0,10050024000.0,24744050776.26317,25658237776.26317,19.29294488847078,2.46949183812391,0.10916143742845197,0.1530244600991077,0.033804371708091974,19.29294488847078,0.03140907072838675,8.971346705822505,17.294485665024986,2.1728148938553624,0.4290622807091116,0.5601561387967399,0.006202298944004064,0.1727720469746632,1.3346945296026613,0.02240595592875812,161.97142579770087,0.3936025263585341,-0.18042892867914476,-0.3455451703478506,0.1081461649191749,0.6254021415225683,0.08766739271136617,-0.1804271465592499,0.004112687641373638,0.6085437655216153,0.4931252633971178,0.2525090440405954,Oil & Gas Equipment & Services,Energy,TS
2012Q3,2012,Q3,2012-09-30,2012-09-30,436431000.0,2657069000.0,583560000.0,0.739377,998102000.0,0.37564022612886605,16096796000.0,11172365000.0,7067002000.0,3089188000.0,4744890000.0,2988690000.0,9845807000.0,24519750549.368412,25674322549.368412,18.927600928807955,2.287656821145233,0.12065208504847796,0.17383177151838486,0.033915985865581116,18.927600928807955,0.03906343911964924,9.228119612011737,14.04560546189914,2.1946786154380398,0.0,0.5550816578500949,0.0,0.16506819121022592,1.2540214451176166,0.027112911165675456,79.69885277134587,0.37564022612886605,-0.052080769230769326,0.08848705791980309,0.052908095302141515,0.6979481837088766,-0.09819295614304559,-0.053477745077414554,-0.06011731622230168,0.8985747036279199,0.49991921005038453,0.2437558601216974,Oil & Gas Equipment & Services,Energy,TS
2012Q2,2012,Q2,2012-06-30,2012-06-30,461089000.0,2801492000.0,620886000.0,0.78,1106780000.0,0.39506805659270133,15529259000.0,10699313000.0,6566056000.0,2911307000.0,4651581000.0,2985056000.0,9409376000.0,20641690035.2685,21601617035.2685,18.126179865603536,2.2553636562547337,0.10963465803487468,0.15912657195840518,0.037860284266909495,18.126179865603536,0.04309519685983577,7.368106007537591,11.191814397691392,1.9292537787490187,0.640080331562887,0.567732062648071,0.014297957168028997,0.18040088068593615,1.1710578788152537,0.029691629201367562,97.66498559402561,0.39506805659270133,0.0,-0.07029136001613069,0.07575667977110875,0.7546012863529173,0.0,0.0,0.0,0.2599214359801048,0.2534841878704257,0.16193861762669662,Oil & Gas Equipment & Services,Energy,TS
2011Q4,2011,Q4,2011-12-31,2011-12-31,399574000.0,2750551000.0,555690000.0,0.68,1027657000.0,0.37361859496515426,14863635000.0,10506227000.0,6393221000.0,2403699000.0,3690692000.0,2806409000.0,8799581000.0,21946182830.0,22053215830.0,17.799064324116905,2.659742754812479,0.06262102103556767,0.08859279358803117,0.03690145508130393,17.799064324116905,0.03803211181330843,7.978831452316282,13.730987770725823,2.0888738488136607,0.38408404951273106,0.6139140802356321,0.006993015650549011,0.1850523778335515,1.3831319978083778,0.026882656900549563,82.03689809207674,0.37361859496515426,0.21428571428571425,-0.30478642888212265,0.33532459121765457,0.9679671840226843,0.08629751230949094,0.2294925090233268,0.14514576811874944,0.6344433491088922,-0.1507373827943604,0.28491845787188774,Oil & Gas Equipment & Services,Energy,TS
2011Q3,2011,Q3,2011-09-30,2011-09-30,324991000.0,2494840000.0,485257000.0,0.56,946018000.0,0.37918984784595405,14941621000.0,10344372000.0,6404019000.0,2615816000.0,3952528000.0,2772199000.0,8553477000.0,15022333915.2685,15428997915.2685,17.524858602483445,2.448191692382033,0.07840186817748891,0.11324525065417214,0.030420959234084183,17.524858602483445,0.031417180279286167,6.021361656566553,11.555961484524572,1.4522229010391836,0.0,0.5586979866885458,0.0,0.1669725125540261,1.315017187753267,0.021750719015025212,121.01610275320014,0.37918984784595405,0.16666666666666682,-0.321670615000887,0.2977121869491198,1.1866832733623611,0.07541884834609185,0.13151334526387623,0.17677714429832114,-0.430474821908926,-0.19999025176109628,0.1908974224514082,Oil & Gas Equipment & Services,Energy,TS
2011Q2,2011,Q2,2011-06-30,2011-06-30,287218000.0,2403122000.0,412361000.0,0.48,879674000.0,0.36605465723338226,15140144000.0,10469669000.0,6302265000.0,2589669000.0,3988049000.0,2765885000.0,0.0,26992978505.0,27799000505.0,17.737129797710704,2.4336179643035463,0.08126138034090033,0.1175117379546574,0.025757149004865924,17.737129797710704,0.027433341015843004,11.232462815038105,23.495200949278942,2.5782074395093098,0.0,0.5507994728631161,0.0,0.15872517460864308,1.269329014634689,0.018970625378464036,364.9672593969713,0.36605465723338226,0.0,-0.39119191302559925,0.22466741240352342,1.4814546287109822,0.0,0.0,0.0,-0.7091377873375522,-0.23671279084355948,0.25765309707767214,Oil & Gas Equipment & Services,Energy,TS
2010Q4,2010,Q4,2010-12-31,2010-12-31,320908000.0,2063873000.0,453818000.0,0.54,786118000.0,0.38089456085718454,14364331000.0,9902359000.0,5955536000.0,2378546000.0,3813751000.0,2460384000.0,7869807000.0,28911351130.0,29311726130.0,16.776024809048764,2.5038557168959525,0.08661983631538427,0.12565046369254032,0.0287158723607061,16.776024809048764,0.03240722740914564,14.0082995077701,22.523083819973326,2.9196427972364964,0.47823675321275877,0.5193315352400276,0.005308295669404089,0.14368041226563213,1.3311018580258696,0.02234061579338432,-896.2258944790601,0.38089456085718454,0.03846153846153849,-0.15763120669709033,0.0870675805883473,1.8229598375384963,0.014792315070243811,0.05280631996115639,0.12030038065990925,-0.4128392694431535,-0.17078567267321557,0.41335533836301364,Oil & Gas Equipment & Services,Energy,TS
2010Q3,2010,Q3,2010-09-30,2010-09-30,304812000.0,2027242000.0,405086000.0,0.52,774659000.0,0.3821245810810944,14052412000.0,9699612000.0,5889499000.0,2160323000.0,3703567000.0,2270276000.0,7702369000.0,22678114589.463,22848994589.463,16.43254213972116,2.726212237707047,0.07756013700708463,0.11236604103339391,0.027827788262635458,16.43254213972116,0.03142517453275451,11.18668347906318,18.600083485445946,2.3380434794157745,0.0,0.5517315956297825,0.0,0.14426292084234366,1.558584526480531,0.021691080506321618,-249.93238248413547,0.3821245810810944,0.08333333333333341,-0.04416543713720382,0.2358361919065601,1.951521017994366,-0.029654292131228447,0.08051811781721246,-0.0005354019091889278,-0.23977932520600964,-0.19667151829186855,0.4741226415753864,Oil & Gas Equipment & Services,Energy,TS
2010Q2,2010,Q2,2010-06-30,2010-06-30,282098000.0,1981762000.0,405303000.0,0.48,798333000.0,0.40283999794122605,13519608000.0,9203282000.0,5616312000.0,2113344000.0,3697801000.0,2062844000.0,0.0,20429193375.268497,20365100375.268497,15.591687511700185,2.657547469791951,0.08970089961188224,0.13177049230915666,0.028716905164170692,15.591687511700185,0.030651891357887328,10.308600818498133,18.10469533217933,2.2197726175584425,0.0,0.5736880733589161,0.0,0.14658427966254642,1.5626509456103692,0.020865841672332512,-154.989707725275,0.40283999794122605,0.0,-0.10003727198692149,0.136131708213799,2.105787441848572,0.0,0.0,0.0,-0.43119669321504184,-0.23901488591916306,0.5092642336819803,Oil & Gas Equipment & Services,Energy,TS
2009Q4,2009,Q4,2009-12-31,2009-12-31,222367000.0,1847213000.0,330616000.0,0.38,690663000.0,0.3738946185415542,13483308000.0,9092164000.0,5621841000.0,1970470000.0,3762472000.0,1687059000.0,7143823000.0,25174952705.537,25078480705.537,15.403437588148444,2.8530457200566364,0.10727018918502788,0.159077310967994,0.022425046289638078,15.403437588148444,0.02445699395655424,13.628613866152413,28.303382140264745,2.7688625838179997,0.75037213255564,0.6855421179697924,0.006627936979730696,0.13699998546350792,1.8647845437890453,0.016492021097493287,88.69729311748934,0.3738946185415542,0.0,-0.5242692898494294,0.4514002000454147,2.6428048289931905,-0.0009416849651533167,-0.03265281264002297,-0.08302824557900108,-0.6131065680730753,-0.1032237016812495,0.7030928785140875,Oil & Gas Equipment & Services,Energy,TS
2009Q3,2009,Q3,2009-09-30,2009-09-30,229873000.0,1771475000.0,360552000.0,0.38,691314000.0,0.3902476749601321,13738925000.0,8982765000.0,5950218000.0,2129870000.0,4137414000.0,1902555000.0,0.0,21025363379.7315,21726050379.7315,15.218099898605464,2.7937000849817126,0.17774600268943894,0.27185827526379686,0.022363061243418917,15.218099898605464,0.02559045015649413,11.868845668006323,22.866282011949533,2.3406338003645315,0.02402195995179947,0.5677423254518266,0.00026263517544354174,0.12893839947448582,1.780157474399846,0.016731512836703016,31.337127079328134,0.3902476749601321,-0.3870967741935484,0.623408357403654,0.7588866482584143,3.474662921991977,-0.16853910962240437,-0.3303395597608865,-0.17455477029375202,-0.5202032957284937,-0.0785522533005356,0.898854949729655,Oil & Gas Equipment & Services,Energy,TS
2009Q2,2009,Q2,2009-06-30,2009-06-30,343268000.0,2096344000.0,436797000.0,0.62,831445000.0,0.39661668123170624,13804074000.0,8637036000.0,6037734000.0,2440999000.0,4597503000.0,2150785000.0,0.0,14970914631.258064,15366229631.258064,15.599946150879244,2.47346844468187,0.14620488125462092,0.23367078706167255,0.03102926023893345,15.599946150879244,0.03974372689890374,7.141439874017845,10.903226219206324,1.7333393806924116,0.0,0.588110387602666,0.0,0.15186415256829253,1.50025993455958,0.024867151538016965,14.901889081034712,0.39661668123170624,0.0,1.8745186678618424,1.242028604642144,3.952312652201297,0.0,0.0,0.0,-0.22427094993087193,0.13897153162743905,1.1824590012718779,Oil & Gas Equipment & Services,Energy,TS
2008Q4,2008,Q4,2008-12-31,2008-12-31,244471000.0,3238752000.0,559313000.0,0.21,1528227000.0,0.4718567522304888,15100712000.0,8176571000.0,7252417000.0,3790017000.0,6398825000.0,3091401000.0,6489899000.0,12383833130.0,14952081130.0,13.852290948949504,1.9135579075238978,0.27197505654038034,0.5022908747444375,0.01219946101854019,13.852290948949504,0.029898963758768805,3.823643529976979,12.663908122026744,1.514550919939422,0.9844521436080353,0.5533170882716283,0.019434208897483745,0.2144767743401768,1.044694258627336,0.016189369084053783,45.32649545777303,0.4718567522304888,-0.78125,16.566559009833295,3.1812951460057852,3.3660836612996228,0.11269374595907526,-0.5715807828121303,-0.4011099499312572,-0.3582748287124171,0.705890963623087,1.3309730077229054,Oil & Gas Equipment & Services,Energy,TS
2008Q3,2008,Q3,2008-09-30,2008-09-30,570635000.0,3118512000.0,933916000.0,0.96,1373448000.0,0.4404177376902831,16001139000.0,8686199000.0,7269961000.0,3739535000.0,6742706000.0,3334040000.0,6549716000.0,22011112955.268497,23526260955.268497,14.715674307539704,1.9440815502462205,0.18779506883853705,0.3459436054826743,0.055842245937617926,14.715674307539704,0.06569444241376464,7.058210119207012,9.64325398690428,2.5340327748959584,0.0966221840581107,0.5234082374536598,0.002504916498863491,0.19489312604558964,1.0142089858765864,0.035662148800782244,198.29474203409396,0.4404177376902831,-0.42857142857142855,8.131918207400162,3.0364034095006174,3.680911094354359,0.052068444105359435,-0.42212480163974436,0.13377571559336768,0.7894067680380421,0.9010902469931613,1.6431468511298848,Oil & Gas Equipment & Services,Energy,TS
2008Q2,2008,Q2,2008-06-30,2008-06-30,987471000.0,3148385000.0,823722000.0,1.68,1305474000.0,0.4146487802476508,16170088000.0,8324767000.0,7280374000.0,4219203000.0,7268260000.0,2991850000.0,5979081000.0,43975003250.0,45771632250.0,14.103356353930456,1.7255329975827187,0.1938435338137925,0.3765230906762916,0.05349018054375142,14.103356353930456,0.11861845502702958,13.967479596682109,11.13323916601095,5.282430517274538,0.0,0.6159770710430001,0.0,0.1947042588760185,0.9717406344278765,0.06106775671227021,279.96182237784495,0.4146487802476508,0.0,9.826638642136384,2.562564310439812,3.7172919958995014,0.0,0.0,0.0,2.1502778998567966,0.8049493471792786,1.8093191977509118,Oil & Gas Equipment & Services,Energy,TS
2007Q4,2007,Q4,2007-12-31,2007-12-31,546542000.0,2488950000.0,731906000.0,0.93,1105750000.0,0.4442636453122803,15244587000.0,7006277000.0,5862883000.0,3061024000.0,7714737000.0,2598856000.0,4813701000.0,26402710005.0,29460458005.0,11.86964406875854,1.9153338882674555,0.26371622924255017,0.5738061740921748,0.051904350034863884,11.86964406875854,0.07800747815137768,10.607971234858073,12.07716424584021,3.7684365041519197,0.39106418170973134,0.5322341830405378,0.008095115992241874,0.1632677881007862,0.9870128427611152,0.03585154520748906,223.4790594951923,0.4442636453122803,0.3676470588235294,38.271988474511524,2.2132854116805167,2.741176042651539,0.017210006605080576,0.3631107963047946,0.06488793961368121,0.16926888336449714,0.9556285755367869,1.8070874754199246,Oil & Gas Equipment & Services,Energy,TS
2007Q3,2007,Q3,2007-09-30,2007-09-30,400952000.0,2523553000.0,687308000.0,0.68,1087042000.0,0.430758537664951,15804797000.0,6579922000.0,6692536000.0,3321576000.0,8747116000.0,2642851000.0,4420629000.0,32317200375.0,35575165375.0,11.14733718638213,2.0148676411438426,0.31064903902277263,0.7461706992879247,0.04106954725804204,11.14733718638213,0.06093567674510427,12.806230095028715,20.15029253813424,4.911486849692139,0.0,0.5435459660798131,0.0,0.15967006725869368,1.149407389745109,0.025369006637668296,41.203260305532325,0.430758537664951,-0.19047619047619038,5.416467390001507,2.266326354766475,2.545858192954862,-0.09386586732108085,-0.19154753503377356,-0.11930334412247859,1.8316019180926417,1.5056202756869086,2.277713822302965,Oil & Gas Equipment & Services,Energy,TS
2007Q2,2007,Q2,2007-06-30,2007-06-30,495950000.0,2604206000.0,780414000.0,0.84,1199648000.0,0.4606578742234677,15033941000.0,6097860000.0,5979165000.0,2882644000.0,8508524000.0,2640572000.0,4019677000.0,28899545169.731503,32830678169.731503,10.330654608877147,2.074194732336008,0.32076033822402256,0.7908171063291056,0.049150806123332225,10.330654608877147,0.08133181148796463,11.097257732196109,14.567771534293529,4.739292992907594,0.0,0.5319142973567849,0.0,0.17322177864074365,1.088564179274305,0.03298868872772615,283.7043652847544,0.4606578742234677,0.0,4.437599113865156,1.9467969618179548,2.4553983517035056,0.0,0.0,0.0,2.8954867492970138,1.6124377914809565,2.279538982394527,Oil & Gas Equipment & Services,Energy,TS
