Quarters,Year,Quarter,FillingDate,Date,NetIncome,Revenue,OperatingIncome,EPSDiluted,GrossProfit,GrossProfitRatio,TotalAssets,CommonStockEquity,CurrentAssets,CurrentLiability,TotalLiability,Inventory,RetainedEarnings,MarketCap,EnterpriseValue,bookValuePerShare,currentRatio,debtToAssets,debtToEquity,roic,shareholdersEquityPerShare,roe,priceToSalesRatio,peRatio,pbRatio,payoutRatio,inventoryTurnover,dividendYield,assetTurnover,quickRatio,returnOnAssets,priceToFreeCashFlowsRatio,grossProfitMargin,epsdilutedGrowth,fiveYNetIncomeGrowthPerShare,fiveYRevenueGrowthPerShare,fiveYShareholdersEquityGrowthPerShare,grossProfitGrowth,netIncomeGrowth,operatingIncomeGrowth,threeYNetIncomeGrowthPerShare,threeYRevenueGrowthPerShare,threeYShareholdersEquityGrowthPerShare,Industry,Sector,Symbol
2023Q1,2023,Q1,2023-05-10,2023-03-31,-4872000.0,28735000.0,-4793000.0,-0.21,23420000.0,0.8150339307,311134000.0,259870000.0,180562000.0,35037000.0,51264000.0,0.0,27288000.0,710053620.0,694958620.0,11.13696751521385,5.153466335588092,0.030173494378627857,0.03612575518528495,-0.02425570174764794,11.13696751521385,-0.018747835456189632,24.71040960501131,-36.43542795566502,2.732341632354639,0.0,0.0,0.0,0.09235570525882739,4.9032736821074865,-0.015658847956186082,-137.04953097857558,0.8150339307464765,-3.6249999999999996,-1.1193264322341872,0.5524208964121399,-0.024339708771408435,-0.14919896828568316,-3.511340206185567,-2.0528662420382164,-2.950524089908462,0.16920061925214178,0.0017248173024235775,Semiconductors,Technology,CEVA
2022Q4,2022,Q4,2023-03-01,2022-12-31,1940000.0,33402000.0,-1570000.0,0.08,27527000.0,0.8241123286,308442000.0,258871000.0,177648000.0,33278000.0,49571000.0,0.0,32160000.0,593379260.0,581779260.0,11.159675820149157,5.338301580623836,0.031399744522471,0.03741245639720169,-0.05500816787673619,11.159675820149157,0.0074940800630429825,17.764782348362374,76.46639948453607,2.292181279478968,0.0,0.0,0.0,0.1082926449705293,5.131077588797404,0.006289675206359704,210.34358738036158,0.8241123286030777,1.0833333333333335,-0.41785810142494056,0.4676582315321807,0.004220307075750991,0.07058960796515246,1.0869799139167862,-1.4440045248868778,-0.4013054966369189,0.11483514002447652,-0.026027170344965406,Semiconductors,Technology,CEVA
2022Q3,2022,Q3,2022-11-09,2022-09-30,-22304000.0,33660000.0,3536000.0,-0.96,25712000.0,0.7638740345,294814000.0,252297000.0,171169000.0,28062000.0,42517000.0,-6062000.0,30223000.0,608824530.0,586489530.0,10.869716944552152,6.0996721545150026,0.024337378821901266,0.02843870517683524,0.06755889749838442,10.869716944552152,-0.0884037463782764,18.08747860962567,-6.824163042503587,2.4131263154139764,0.0,-1.3111184427581657,0.0,0.11417368238957444,5.809849618701447,-0.07565448045208165,611.2696084337349,0.7638740344622698,-18.79381443298969,-4.60486008880994,0.3236370518596223,-0.0017124154022434069,-0.024952597648843382,-18.861086375779163,5.1070811744386875,-28.219558690887663,0.3563836434884071,-0.04305864579822981,Semiconductors,Technology,CEVA
2022Q2,2022,Q2,2022-08-09,2022-06-30,-1123000.0,33195000.0,579000.0,-0.0485,26370000.0,0.7943967465,319407000.0,273715000.0,173572000.0,31589000.0,45692000.0,-15787000.0,52529000.0,777719440.0,765448440.0,11.811297143350306,5.494697521289057,0.021971966800978064,0.02563980782931151,0.004123451776927878,11.811297143350306,-0.004102807664906929,23.428812773007984,-173.13433659839717,2.8413475330179203,0.0,-0.4323177297776652,0.0,0.10392696465637885,5.255310392858274,-0.003515890384368533,-83.56284946814226,0.7943967464979665,0.3392370572207085,-1.2692303581317397,0.5115818089594478,0.11667116726723295,-0.05777682495444313,0.33785377358490565,-0.6378986866791745,0.2969529343914431,0.7076988454077096,0.05905542372225996,Semiconductors,Technology,CEVA
2022Q1,2022,Q1,2022-05-10,2022-03-31,-1696000.0,34391000.0,1599000.0,-0.0734,27987000.0,0.8137884912,335040000.0,278079000.0,197304000.0,40787000.0,56961000.0,0.0,53759000.0,939136950.0,907214950.0,12.036488767692507,4.83742368892049,0.023447946513849093,0.02825096465392928,0.024227625310906515,12.036488767692507,-0.006098986259300414,27.307637172516067,-138.43410229952832,3.377230750973644,0.0,0.0,0.0,0.10264744508118434,4.557407997646309,-0.005062082139446036,105.34346045989905,0.8137884911750167,-1.4317647058823528,-1.382477551199058,0.4963567568953999,0.16976621938197403,-0.005224994668372787,-1.4373388344507478,-0.5284576820996756,0.29954928611702014,0.9226546560188467,0.07538043113062819,Semiconductors,Technology,CEVA
2021Q4,2021,Q4,2022-03-01,2021-12-31,3878000.0,34057000.0,3391000.0,0.17,28134000.0,0.8260856799,328659000.0,276732000.0,188980000.0,35440000.0,51927000.0,0.0,55485000.0,993525480.0,968776480.0,12.043869956913435,5.332392776523702,0.025570576189911123,0.030368732202997847,0.01321114669210329,12.043869956913435,0.014013558244077302,29.17243092462636,64.04883187209903,3.5902081436190976,0.0,0.0,0.0,0.10362412104947681,5.144187358916478,0.011799463882017532,96637.04697986577,0.8260856798895968,24.336826347305394,-0.3107739373758451,0.4852283115019317,0.20916353037747126,0.006223175965665236,24.221556886227546,1.0017709563164108,0.6022500629346142,0.5142192147147219,0.07091345282841725,Semiconductors,Technology,CEVA
2021Q3,2021,Q3,2021-11-09,2021-09-30,-167000.0,32790000.0,1694000.0,-0.007284623773173391,27960000.0,0.8526989935956084,317711000.0,269742000.0,180185000.0,30638000.0,47969000.0,0.0,51657000.0,978209750.0,953233750.0,11.76628135223555,5.8810953717605585,0.029278180484780193,0.03448480399789428,-0.0005956927943753193,11.76628135223555,-0.0006191101126261391,29.83256328148826,-1464.3858532934132,3.6264643622424395,0.0,0.0,0.0,0.10320700259040448,5.607872576538939,-0.0005256349323756495,158.82606754343237,0.8526989935956084,-1.728462377317339,-1.0452063798202393,0.6851058571999308,0.20867749080616813,0.04468689284112987,-1.53015873015873,0.06675062972292191,-1.0630121388668876,0.46932548084177794,0.05906546518292792,Semiconductors,Technology,CEVA
2021Q2,2021,Q2,2021-08-09,2021-06-30,315000.0,30457000.0,1588000.0,0.01,26764000.0,0.8787470860557507,310625000.0,265016000.0,161248000.0,29281000.0,45609000.0,0.0,51881000.0,1079527900.0,1060602900.0,11.611795118958945,5.506915747412998,0.025049496981891347,0.02936049144202614,0.0009170883491036891,11.611795118958945,0.0011886074803030761,35.444328069081,856.7681746031745,4.073444244875781,0.0,0.0,0.0,0.09805070422535211,5.252450394453741,0.0010140845070422536,-154.9932376166547,0.8787470860557507,1.0625,-0.8951037778857012,0.6076578983787922,0.23275517774404017,0.16259067807653882,1.0867768595041323,2.193984962406015,1.146134691206952,0.6880568151780644,0.05152686620660185,Semiconductors,Technology,CEVA
2021Q1,2021,Q1,2021-05-10,2021-03-31,-3630000.0,25402000.0,-1330000.0,-0.16,23021000.0,0.9062672230533029,315533000.0,261649000.0,178673000.0,36919000.0,53884000.0,0.0,51570000.0,1265957900.0,1220185900.0,11.605118424554245,4.83959478859124,0.008981627912135973,0.010831304533936686,-0.013698087478695102,11.605118424554245,-0.013873548150384676,49.83693803637509,-87.18718319559228,4.838382336641836,0.0,0.0,0.0,0.0805050501849252,4.621251929900593,-0.01150434344426732,89.55559564233164,0.9062672230533029,-6.333333333333334,-2.835447529495254,0.4004941699463055,0.27161043867664736,-0.10267004482557006,-6.716535433070866,-1.5525550477773162,-0.6342439691278275,0.42031894853709506,0.01667291445138713,Semiconductors,Technology,CEVA
2020Q4,2020,Q4,2021-03-01,2020-12-31,635000.0,28145000.0,2407000.0,0.03,25655000.0,0.9115295789660686,306952000.0,260889000.0,167559000.0,28180000.0,46063000.0,0.0,57350000.0,1012329500.0,999927500.0,11.725875320239112,5.946025550035486,0.009672522088144075,0.011380318832913615,0.0018677333317718028,11.725875320239112,0.002433985334759227,35.968360277136256,398.5549212598425,3.880307333770301,0.0,0.0,0.0,0.09169186061664364,5.72583392476934,0.002068727358023404,157.4629802457614,0.9115295789660686,2.0,-0.7461694400434976,0.6129132483839332,0.2911411439695836,0.14240548603998754,1.8592692828146145,1202.5,-0.8013346257310999,0.2893625222715835,0.05517062543713787,Semiconductors,Technology,CEVA
2020Q3,2020,Q3,2020-11-06,2020-09-30,-739000.0,24960000.0,2000.0,-0.03,22457000.0,0.8997195512820513,301564000.0,256571000.0,177598000.0,25891000.0,44993000.0,0.0,56910000.0,872557310.0,860955310.0,11.57654649641294,6.859449229461975,0.00830669443302251,0.009763379337493326,-5.365357971637964e-06,11.57654649641294,-0.0028802943434760747,34.95822556089744,-295.18176928281457,3.400841521450203,0.0,0.0,0.0,0.08276850021885901,6.593410837742845,-0.0024505577588836863,-160.2787123438648,0.8997195512820513,0.4000000000000001,-1.2060487391100365,0.41845178472387473,0.29172972649545886,0.09009271394592495,0.3220183486238532,1.001325381047051,-1.1250879285603828,0.02793271968648565,0.06320364171763153,Semiconductors,Technology,CEVA
2020Q2,2020,Q2,2020-08-10,2020-06-30,-1090000.0,23606000.0,-1509000.0,-0.05,20601000.0,0.8727018554604762,296306000.0,252381000.0,182476000.0,25078000.0,43925000.0,0.0,58629000.0,823876140.0,803676140.0,11.46300585910887,7.276337825982933,0.007532753302329349,0.00884377191626945,-0.0092713912264763,11.46300585910887,-0.004318867109647715,34.9011327628569,-188.96241743119265,3.2644142784124006,0.0,0.0,0.0,0.07966764088476103,7.0137570779169,-0.0036786295248830603,146.70159188034188,0.8727018554604762,0.0,-7.059916904037357,0.6504330267926842,0.3033071399797355,-0.012605444785276074,0.08016877637130802,0.0926037282020445,-1.2750512549412245,0.13142102995525765,0.08374279113694054,Semiconductors,Technology,CEVA
2020Q1,2020,Q1,2020-05-11,2020-03-31,-1185000.0,23615000.0,-1663000.0,-0.05,20864000.0,0.8835062460300657,295917000.0,249272000.0,181199000.0,27613000.0,46645000.0,0.0,60049000.0,558955530.0,546215530.0,11.117791356317738,6.5620903197769165,0.008025899154154713,0.00952774479283674,-0.009046926095847547,11.117791356317738,-0.004753843191373279,23.669512174465382,-117.92310759493671,2.242351848583074,0.0,0.0,0.0,0.07980278253699517,6.309274617028211,-0.004004501262178246,99.33455304780523,0.8835062460300657,-1.357142857142857,-3.220446439928175,0.5545274647094804,0.24219161183565843,-0.18145082192318254,-1.3870019595035925,-1.4809138230190861,-1.2753669739012872,0.058745784751424196,0.08048260699291926,Semiconductors,Technology,CEVA
2019Q4,2019,Q4,2020-02-28,2019-12-31,3062000.0,28312000.0,3458000.0,0.14,25489000.0,0.9002896298389376,297021000.0,251157000.0,178552000.0,26378000.0,45864000.0,0.0,62426000.0,590963200.0,578826200.0,11.457892335766424,6.768974145120934,0.00805666939374657,0.009527904856324928,0.009005566776654988,11.457892335766424,0.012191577379885889,20.873241028539134,48.249771391247556,2.3529632859127956,0.0,0.0,0.0,0.09531985953855114,6.554401395101979,0.010309035388070204,80.56758009543286,0.9002896298389376,3.6666666666666674,2.4596643147215786,0.8885798718442315,0.2932356294282776,0.2311147604327666,2.950967741935484,13.95131086142322,-0.4295575352578182,0.29422610036599656,0.15033337265880597,Semiconductors,Technology,CEVA
2019Q3,2019,Q3,2019-11-12,2019-09-30,775000.0,23471000.0,-267000.0,0.03,20704000.0,0.8821098376720208,293925000.0,249360000.0,174799000.0,25694000.0,44565000.0,0.0,59369000.0,655516580.0,650986580.0,11.358812007470505,6.8031057834513895,0.00830824189844348,0.009793070259865255,-0.0023494627113443472,11.358812007470505,0.0031079563683028555,27.92878786587704,211.45696129032257,2.628796037856914,0.0,0.0,0.0,0.07985370417623544,6.581964661010352,0.002636727056221825,-78.09346914462712,0.8821098376720208,1.4285714285714286,0.09540594207358738,0.5436588123105465,0.2883932930933222,0.3015653485886717,1.5125661375661377,0.8776912505726066,-0.7809211624211024,0.259600521769177,0.16682067891568278,Semiconductors,Technology,CEVA
2019Q2,2019,Q2,2019-08-09,2019-06-30,-1512000.0,18400000.0,-2183000.0,-0.07,15907000.0,0.8645108695652174,284765000.0,244645000.0,180486000.0,21332000.0,40120000.0,0.0,58751000.0,540722400.0,525640400.0,11.152671407731583,8.460810050628163,0.00640528154794304,0.0074557011179464125,-0.010021504711127005,11.152671407731583,-0.006180383821455578,29.38708695652174,-89.40515873015873,2.210232786282164,0.0,0.0,0.0,0.06461468228188155,8.11241327582974,-0.00530964128316331,-130.70398839738942,0.8645108695652174,0.3,0.061479934956738196,0.8913364305889812,0.277355697519744,0.06429813997056069,0.34175010883761425,0.2554570259208731,-1.5238613735918258,0.010507709052284632,0.18401274589416328,Semiconductors,Technology,CEVA
2019Q1,2019,Q1,2019-05-10,2019-03-31,-2297000.0,16969000.0,-2932000.0,-0.1,14946000.0,0.8807826035712181,286832000.0,245312000.0,183790000.0,22959000.0,41520000.0,0.0,60332000.0,598114930.0,585845930.0,11.192772733494548,8.005139596672329,0.00540037373793719,0.0063144077745890944,-0.012336567052616517,11.192772733494548,-0.009363585963996869,35.24750604042666,-65.09740204614715,2.438180480367858,0.0,0.0,0.0,0.05916006582250237,7.67280804913106,-0.008008172031014671,147.86524845488256,0.8807826035712181,-2.0,-2.117157781780105,0.19804934220398265,0.23744221473998045,-0.23022249690976515,-1.997394702561876,-2.3499079189686927,-2.1947711821873432,-0.03759462851782183,0.2264283848696448,Semiconductors,Technology,CEVA
2018Q4,2018,Q4,2019-03-04,2018-12-31,2303000.0,21401000.0,2172000.0,0.1,19416000.0,0.9072473248913602,277263000.0,245879000.0,177288000.0,21752000.0,31384000.0,0.0,62853000.0,482953670.0,460693670.0,11.246352284681883,8.150422949613828,0.0,0.0,0.009310668826957294,11.246352284681883,0.009366395666160997,22.566873977851504,52.42658163265306,1.9641924279828695,0.0,0.0,0.0,0.07718664228548346,7.908422214049283,0.00830619303693605,117.10806741028128,0.9072473248913602,-0.09090909090909087,-0.2697410888053987,0.5198884020771454,0.27754602945769485,0.0004637501932292472,-0.09437672040896579,0.00929368029739777,-0.06316121589875344,0.24808615173178672,0.23834065754274156,Semiconductors,Technology,CEVA
2018Q3,2018,Q3,2018-11-09,2018-09-30,2543000.0,21413000.0,2152000.0,0.11,19407000.0,0.9063185915098305,275251000.0,244388000.0,149493000.0,21063000.0,30863000.0,0.0,60570000.0,636593180.0,627381180.0,11.110060462790381,7.09742201965532,0.0,0.0,0.0075068112564429966,11.110060462790381,0.010405584562253465,29.72928501377668,62.582892253244204,2.6048463099661197,0.0,0.0,0.0,0.07779444942979317,6.8171200683663296,0.009238840185866718,-976.3699079754601,0.9063185915098305,2.2222222222222223,8.899908670349221,1.1475271183792566,0.23373072857614705,0.25158003353540564,2.216746411483254,1.808718526869598,-0.28560735493025075,0.22606248949674096,0.23967846260497733,Semiconductors,Technology,CEVA
2018Q2,2018,Q2,2018-08-09,2018-06-30,-2090000.0,17494000.0,-2661000.0,-0.09,15506000.0,0.8863610380701955,274817000.0,244366000.0,149938000.0,20850000.0,30451000.0,0.0,58068000.0,668295800.0,657595800.0,11.042794523024087,7.191270983213429,0.0,0.0,-0.0120800708720776,11.042794523024087,-0.008552744653511536,38.201429061392474,-79.9396889952153,2.7348149906288106,0.0,0.0,0.0,0.06365690623214722,6.891798561151079,-0.007605060822292653,-1083.137439222042,0.8863610380701955,0.10000000000000009,-1.9590957515051504,0.3627407362553673,0.22885027524200427,-0.005834455343976406,0.04216315307057745,0.08493810178817056,-12.56066484617255,0.21691705778275244,0.25553045371166294,Semiconductors,Technology,CEVA
2018Q1,2018,Q1,2018-05-09,2018-03-31,-2182000.0,17569000.0,-2908000.0,-0.1,15597000.0,0.8877568444419147,286542000.0,252815000.0,164326000.0,23543000.0,33727000.0,0.0,60204000.0,801757600.0000001,783375600.0000001,11.414800433447715,6.979824151552479,0.0,0.0,-0.012669568822649096,11.414800433447715,-0.008630817000573542,45.63478854801071,-91.86040329972502,3.1713213219152347,0.0,0.0,0.0,0.061313873707868304,6.804145605912585,-0.007614939520209952,1677.3171548117157,0.8877568444419147,-1.7142857142857142,-2.282596735265876,0.45327413907449216,0.28094925845663304,-0.20738896229291595,-1.689851406892191,-1.9240546552272004,-5.139016537457329,0.1707871741377658,0.2753764569569202,Semiconductors,Technology,CEVA
2017Q4,2017,Q4,2018-03-01,2017-12-31,3163000.0,21601000.0,3147000.0,0.14,19678000.0,0.9109763436877922,276812000.0,244670000.0,159076000.0,22795000.0,32142000.0,0.0,53873000.0,1016084550.0,994345550.0,11.1127764908934,6.978547927177012,0.0,0.0,0.010105119234478484,11.1127764908934,0.01292761678996199,47.03877366788575,80.31019206449572,4.152877549352189,0.0,0.0,0.0,0.07803491178128116,6.814169774073262,0.011426527751687066,170.02753514056224,0.9109763436877922,-0.4615384615384615,0.1628516390609566,0.6872563321627431,0.26392331102945316,-0.11829016937001524,-0.4593162393162393,-0.4932367149758454,2.5011683648232896,0.43456777650260897,0.2542829063801795,Semiconductors,Technology,CEVA
2017Q3,2017,Q3,2017-11-09,2017-09-30,5850000.0,24044000.0,6210000.0,0.26,22318000.0,0.9282149392779904,267175000.0,238956000.0,155829000.0,18467000.0,28219000.0,0.0,51235000.0,939288799.9999999,916357799.9999999,10.888362343935114,8.438241186982184,0.0,0.0,0.021622824754900426,10.888362343935114,0.024481494501079698,39.06541340875062,40.14054700854701,3.930802323440298,0.0,0.0,0.0,0.08999344998596426,8.189798018086316,0.021895761205202584,154.4628843940141,0.9282149392779904,0.5294117647058822,1.3148059992491556,1.0555927874636148,0.25584988535497344,0.17667527811462014,0.4969293756397134,1.8617511520737327,7.271185454096863,0.5818487108706462,0.23503170995959574,Semiconductors,Technology,CEVA
2017Q2,2017,Q2,2017-08-09,2017-06-30,3908000.0,20575000.0,2170000.0,0.17,18967000.0,0.9218469015795869,256283000.0,229653000.0,135208000.0,17180000.0,26630000.0,0.0,45465000.0,986810400.0000001,969707400.0000001,10.577238393515106,7.870081490104773,0.0,0.0,0.012624561299301016,10.577238393515106,0.017016977788228325,47.961623329283114,63.127584442169905,4.296962809107654,0.0,0.0,0.0,0.08028234412739042,7.589580908032596,0.015248767963540305,288.2881682734444,0.9218469015795869,-0.1052631578947368,0.1833778224669632,0.5947028768006063,0.25361120983512536,-0.03185136031851361,-0.04845385926467007,-0.5006902899217671,3.4507777738071894,1.136723940213143,0.2114492781177686,Semiconductors,Technology,CEVA
2017Q1,2017,Q1,2017-05-10,2017-03-31,4107000.0,21287000.0,4346000.0,0.19,19591000.0,0.9203269601165031,251609000.0,220178000.0,132048000.0,22556000.0,31431000.0,0.0,42946000.0,759629000.0,747008000.0,10.289653238620431,5.854229473310871,0.0,0.0,0.016486948983664117,10.289653238620431,0.018653089772820174,35.6851129797529,46.23989530070611,3.450067672519507,0.0,0.0,0.0,0.08460349192596449,5.650469941478986,0.01632294552261644,156.49546765554183,0.9203269601165031,-0.2083333333333333,-0.07107505905460326,0.5474496937494243,0.21178767405751586,0.0014312733220876144,-0.2103441645837339,-0.2909120574318812,1.0459082194880145,0.5393622779556314,0.1375958036208152,Semiconductors,Technology,CEVA
2016Q4,2016,Q4,2017-03-10,2016-12-31,5201000.0,21196000.0,6129000.0,0.24,19563000.0,0.9229571617286281,242495000.0,211551000.0,144712000.0,22595000.0,30944000.0,0.0,39431000.0,712568449.9999999,694167449.9999999,9.960497198549838,6.404602788227484,0.0,0.0,0.023001374714925495,9.960497198549838,0.024585088229315863,33.618062370258535,34.25151172851374,3.3683057513318295,0.0,0.0,0.0,0.08740798779356275,6.265102898871432,0.02144786490443102,58.71042679410068,0.9229571617286281,0.6,-0.543846587676658,-0.4344472279307908,-0.5518470302862307,0.19112274719922065,0.5351239669421488,0.6180042238648363,0.6976394972140836,0.5495558526755671,0.13147741821709974,Semiconductors,Technology,CEVA
2016Q3,2016,Q3,2016-11-09,2016-09-30,3388000.0,17846000.0,3788000.0,0.15,16424000.0,0.92031827860585,234487000.0,204675000.0,140076000.0,21279000.0,29812000.0,0.0,34492000.0,737346750.0,717348750.0,9.734839476813317,6.5828281404201325,0.0,0.0,0.01424098035914474,9.734839476813317,0.016553071943324782,41.317199932758044,54.4087035123967,3.6025247343349216,0.0,0.0,0.0,0.07610656454302371,6.444428779547911,0.014448562180419384,374.28769035532997,0.92031827860585,0.15384615384615377,-0.23625133874735416,0.337200090947482,0.17739045753011237,0.04611464968152866,0.249723349317595,0.43105402342274274,12.011502008150401,0.8725329939073271,0.08101757326388849,Semiconductors,Technology,CEVA
2016Q2,2016,Q2,2016-08-09,2016-06-30,2711000.0,17103000.0,2647000.0,0.13,15700000.0,0.9179676080219844,220106000.0,194077000.0,137118000.0,17828000.0,26029000.0,0.0,32191000.0,559810680.0,541146680.0,9.419384585517376,7.6911599730760605,0.0,0.0,0.011525904820896795,9.419384585517376,0.01396868253322135,32.73172425890195,51.62400221320546,2.8844771920423335,0.0,0.0,0.0,0.07770347014620228,7.476553735696657,0.01231679281800587,-300.97348387096775,0.9179676080219844,0.44444444444444453,-0.2625913869725133,0.33310356467379076,0.15832403577119158,0.05510752688172043,0.5061111111111111,0.45279912184412735,0.33615070837712585,0.43089135410986257,0.04819602650303446,Semiconductors,Technology,CEVA
2016Q1,2016,Q1,2016-05-10,2016-03-31,1800000.0,16508000.0,1822000.0,0.09,14880000.0,0.901381148534044,214218000.0,187272000.0,115863000.0,18778000.0,26946000.0,0.0,31160000.0,461700000.0,450385000.0,9.126315789473685,6.170145915432953,0.0,0.0,0.007738619175499821,9.126315789473685,0.009611687812379853,27.96825781439302,64.125,2.4653979238754324,0.0,0.0,0.0,0.07706168482573826,6.013845989988284,0.008402655239055541,-2638.285714285714,0.901381148534044,-0.18181818181818185,-0.5720218628704636,0.21281809803985557,0.17218355782252537,0.014799154334038054,-0.21875,-0.1822262118491921,0.14199722179348656,0.4738460476601428,0.024139450455240005,Semiconductors,Technology,CEVA
2015Q4,2015,Q4,2016-03-11,2015-12-31,2304000.0,16071000.0,2228000.0,0.11,14663000.0,0.9123887748117727,212649000.0,186095000.0,106027000.0,18983000.0,26554000.0,0.0,29547000.0,478669760.0,459760760.0,9.081792006246644,5.585365853658536,0.0,0.0,0.010393505209283579,9.081792006246644,0.01238077326096886,29.78469043618941,51.93899305555555,2.572179585695478,0.0,0.0,0.0,0.07557524371146819,5.3737554654164255,0.010834755865299155,45.34145685327271,0.9123887748117727,-0.3125,-0.7583898138818927,-0.45570154143685915,-0.5126706571190394,-0.019459676340778387,-0.30371713508612874,-0.361787453451733,-0.08987177850910774,0.34879236830362303,0.032927156595161655,Semiconductors,Technology,CEVA
2015Q3,2015,Q3,2015-11-09,2015-09-30,3309000.0,16235000.0,3491000.0,0.16,14954000.0,0.9210963966738528,208209000.0,183256000.0,98097000.0,16386000.0,24953000.0,0.0,24680000.0,379719360.0,363403360.0,8.96205007824726,5.986634932259245,0.0,0.0,0.016196291387522477,8.96205007824726,0.018056707556642074,23.388935016938714,28.688377153218493,2.072070546121273,0.0,0.0,0.0,0.07797453520260891,5.629805931893079,0.01589268475426134,74.82154876847291,0.9210963966738528,15.0,0.15015483219378734,0.5800464902346685,0.22773509332502426,0.26632229655347617,18.696428571428573,115.36666666666666,0.4052708534682783,0.48966014026111604,0.0336714749010399,Semiconductors,Technology,CEVA
2015Q2,2015,Q2,2015-08-10,2015-06-30,168000.0,13359000.0,30000.0,0.01,11809000.0,0.8839733512987499,207333000.0,180867000.0,86055000.0,17217000.0,26466000.0,0.0,21769000.0,399558520.0,387474520.0,8.795321921805096,4.998257536156125,0.0,0.0,9.319658805072181e-05,8.795321921805096,0.000928859327572194,29.909313571375105,594.5811309523809,2.209128917934173,0.0,0.0,0.0,0.06443257947360044,4.57989196724168,0.0008102906917856781,152.91179487179488,0.8839733512987499,-0.5,-0.9189541688400301,0.28964712223415423,0.2583010671281552,-0.06640841173215274,-0.654320987654321,-0.9467140319715808,-0.9462881157788982,0.0932163511346137,0.042418989255594564,Semiconductors,Technology,CEVA
2015Q1,2015,Q1,2015-05-11,2015-03-31,486000.0,13834000.0,563000.0,0.02,12649000.0,0.9143414775191557,211153000.0,182744000.0,107646000.0,19556000.0,28409000.0,0.0,22078000.0,435311760.0,421318760.0,8.950142031540798,5.504499897729597,0.0,0.0,0.002793423276734569,8.950142031540798,0.002659458039662041,31.46680352754084,223.9258024691358,2.382085102657269,0.0,0.0,0.0,0.06551647383650717,5.129372059725915,0.0023016485676263182,-414.9778455672069,0.9143414775191557,1.2,-0.7612348730379174,0.3200546462159431,0.2741763695603336,0.007246376811594203,1.2512926577042398,0.5509641873278237,-0.8848000810243187,0.053925310144501803,0.05403666609268064,Semiconductors,Technology,CEVA
2014Q4,2014,Q4,2015-03-13,2014-12-31,-1934000.0,13821000.0,363000.0,-0.1,12558000.0,0.9086173214673323,208009000.0,179049000.0,115640000.0,20459000.0,28960000.0,499000.0,24747000.0,366591260.0,350425260.0,8.85986441684398,5.65228017009629,0.0,0.0,-0.009926453199891324,8.85986441684398,-0.010801512435143452,26.524221112799363,-47.38770165460186,2.0474353947802,0.0,2.531062124248497,0.0,0.06644424039344451,5.411799208172442,-0.00929767461984818,153.83603021401595,0.9086173214673323,-4.333333333333334,-1.2972946455247134,-0.3929813420302755,-0.42418779599507117,-0.02219107685120299,-3.948170731707317,-0.7048780487804878,-1.1782665193647055,-0.6124319814805891,-0.6013678363116187,Semiconductors,Technology,CEVA
2014Q3,2014,Q3,2014-11-10,2014-09-30,656000.0,14098000.0,1230000.0,0.03,12843000.0,0.9109802808909065,210488000.0,179455000.0,129306000.0,22085000.0,31033000.0,0.0,27200000.0,273571200.0,259529200.0,8.816261360845001,5.854924156667422,0.0,0.0,0.005040673099280545,8.816261360845001,0.003655512524031094,19.40496524329692,104.25731707317073,1.5244557131314258,0.0,0.0,0.0,0.066977689939569,5.43119764546072,0.0031165672152331726,66.17590711175617,0.9109802808909065,1.4285714285714286,-0.6380284182794754,0.41181532712054375,0.31414943018046476,0.637093690248566,1.4298820445609437,1.5432862190812722,-0.8472519068201033,0.09113355803419051,0.06629205567016515,Semiconductors,Technology,CEVA
2014Q2,2014,Q2,2014-08-11,2014-06-30,-1526000.0,9215000.0,-2264000.0,-0.07,7845000.0,0.8513293543136191,200621000.0,181414000.0,134676000.0,11530000.0,19207000.0,0.0,26952000.0,306891060.0,283998060.0,8.731061699874868,11.680485689505637,0.0,0.0,-0.010310821334820267,8.731061699874868,-0.008411699207337912,33.30342485078676,-50.277041284403666,1.6916613932772553,0.0,0.0,0.0,0.04593237996022351,11.137901127493496,-0.007606382183320789,-86.54570219966159,0.8513293543136191,-1.777777777777778,-1.6191107599061725,-0.04996025095782825,0.3389388949201056,-0.37549753224008914,-1.768765743073048,-2.0614158462259726,-1.411605359658683,-0.28774626910324863,0.07367933997684217,Semiconductors,Technology,CEVA
2014Q1,2014,Q1,2014-05-12,2014-03-31,1985000.0,13674000.0,2133000.0,0.09,12562000.0,0.9186777826532104,212504000.0,191385000.0,145661000.0,13736000.0,21119000.0,0.0,28991000.0,371552040.0,343351040.0,9.045087196937473,10.604324403028539,0.0,0.0,0.008531805638160727,9.045087196937473,0.010371763722339786,27.172154453707765,46.79496725440806,1.941385375029391,0.0,0.0,0.0,0.06434702405601776,10.100611531741409,0.009341000639987954,78.68531130876747,0.9186777826532104,-0.3571428571428572,0.34116283726472,0.32857224681191377,0.43887075248500224,-0.0031740993493096334,-0.3654092071611253,-0.2277335264301231,-0.5422885171745225,-0.025730734898544817,0.16175056133276622,Semiconductors,Technology,CEVA
2013Q4,2013,Q4,2014-03-14,2013-12-31,3128000.0,13966000.0,2762000.0,0.14,12602000.0,0.9023342402978662,212327000.0,190895000.0,145610000.0,14177000.0,21432000.0,587000.0,27545000.0,330045700.0,305928700.0,8.803089693336407,10.270861254144036,0.0,0.0,0.013221750761402936,8.803089693336407,0.016385971345504072,23.63208506372619,26.378332800511508,1.7289384216454073,0.0,2.323679727427598,0.0,0.06577590226396078,9.934400790011992,0.014731993575946536,30.27109052554343,0.9023342402978662,15.000000000000002,0.3583275689800939,-0.41831166798854974,-0.34587715805849856,0.42010367365336937,10.68421052631579,3.45075421472937,-0.69004172421657,-0.5530386523028861,-0.5276258350086597,Semiconductors,Technology,CEVA
2013Q3,2013,Q3,2013-11-12,2013-09-30,-323000.0,10005000.0,-1127000.0,-0.01,8874000.0,0.8869565217391304,218049000.0,198764000.0,139969000.0,12251000.0,19285000.0,0.0,24540000.0,380742000.0,369135000.0,9.005255527364987,11.425108154436373,0.0,0.0,-0.003591025873229894,9.005255527364987,-0.0016250427642832705,38.0551724137931,-294.6919504643963,1.9155480871787647,0.0,0.0,0.0,0.04588418199578994,10.996734960411395,-0.0014813184192543878,332.81643356643355,0.8869565217391304,-1.0999999999999999,-1.2102466379066037,-0.10474709832115904,0.46980085397530386,-0.24283276450511945,-1.1485057471264368,-1.6209366391184572,-1.1040090698636331,-0.0979225748731212,0.2336539227939035,Semiconductors,Technology,CEVA
2013Q2,2013,Q2,2013-08-09,2013-06-30,2175000.0,12813000.0,1815000.0,0.1,11720000.0,0.9146960118629517,218072000.0,198480000.0,140988000.0,12870000.0,19592000.0,0.0,25403000.0,444169570.0,436630570.0,8.986281523067868,10.954778554778555,0.0,0.0,0.007886313860038912,8.986281523067868,0.010958282950423217,34.665540466713495,51.053973563218385,2.2378555521966947,0.0,0.0,0.0,0.05875582376462819,10.516860916860917,0.00997377013096592,1127.3339340101522,0.9146960118629517,0.25000000000000006,1.8701457340420076,0.15873411637813714,0.4770804214105092,0.11184897068589318,0.2756598240469208,0.3865546218487395,-0.02309681827959879,0.15164501934510907,0.2856206663632448,Semiconductors,Technology,CEVA
2013Q1,2013,Q1,2013-05-10,2013-03-31,1705000.0,12116000.0,1309000.0,0.08,10541000.0,0.8700066028392208,218756000.0,197802000.0,147057000.0,14229000.0,20954000.0,0.0,24074000.0,340945920.0,330945920.0,8.911204216786052,10.335020029517183,0.0,0.0,0.005536421821450716,8.911204216786052,0.008619730841953064,28.140138659623638,49.99207038123167,1.7236727636727636,0.0,0.0,0.0,0.05538590941505604,9.915876027830487,0.007794071934026953,916.5212903225806,0.8700066028392208,-0.3333333333333333,-0.7199163865358439,0.08956444943176795,0.4792625500711726,-0.11731703232289399,-0.3811252268602541,-0.4586435070306038,-0.22949062484608715,0.06346284393035123,0.2686330336816432,Semiconductors,Technology,CEVA
2012Q4,2012,Q4,2013-03-15,2012-12-31,2755000.0,12967000.0,2418000.0,0.12,11942000.0,0.9209531888640395,216333000.0,196068000.0,145652000.0,14107000.0,20265000.0,0.0,22885000.0,351225000.0,332803000.0,8.792286995515695,10.324803289147232,0.0,0.0,0.010803153106123623,8.792286995515695,0.014051247526368403,27.08606462558803,31.871597096188747,1.79134279943693,0.0,0.0,0.0,0.05993999990754993,10.121287304175231,0.012734996510010031,62.729951777103054,0.9209531888640395,0.09090909090909087,5.449502438675791,-0.3621432376561902,-0.3051519876257834,0.0895985401459854,0.062066306861989204,0.12569832402234637,-0.6162113016812291,-0.4838902721182782,-0.42857972594853994,Semiconductors,Technology,CEVA
2012Q3,2012,Q3,2012-11-09,2012-09-30,2594000.0,12006000.0,2148000.0,0.11,10960000.0,0.9128768948858904,213203000.0,195303000.0,152030000.0,12044000.0,17900000.0,0.0,20278000.0,319418680.0,297738680.0,8.670114534315902,12.622882763201595,0.0,0.0,0.009909543980073305,8.670114534315902,0.01328192603288224,26.604920872896884,30.784375481881263,1.6355031924752819,0.0,0.0,0.0,0.056312528435340965,12.260378611756892,0.012166808159359858,118.61072409951727,0.9128768948858904,-0.26666666666666666,1.034592081284808,0.19962638964557172,0.5268522126824471,-0.12884508385660917,-0.2543834435182524,-0.3293787074617546,0.2933844488455477,0.08644001322298962,0.2923648254659454,Semiconductors,Technology,CEVA
2012Q2,2012,Q2,2012-08-09,2012-06-30,3479000.0,13592000.0,3203000.0,0.15,12581000.0,0.9256180105944674,210437000.0,192989000.0,145833000.0,11751000.0,17448000.0,0.0,18032000.0,402793530.0,382286530.0,8.437415293140385,12.410262956344141,0.0,0.0,0.013823382851529509,8.437415293140385,0.018026934177595613,29.634603443201883,28.94463423397528,2.087132064521812,0.0,0.0,0.0,0.06458940205382134,12.028763509488554,0.016532263812922634,97.74169619024508,0.9256180105944674,-0.25000000000000006,5.888040738598062,0.35896555000435254,0.5161187413797427,-0.11662687824743716,-0.28371422688902614,-0.3033927794693345,0.28217958888213523,0.2729472715350926,0.2939071898600023,Semiconductors,Technology,CEVA
2012Q1,2012,Q1,2012-05-10,2012-03-31,4857000.0,15112000.0,4598000.0,0.2,14242000.0,0.9424298570672314,218446000.0,199605000.0,147654000.0,12884000.0,18841000.0,0.0,14657000.0,533843970.0,527521970.0,8.491300463691667,11.460260788574976,0.0,0.0,0.020173710731055897,8.491300463691667,0.024333057789133538,35.32583178930651,27.478071340333543,2.6745019914330803,0.0,0.0,0.0,0.06917956840592183,11.109282831418813,0.02223432793459253,96.55344004340749,0.9424298570672314,-0.6274469400370905,0.0,0.6159177793394934,0.5372523073076554,-0.05230236891136545,0.00082423243354626,-0.06639593908629442,1.9538404573777577,0.3216287473136991,0.3507756886970713,Semiconductors,Technology,CEVA
2011Q4,2011,Q4,2012-03-15,2011-12-31,4853000.0,15952000.0,4925000.0,0.5368362831858408,15028000.0,0.9420762286860582,219140000.0,200920000.0,149096000.0,12613000.0,18220000.0,0.0,9852000.0,273550400.0,203165400.0,22.22566371681416,11.820819789106478,0.0,0.0,0.02055250839228698,22.22566371681416,0.02415389209635676,17.148345035105315,14.091819493097052,1.361489149910412,0.0,0.0,0.0,0.07279364789632199,11.458653769919923,0.022145660308478598,30.846910239061796,0.9420762286860582,1.6841814159292037,7.381692573402418,0.977684106124473,0.8929180445248392,0.0706754060986036,-0.016616008105369808,0.04299025836509954,4.055208333333334,0.5937656109501449,0.6515013274809099,Semiconductors,Technology,CEVA
2011Q3,2011,Q3,2011-11-09,2011-09-30,4935000.0,14847000.0,4722000.0,0.2,14036000.0,0.9453761702700882,210675000.0,193392000.0,148198000.0,11501000.0,17283000.0,0.0,4999000.0,568610900.0,545915900.0,8.268148781530568,12.88566211633771,0.0,0.0,0.021884590667893878,8.268148781530568,0.025518118639861007,38.298033272715024,28.805010131712258,2.940198663853727,0.0,0.0,0.0,0.07047347810608758,12.32214590035649,0.023424706301174797,134.35985349716447,0.9453761702700882,0.1764705882352941,10.903784357803858,0.5472086278818878,0.5178522367162844,0.03878034339846063,0.1969439728353141,0.16939078751857356,2.0312737592473464,0.25365725565953584,0.3494933156488042,Semiconductors,Technology,CEVA
2011Q2,2011,Q2,2011-08-08,2011-06-30,4123000.0,14388000.0,4038000.0,0.17,13512000.0,0.939115929941618,208434000.0,187904000.0,148654000.0,14628000.0,20530000.0,0.0,64000.0,703839220.0,689460220.0,8.131908079802658,10.162291495761552,0.0,0.0,0.018633442729867028,8.131908079802658,0.02194205551771117,48.91848901862663,42.677614601018675,3.7457383557561306,0.0,0.0,0.0,0.06902904516537609,9.646773311457478,0.019780841897195277,193.15017014270032,0.939115929941618,-0.1052631578947368,16.739732548578353,0.4169186369656464,0.5058914215577596,-0.04197390811117414,-0.11352397333906687,-0.17186218211648893,4.200572908880395,0.24373129948334088,0.3366465520307647,Semiconductors,Technology,CEVA
2011Q1,2011,Q1,2011-05-09,2011-03-31,4651000.0,15052000.0,4876000.0,0.19,14104000.0,0.9370183364336965,195159000.0,176674000.0,135593000.0,12750000.0,18485000.0,0.0,-4059000.0,606557160.0,591499160.0,7.785739467653799,10.634745098039216,0.0,0.0,0.023678707204345572,7.785739467653799,0.026325322345110203,40.29744618655328,32.603588475596645,3.4331999049096074,0.0,0.0,0.0,0.07712685553830466,10.13592156862745,0.023831849927495017,60.99116742081448,0.9370183364336965,-0.5917280722605182,5.877381536344156,0.5544005742695797,0.4406335122067027,0.18600739993272788,0.10553838840028523,0.29439872577647996,-0.25263773848070087,0.3240652164255875,0.29243506701557237,Semiconductors,Technology,CEVA
2010Q4,2010,Q4,2011-03-15,2010-12-31,4207000.0,13026000.0,3767000.0,0.4653761061946903,11892000.0,0.9129433440810686,186608000.0,168468000.0,127582000.0,12654000.0,18140000.0,0.0,-8710000.0,185320000.0,143415000.0,18.6358407079646,10.082345503398136,0.0,0.0,0.022025264914792033,18.6358407079646,0.024972101526699434,14.22693075387686,11.012598050867602,1.1000308663959921,0.0,0.0,0.0,0.06980408128268885,9.616326853168959,0.022544585441138642,33.89793305286263,0.9129433440810686,2.5798162014976174,29.61904761904762,0.6958729332118212,0.6478827775767121,0.22927434360140583,0.40749414519906324,0.646416083916084,17.760956175298805,0.5806334182744811,0.47277686470608804,Semiconductors,Technology,CEVA
2010Q3,2010,Q3,2010-11-08,2010-09-30,2989000.0,10675000.0,2288000.0,0.13,9674000.0,0.9062295081967213,172206000.0,155074000.0,113493000.0,11879000.0,17132000.0,0.0,-12917000.0,303789200.0,280655200.0,7.299661080775748,9.554087044364003,0.0,0.0,0.01585776424647588,7.299661080775748,0.019274668867766357,28.45800468384075,25.40893275342924,1.958995060422766,0.0,0.0,0.0,0.06198970999849018,9.009344220894015,0.01735711879957725,66.3875,0.9062295081967213,0.3,6.010726669106126,0.13100283407134647,0.3457814309400494,-0.007387646213831316,0.4079133301931229,0.20738786279683377,1.485885265615412,0.1310019210858461,0.285508239700989,Semiconductors,Technology,CEVA
2010Q2,2010,Q2,2010-08-09,2010-06-30,2123000.0,10609000.0,1895000.0,0.1,9746000.0,0.918653973041757,162074000.0,147213000.0,104064000.0,10303000.0,14861000.0,0.0,-15340000.0,265368600.0,243140600.0,6.989839038982005,10.10035911870329,0.0,0.0,0.01121852503365849,6.989839038982005,0.01442128072928342,25.01353567725516,31.249246349505412,1.8026166167390107,0.0,0.0,0.0,0.06545775386551822,9.615354751043386,0.01309895479842541,97.45449871465296,0.918653973041757,0.11111111111111122,1.8525447483903128,-0.00914604696102643,0.2809077895516039,-0.014261151006372003,0.03108305002428363,-0.015072765072765074,3.5649435802756777,0.15197664095873625,0.25600383506594626,Semiconductors,Technology,CEVA
2010Q1,2010,Q1,2010-05-10,2010-03-31,2059000.0,10601000.0,1924000.0,0.09,9887000.0,0.9326478634091123,161693000.0,145079000.0,113641000.0,11873000.0,16614000.0,0.0,-17441000.0,240825640.0,213751640.0,7.024256802556406,9.571380443021983,0.0,0.0,0.01100601490523729,7.024256802556406,0.01419226766106742,22.717256862560134,29.240607090820788,1.659962089620138,0.0,0.0,0.0,0.065562516621004,9.131390549987366,0.012734008274940783,86.90928906531938,0.9326478634091123,-0.7204123711340206,1.9692395972280585,-0.04538928400722704,0.26007891979809306,0.06552430218773575,-0.29243986254295534,0.2826666666666667,0.0,0.2901410192679199,0.2716609220252205,Semiconductors,Technology,CEVA
2009Q4,2009,Q4,2010-03-15,2009-12-31,2910000.0,10185000.0,1500000.0,0.3219026548672566,9279000.0,0.9110456553755523,155444000.0,139096000.0,113034000.0,11865000.0,16348000.0,0.0,-19500000.0,116254400.0,64094400.0,15.386725663716813,9.526675094816687,0.0,0.0,0.008134060225006779,15.386725663716813,0.020920802898717433,11.41427589592538,9.987491408934709,0.8357853568758268,0.0,0.0,0.0,0.06552198862612903,8.983817951959544,0.018720568178894007,33.18709677419355,0.9110456553755523,2.5766961651917404,14.56149732620321,0.1108081579234377,0.35638572779841826,0.053234960272417704,0.6600114090131204,-0.06015037593984962,4.0259067357512945,0.2627076617902305,0.31045853235729154,Semiconductors,Technology,CEVA
2009Q3,2009,Q3,2009-11-06,2009-09-30,1753000.0,9659000.0,1596000.0,0.09,8810000.0,0.912102702143079,146098000.0,132088000.0,103893000.0,9673000.0,14010000.0,0.0,-22053000.0,211656750.0,202999750.0,6.70872060541419,10.740514835108034,0.0,0.0,0.009865506664101112,6.70872060541419,0.013271455393374114,21.912905062635883,30.184932972047918,1.602391965962086,0.0,0.0,0.0,0.06611315692206601,10.146076708363486,0.011998795329162617,145.06973954763538,0.912102702143079,-0.25,1.933845312465989,-0.0680826663135537,0.21353181782427788,0.10706207589846695,-0.24276457883369332,1.1167108753315649,4.023268273262129,0.19577342923818475,0.23157515007217186,Semiconductors,Technology,CEVA
2009Q2,2009,Q2,2009-08-07,2009-06-30,2315000.0,9110000.0,754000.0,0.12,7958000.0,0.8735455543358946,141209000.0,127255000.0,99359000.0,9923000.0,13954000.0,0.0,-23498000.0,169390200.0,161175200.0,6.520881373302588,10.013000100775974,0.0,0.0,0.004383711076846116,6.520881373302588,0.01819181957486936,18.593874862788144,18.29267818574514,1.3311084043848964,0.0,0.0,0.0,0.06451430149636354,9.401088380530082,0.016394139183763076,-677.5608,0.8735455543358946,0.7142857142857141,3.413681575783603,-0.10399343649070582,0.18707089160015825,-0.04155124653739612,0.6922514619883041,-0.3267857142857143,11.464296045461898,0.062277222161915245,0.2075566059879087,Semiconductors,Technology,CEVA
2009Q1,2009,Q1,2009-05-08,2009-03-31,1368000.0,9513000.0,1120000.0,0.07,8303000.0,0.8728056343950383,137081000.0,122940000.0,95576000.0,10549000.0,14141000.0,0.0,-25791000.0,142374960.0,126891960.0,6.286240220892775,9.060195279173382,0.0,0.0,0.0078086871644704745,6.286240220892775,0.011127379209370425,14.96635761589404,26.018815789473685,1.1580849194729137,0.0,0.0,0.0,0.0693969259051218,8.496729547824438,0.009979501170840599,153.25614639397202,0.8728056343950383,-0.34083333333333327,2.1342110385628463,-0.032536174418347975,0.14833024280141738,-0.06539846915803692,0.425,16.555555555555557,2.664550696810763,0.13987380724000462,0.16317382126952115,Semiconductors,Technology,CEVA
2008Q4,2008,Q4,2009-03-13,2008-12-31,960000.0,10009000.0,-72000.0,0.10619469026548672,8884000.0,0.8876011589569388,137586000.0,121659000.0,96025000.0,12139000.0,15927000.0,0.0,-26972000.0,63280000.0,49952000.0,13.457853982300884,7.910453908888706,0.0,0.0,-0.0003939981900024122,13.457853982300884,0.007890908194214978,6.322309921071036,16.479166666666668,0.5201423651353373,0.0,0.0,0.0,0.07274722718881281,7.415684982288492,0.006977454101434739,-904.0,0.8876011589569388,0.5170670037926673,1.10030299864173,0.042169929196168236,0.23538013180475012,-0.023843533677617844,-0.315751960085531,-1.0918367346938775,7.53061224489796,0.3030855357375341,0.19001692212886254,Semiconductors,Technology,CEVA
2008Q3,2008,Q3,2008-11-10,2008-09-30,1403000.0,10206000.0,784000.0,0.07,9101000.0,0.8917303546933176,139556000.0,123499000.0,96989000.0,11904000.0,16057000.0,0.0,-27928000.0,167303100.0,156159100.0,6.126854194572605,8.14759744623656,0.0,0.0,0.004984088441560823,6.126854194572605,0.011360415873812743,16.39262198706643,29.811671418389167,1.3546919408254319,0.0,0.0,0.0,0.07313193270085128,7.702872983870968,0.010053311932127605,84.0719095477387,0.8917303546933176,1.3333333333333337,2.1114481479119074,-0.014347520320675116,0.026831865643529,0.03244469653998865,1.0303907380607815,12.517241379310345,3.478807867672731,0.1396244820396946,0.12956019654774295,Semiconductors,Technology,CEVA
2008Q2,2008,Q2,2008-08-08,2008-06-30,691000.0,10083000.0,58000.0,0.03,8815000.0,0.8742437766537737,140056000.0,122528000.0,97250000.0,13465000.0,17528000.0,0.0,-29209000.0,160515800.0,117422800.0,6.0838133068520355,7.222428518380988,0.0,0.0,0.0005415440114566595,6.0838133068520355,0.005639527291721076,15.919448576812457,58.07373371924747,1.3100336249673543,0.0,0.0,0.0,0.07199263151882104,6.859190493873004,0.004933740789398526,169.3204641350211,0.8742437766537737,-0.888888888888889,18.383982435451838,-0.00394303264405687,0.01028070886909118,-0.009216589861751152,-0.8746144075485393,1.0184478371501273,1.2901781841191085,-0.015208058702433072,0.11487600951386319,Semiconductors,Technology,CEVA
2008Q1,2008,Q1,2008-05-09,2008-03-31,5511000.0,10067000.0,-3144000.0,0.27,8897000.0,0.883778682825072,138378000.0,121054000.0,96019000.0,13600000.0,17324000.0,0.0,-29900000.0,153726750.0,101225750.0,6.024085593431201,7.060220588235294,0.0,0.0,-0.016773823090566894,6.024085593431201,0.04552513754192344,15.270363564120393,6.97363228089276,1.2699022750177609,0.0,0.0,0.0,0.07275000361329113,6.198676470588235,0.039825694835884315,-22.767587381516588,0.883778682825072,10.724302788844621,4.756812773808476,0.022833620282173825,-0.000655759159703307,0.21610169491525424,22.95617529880478,-2.0703125,7.168371289008787,-0.06825793792601359,0.08065856370448204,Semiconductors,Technology,CEVA
2007Q4,2007,Q4,2008-03-14,2007-12-31,-251000.0,8241000.0,-1024000.0,-0.027765486725663716,7316000.0,0.8877563402499696,128989000.0,114388000.0,87266000.0,9954000.0,14601000.0,0.0,-35411000.0,110378400.00000001,69681400.00000001,12.653539823008849,8.76692786819369,0.0,0.0,-0.2808686225827884,12.653539823008849,-0.0021942861139280343,13.393811430651622,-109.9386454183267,0.9649473721019689,0.0,0.0,0.0,0.0638891688438549,8.589612216194494,-0.001945902363767453,11.539822268687926,0.8877563402499696,-1.5553097345132743,0.9897190136806749,0.4554927587424939,0.0392106984519224,-0.05331262939958592,-1.2257194244604317,-255.0,-2.342245989304813,-0.101210600937943,0.11544724960750465,Semiconductors,Technology,CEVA
2007Q3,2007,Q3,2007-11-09,2007-09-30,1112000.0,8729000.0,-4000.0,0.05,7728000.0,0.8853247794707297,125757000.0,111564000.0,80009000.0,10046000.0,14193000.0,0.0,-35160000.0,176233590.0,133554590.0,5.678424186898763,7.964264383834362,0.0,0.0,-3.4193389323163385e-05,5.678424186898763,0.009967372987702125,20.189436361553444,39.62086106115108,1.5796636011616652,0.0,0.0,0.0,0.06941164308945029,7.659864622735417,0.008842450122060799,137.89795774647888,0.8853247794707297,1.5,0.04086363126719736,0.65196847610532,9.381329854955776,0.017243648808740294,1.586046511627907,0.9130434782608695,0.8650371921558362,-0.15601033032278513,0.027162827491034228,Semiconductors,Technology,CEVA
2007Q2,2007,Q2,2007-08-09,2007-06-30,430000.0,8515000.0,-46000.0,0.02,7597000.0,0.892190252495596,123850000.0,108370000.0,78120000.0,11642000.0,15480000.0,0.0,-36272000.0,165520500.0,122494500.0,5.565141477943819,6.7101872530493045,0.0,0.0,-0.0003146945490067553,5.565141477943819,0.003967887791824306,19.43869641808573,96.2328488372093,1.5273645842945465,0.0,0.0,0.0,0.0687525232135648,6.429737158563821,0.003471941865159467,13.150115198220385,0.892190252495596,0.0,-0.8003800133518204,-0.13879303525903186,4.7826297655876004,0.1306742074713499,0.0,0.9441747572815534,-0.1784118818311911,-0.16070785584444167,0.013086587213590772,Semiconductors,Technology,CEVA
2007Q1,2007,Q1,2007-05-10,2007-03-31,0.0,7726000.0,-824000.0,0.0,6719000.0,0.8696608853222884,122146000.0,107270000.0,76471000.0,10938000.0,14876000.0,0.0,-36702000.0,140406600.0,103229600.0,5.5236869207003085,6.99131468275736,0.0,0.0,,5.5236869207003085,0.0,18.17325912503236,0.0,1.3089083620770021,0.0,0.0,0.0,0.06325217362828091,6.682300237703419,0.0,35.136786786786786,0.8696608853222884,-1.0,1.0,-0.1877337380320135,-0.08366761613979576,-0.0473557351481639,-1.0,-0.95260663507109,-1.0,-0.20872954043649597,0.009031872775927863,Semiconductors,Technology,CEVA
