Quarters,Year,Quarter,FillingDate,Date,NetIncome,Revenue,OperatingIncome,EPSDiluted,GrossProfit,GrossProfitRatio,TotalAssets,CommonStockEquity,CurrentAssets,CurrentLiability,TotalLiability,Inventory,RetainedEarnings,MarketCap,EnterpriseValue,bookValuePerShare,currentRatio,debtToAssets,debtToEquity,roic,shareholdersEquityPerShare,roe,priceToSalesRatio,peRatio,pbRatio,payoutRatio,inventoryTurnover,dividendYield,assetTurnover,quickRatio,returnOnAssets,priceToFreeCashFlowsRatio,grossProfitMargin,epsdilutedGrowth,fiveYNetIncomeGrowthPerShare,fiveYRevenueGrowthPerShare,fiveYShareholdersEquityGrowthPerShare,grossProfitGrowth,netIncomeGrowth,operatingIncomeGrowth,threeYNetIncomeGrowthPerShare,threeYRevenueGrowthPerShare,threeYShareholdersEquityGrowthPerShare,Industry,Sector,Symbol
2023Q1,2023,Q1,2023-05-10,2023-03-31,35833000.0,106971000.0,53592000.0,1.07,106971000.0,1.0,9842394000.0,1090245000.0,2550175000.0,1643000.0,8752149000.0,0.0,564538000.0,1384770242.5,1841854242.5,32.744269163481825,1552.145465611686,0.057650506573908744,0.5204509078234709,0.02319998319887974,32.744269163481825,0.03286692440689937,12.94528650288396,9.66127761072196,1.2701459236226722,0.2782909608461474,0.0,0.007201194605393176,0.0108683923850234,1557.3244065733415,0.003640679290018262,36.69043088601558,1.0,-0.018348623853211024,0.7761022938416983,0.31583784913868634,0.48773150402413595,-0.06803450078410873,-0.014032963706903668,-0.028338319282023388,1.0290986673144835,0.3018090454113875,0.14869465802525586,Banks—Regional,Financial Services,TCBK
2022Q4,2022,Q4,2023-03-01,2022-12-31,36343000.0,114780000.0,55155000.0,1.09,114780000.0,1.0,9930986000.0,1046416000.0,130777000.0,29004000.0,8884570000.0,0.0,542873000.0,1699498178.71,2034822178.71,31.39559224505925,4.508929802785823,0.044562946720496835,0.4229235791501659,0.02585886680208772,31.39559224505925,0.034730929190685156,14.806570645669977,11.690684442052117,1.6241133341902265,0.27518366673086975,0.0,0.005884678268729441,0.011557764757698782,89.70652323817404,0.0036595560601938217,31.234459552480196,1.0,-0.02678571428571431,7.3702455944598295,0.40666173993222077,0.4241706109143859,0.060813308687615523,-0.02664845465745353,0.026215904439400143,0.4479049935638206,0.3616602956596726,0.05261150524694222,Banks—Regional,Financial Services,TCBK
2022Q3,2022,Q3,2022-11-09,2022-09-30,37338000.0,108200000.0,53746000.0,1.12,108200000.0,1.0,9976879000.0,990338000.0,2764369000.0,853000.0,8986541000.0,0.0,516699000.0,1488988200.0,1419288200.0,29.697073287753387,3240.7608440797185,0.017721874746601616,0.17853399546417487,0.032593143941373734,29.697073287753387,0.03770227942379269,13.761443622920517,9.969656917885263,1.503515163509832,0.26793079436499007,0.0,0.0067186563332066705,0.010845074897670904,3240.7608440797185,0.003742452925408838,42.61069711538462,1.0,0.20430107526881724,1.1581567453768273,0.3384673863901401,0.34392072069341034,0.08424438587876905,0.19047315393444714,0.11668398088510284,0.46011476719766714,0.256267373098514,0.010443924619836311,Banks—Regional,Financial Services,TCBK
2022Q2,2022,Q2,2022-08-08,2022-06-30,31364000.0,99793000.0,48130000.0,0.93,99793000.0,1.0,10120611000.0,1042177000.0,3128629000.0,755000.0,9078434000.0,0.0,491705000.0,1531724040.0,1208231040.0,31.053216531092637,4143.879470198675,0.0163404166013297,0.15868225838797057,0.028309837066294325,31.053216531092637,0.03009469600653248,15.34901285661319,12.209252965183012,1.4697350258161521,0.2665157505420227,0.0,0.005457249335852951,0.009860373054551745,4147.463576158941,0.003099022381158608,42.901830098311066,1.0,0.3880597014925373,0.5748418602658465,0.2320021774484958,0.4252225445649392,71.57672727272727,0.5394129773240405,0.6307515077590297,0.23431466069443763,0.1627175452082341,0.07985757145048367,Banks—Regional,Financial Services,TCBK
2022Q1,2022,Q1,2022-05-10,2022-03-31,20374000.0,83020000.0,29514000.0,0.67,1375000.0,0.0165622742,10118328000.0,1109182000.0,3429467000.0,653000.0,9009146000.0,0.0,479868000.0,1202901500.0,334886500.0,36.9112146422629,5251.863705972435,0.016570721961177776,0.15116365032970244,0.016285521772936715,36.9112146422629,0.018368491374724797,14.489297759576006,14.760252036909787,1.084494248914966,0.3648277216059684,0.0,0.006179225813584903,0.008204912906559265,5256.153139356815,0.0020135737841271797,35.15816624773485,0.016562274150807035,-0.2872340425531914,0.2837364627902362,0.19570988618122,0.7344267448620976,-0.9837771511497575,-0.27808092977110055,-0.2596884641432764,-0.09233045862867818,0.10985513650170739,0.3160934489576674,Banks—Regional,Financial Services,TCBK
2021Q4,2021,Q4,2022-03-01,2021-12-31,28222000.0,86285000.0,39867000.0,0.94,84757000.0,0.9822912441,8614787000.0,1000184000.0,3002223000.0,51015000.0,7614603000.0,0.0,466959000.0,1276934061.3600001,642959061.3600001,33.64927441455903,58.84980887974125,0.015606421841886514,0.1344212664869664,0.025091293776453895,33.64927441455903,0.028216808107308256,14.799027193139018,11.311512838919992,1.2766991487166361,0.26337608957550845,0.0,0.005820974022796036,0.01001591797916768,58.84980887974125,0.003275995100052967,40.91950462603346,0.9822912441328157,0.021739130434782507,0.7307388988247433,0.21593683190600746,0.6104398634506164,0.03640254340914649,0.02917365618846182,0.0,0.24447823716524691,0.17402683571357785,0.23729121362582253,Banks—Regional,Financial Services,TCBK
2021Q3,2021,Q3,2021-11-08,2021-09-30,27422000.0,81780000.0,0.0,0.92,81780000.0,1.0,8458030000.0,982014000.0,0.0,0.0,7476016000.0,0.0,446948000.0,1289568417.2,680188417.2,33.04935746839877,0.0,0.015471214928298907,0.13325268275197705,0.0,33.04935746839877,0.02792424547918869,15.768750516018587,11.756695510903654,1.3131874058821973,0.27091386478010354,0.0,0.005760842077794025,0.009668918175981877,0.0,0.0032421261215673154,32.35812654505307,1.0,-0.03157894736842096,0.7267462083222512,0.2033868469112245,0.5653929770300608,0.003386336866902238,-0.033142937733587195,0.0,0.7128500996938937,0.13655986656964728,0.23654889029236228,Banks—Regional,Financial Services,TCBK
2021Q2,2021,Q2,2021-08-06,2021-06-30,28362000.0,83055000.0,0.0,0.95,81504000.0,1.0,8170365000.0,966780000.0,0.0,0.0,7203585000.0,0.0,427575000.0,1265418115.74,750796115.74,32.53113882910311,0.0,0.015313636538881677,0.12941724073729288,0.0,32.53113882910311,0.02933656054117793,15.235905312624165,11.154168568330865,1.3088997659653694,0.26197024187292856,0.0,0.005871577076052079,0.010165396527572514,0.0,0.003471325944434551,74.68237226983003,0.9813256275961713,-0.15929203539823006,1.3138491436731168,0.23975053497498083,0.565406970748952,0.001831479319033864,-0.15712205414722577,0.0,0.4594640113761754,0.1347232084881463,0.45932702418535737,Banks—Regional,Financial Services,TCBK
2021Q1,2021,Q1,2021-05-07,2021-03-31,33649000.0,82601000.0,0.0,1.13,81355000.0,1.0,8031612000.0,942539000.0,0.0,0.0,7089073000.0,0.0,408211000.0,1408176611.34,920402611.3399999,31.70630166021118,0.0,0.015158600788982336,0.12917025184103786,0.0,31.70630166021118,0.03570037950684269,17.047936602946695,10.462247104965972,1.4940247685666057,0.2208683764747838,0.0,0.005277747080977164,0.010284485854147337,0.0,0.004189569914482921,34.33907070181428,0.984915436859118,0.43037974683544283,1.4160146221714538,0.2614130437329379,0.5587058199489622,-0.003539757973641664,0.4223697003001226,0.0,0.8680651897273683,0.13803779027970922,0.44057158889336234,Banks—Regional,Financial Services,TCBK
2020Q4,2020,Q4,2021-03-01,2020-12-31,23657000.0,83179000.0,0.0,0.79,81644000.0,1.0,7639529000.0,925114000.0,0.0,0.0,6714415000.0,0.0,381999000.0,1049820997.6800001,492791997.68000007,31.089130425212282,0.0,0.014728918497462343,0.12163041527854945,0.0,31.089130425212282,0.025571983560944922,12.621226483607643,11.094189855856618,1.1348017624638693,0.27666229868537856,0.0,0.006234396163216205,0.010887974900023287,0.0,0.003096656875050805,29.36890834443015,0.981545822863944,0.3389830508474578,0.5848564002807759,0.23046370375310485,0.565733272726658,0.05651099292156787,0.3436896512552539,0.0,5.102757453742696,0.1417898096811767,0.410268853183981,Banks—Regional,Financial Services,TCBK
2020Q3,2020,Q3,2020-11-06,2020-09-30,17606000.0,78591000.0,0.0,0.59,77277000.0,1.0,7449799000.0,902262000.0,0.0,0.0,6547537000.0,0.0,365611000.0,728917862.02,189811862.01999998,30.313972988349846,0.0,0.015232088812060568,0.12576834666648934,0.0,30.313972988349846,0.01951317909875402,9.27482615083152,10.350418351982277,0.8078782681970424,0.37203226172895604,0.0,0.008985923299846755,0.010549412138501992,0.0,0.002363285237628559,52.80100413038754,0.9832805283047678,1.3599999999999999,0.060464294312047744,0.18107269908866389,0.556054123821496,0.028686669683980724,1.3695827725437415,0.0,0.14017789098688863,0.0892644571708534,0.371838094307565,Banks—Regional,Financial Services,TCBK
2020Q2,2020,Q2,2020-08-10,2020-06-30,7430000.0,76332000.0,0.0,0.25,75122000.0,1.0,7360071000.0,885686000.0,0.0,0.0,6474385000.0,0.0,354645000.0,906000134.55,325857134.54999995,29.767256837544803,0.0,0.017079862408936,0.1419340488615604,0.0,29.767256837544803,0.008388977583477666,11.869204718204685,30.484526734522206,1.0229360456753296,0.8807537012113055,0.0,0.00722295698471428,0.010371095604920116,0.0,0.001009501131171153,30.5534055424409,0.9841481947282922,-0.5283018867924528,-0.5002823084858754,0.17605722885408895,0.5703664065670648,0.019571118349619977,-0.5391104770175548,0.0,-0.5791878735846818,0.06294786984819521,0.3662019679103086,Banks—Regional,Financial Services,TCBK
2020Q1,2020,Q1,2020-05-11,2020-03-31,16121000.0,75012000.0,0.0,0.53,73680000.0,1.0,6474309000.0,866426000.0,0.0,0.0,5607883000.0,0.0,356935000.0,906376037.28,827549037.28,28.505633707545186,0.0,0.016471101394758884,0.12307917814100684,0.0,28.505633707545186,0.01860632067828066,12.083080537513997,14.055828380373425,1.046109000976425,0.4133738601823708,0.0,0.007352356776772708,0.011586101312124583,0.0,0.0024899954574302834,27.645215557860062,0.9822428411454167,-0.2933333333333333,0.4460267734805927,0.22589488004640818,0.5249489104788476,-0.04151110301674234,-0.29571865443425077,0.0,0.004234768477076283,0.06811382474271663,0.339455608838177,Banks—Regional,Financial Services,TCBK
2019Q4,2019,Q4,2020-03-02,2019-12-31,22890000.0,76871000.0,0.0,0.75,76871000.0,1.0,6471181000.0,906570000.0,0.0,0.0,5564611000.0,0.0,367794000.0,1240416032.24,1067135032.24,29.826381422359486,0.0,0.015951647774957924,0.11386434583098934,0.0,29.826381422359486,0.02524901552003706,16.136332716368983,13.547575712538228,1.3682517976990194,0.29331585845347313,0.0,0.005412700114715182,0.011878975414225008,0.0,0.003537221412907474,48.995379872812734,1.0,-0.013157894736842117,1.999090610016767,0.30102584334397225,0.6048654801244037,-0.008154523050720617,-0.021585808933532805,0.0,0.3727548372469524,0.059355349675645604,0.4274778419670148,Banks—Regional,Financial Services,TCBK
2019Q3,2019,Q3,2019-11-08,2019-09-30,23395000.0,78796000.0,0.0,0.76,77503000.0,1.0,6384883000.0,896665000.0,0.0,0.0,5488218000.0,0.0,351751000.0,1107478769.1,950528769.0999999,29.3901250372963,0.0,0.015990426136234602,0.11386303692014298,0.0,29.3901250372963,0.026091126563432276,14.055012552667646,11.834566885018166,1.2351087296816536,0.2868134216712973,0.0,0.00605880689293297,0.012341024886438796,0.0,0.0036641235242681814,26.42201524752475,0.9835905375907407,0.013333333333333345,0.5027870874065338,0.1582870748306525,0.7737261423300668,0.011484802213434609,0.014483326828845237,0.0,0.43475685543144277,0.12924506189076443,0.3920723079536473,Banks—Regional,Financial Services,TCBK
2019Q2,2019,Q2,2019-08-09,2019-06-30,23061000.0,77893000.0,0.0,0.75,76623000.0,1.0,6395172000.0,875886000.0,0.0,0.0,5519286000.0,0.0,335145000.0,1171735686.69,1096011686.69,28.756770663173118,0.0,0.015614591757657182,0.11400798734081832,0.0,28.756770663173118,0.026328768812379694,15.042888150283082,12.702568044425654,1.3377719094608203,0.25120333029790554,0.0,0.004943947739924579,0.012179969514502504,0.0,0.003606001527402234,107.73590352059581,0.9836955824014995,0.013513513513513526,1.5131539357738115,0.1952020394826964,0.7774188749248717,0.02972678770611872,0.01474082548622723,0.0,0.8356811297093415,0.13445656365731268,0.3837833802512861,Banks—Regional,Financial Services,TCBK
2019Q1,2019,Q1,2019-05-09,2019-03-31,22726000.0,75734000.0,0.0,0.74,74411000.0,1.0,6471852000.0,853278000.0,0.0,0.0,5618574000.0,0.0,319865000.0,1206014653.76,987061653.76,28.0460438971839,0.0,0.01541367138803545,0.11690797137626893,0.0,28.0460438971839,0.026633758282763646,15.924349087067895,13.266904137991729,1.413390071887474,0.2544222476458682,0.0,0.004794303271501237,0.011702059935857618,0.0,0.003511514169359868,59.103879135506006,0.9825309636358834,-0.026315789473684233,0.632542995128166,0.18813609935111578,0.756752864139785,-0.010794570809459872,-0.02089526517599414,0.0,0.5943556372847747,0.13005013328719667,0.37876477419452675,Banks—Regional,Financial Services,TCBK
2018Q4,2018,Q4,2019-03-01,2018-12-31,23211000.0,75223000.0,0.0,0.76,75223000.0,1.0,6352441000.0,827373000.0,0.0,0.0,5525068000.0,0.0,303490000.0,1027982593.73,873330593.73,27.19592125442437,0.0,0.011472912538660335,0.08808723514061977,0.0,27.19592125442437,0.02805385237371778,13.665801599643727,11.072148913553917,1.2424657243226453,0.24923527637757958,0.0,0.005627527192857734,0.011841589713308632,0.0,0.0036538710080109365,34.88826043543187,1.0,0.43396226415094336,1.3425697213757257,0.20410391840627598,0.7422857259569652,0.05236429770565193,0.43543599257884974,0.0,0.5209439474138203,0.08841588484848793,0.3696606565738511,Banks—Regional,Financial Services,TCBK
2018Q3,2018,Q3,2018-11-09,2018-09-30,16170000.0,72675000.0,0.0,0.53,71480000.0,1.0,6318865000.0,802115000.0,0.0,0.0,5516750000.0,0.0,287555000.0,1124523673.29,1237807673.29,26.727093225230078,0.0,0.05377975316769705,0.423663689121884,0.0,26.727093225230078,0.020159204104149654,15.473321957894736,17.385956606215213,1.401948191082326,0.31978973407544836,0.0,0.004598391410357145,0.011501274358607124,0.0,0.0025590038717396243,44.37041008877841,0.9835569315445476,-0.1846153846153846,0.17654510735729678,0.11633202318823362,0.7502715871847435,0.26276366462919126,0.0759198882161155,0.0,-0.03405973273075454,0.08316284544161599,0.3719351022336823,Banks—Regional,Financial Services,TCBK
2018Q2,2018,Q2,2018-08-09,2018-06-30,15029000.0,56606000.0,0.0,0.65,56606000.0,1.0,4863153000.0,512344000.0,0.0,0.0,4350809000.0,0.0,276877000.0,860729790.5500001,886456790.5500001,22.29187720775816,0.0,0.043138474154524854,0.409469028621395,0.0,22.29187720775816,0.02933380697343972,15.205628211673675,14.317815399394505,1.6799841328287246,0.2601636835451461,0.0,0.00454265675816976,0.011639773620118471,0.0,0.0030903818983281013,117.73078792914787,1.0,0.08333333333333341,0.6569975725950054,0.1596113969305727,0.49287721594956135,0.009919714540588761,0.08044572250179727,0.0,0.3085549012951268,0.1290423536393328,0.1760040670670263,Banks—Regional,Financial Services,TCBK
2018Q1,2018,Q1,2018-05-10,2018-03-31,13910000.0,56050000.0,0.0,0.6,56050000.0,1.0,4779957000.0,505256000.0,0.0,0.0,4274701000.0,0.0,266235000.0,854431215.5799999,793398215.5799999,22.009528651448523,0.0,0.025511944981931847,0.24135487752743165,0.0,22.009528651448523,0.027530598350143293,15.244089484032113,15.356420121854779,1.69108573788337,0.28058950395398996,0.0,0.0045679510870288,0.011726046907953355,0.0,0.002910068019440342,39.715125759040625,1.0,3.615384615384615,0.14385653211726745,0.13941537764998652,0.4922132189691534,-0.0021719005910418,3.653730344596855,-1.0,0.6520056356799281,0.21282500318146702,0.1774306469214004,Banks—Regional,Financial Services,TCBK
2017Q4,2017,Q4,2018-03-01,2017-12-31,2989000.0,56172000.0,17818000.0,0.13,56172000.0,1.0,4761315000.0,505808000.0,0.0,0.0,4255507000.0,0.0,255200000.0,868679640.78,842275640.78,22.04482525088885,0.0,0.037599696722439076,0.3539366716224338,0.004364574085323116,22.04482525088885,0.0059093569101319075,15.46463791177099,72.65637677985949,1.7174098487568406,1.3057878889260621,0.0,0.004493025756302335,0.011797581130423004,0.0,0.0006277677490357181,164.70982949943118,1.0,-0.7450980392156863,-0.558697879925123,0.15112280927314295,0.537467659234115,0.010487686412779506,-0.7487601916449526,-0.06354128343932307,-0.4812101722238801,0.2594038667704075,0.18616397207353802,Banks—Regional,Financial Services,TCBK
2017Q3,2017,Q3,2017-11-09,2017-09-30,11897000.0,55589000.0,19027000.0,0.51,55589000.0,1.0,4656435000.0,506733000.0,0.0,0.0,4149702000.0,0.0,256114000.0,934473091.25,901979091.25,22.097340141039616,0.0,0.03340323659623725,0.3069466563259152,0.0179638910237923,22.097340141039616,0.02347784730814847,16.81039578423789,19.636738069471296,1.844113352100613,0.3278137345549298,0.0,0.004173474909569794,0.011938102861953404,0.0,0.0025549588902239588,70.40936492239301,1.0,-0.12068965517241372,0.6528159478319794,0.115385085155439,0.5554904372665422,0.005789864119126454,-0.12451247332401207,-0.10402147297042758,0.01672022802640472,0.08715257135695635,0.3335986095460035,Banks—Regional,Financial Services,TCBK
2017Q2,2017,Q2,2017-08-09,2017-06-30,13589000.0,55269000.0,21236000.0,0.58,55269000.0,1.0,4519935000.0,498944000.0,0.0,0.0,4020991000.0,0.0,248637000.0,804920940.0,716592940.0,21.788328180404896,0.0,0.01754914617134981,0.1589777610312981,0.023499606581757503,21.788328180404896,0.02723552142124166,14.563696466373555,14.808318124954006,1.613249062018984,0.28677606887924056,0.0,0.004841469275230932,0.012227830709954899,0.0,0.0030064591636826637,173.4743405172414,1.0,0.11538461538461527,0.7828057780600557,0.05673884493599026,0.5603103306575518,0.04590958121227031,0.12501034853878631,0.09289280016468529,0.9697360260565435,0.12798695230657717,0.34670844005805634,Banks—Regional,Financial Services,TCBK
2017Q1,2017,Q1,2017-05-10,2017-03-31,12079000.0,52843000.0,19431000.0,0.52,52843000.0,1.0,4527954000.0,486718000.0,0.0,0.0,4041236000.0,0.0,240664000.0,812587692.51,560791692.51,21.281506844613187,0.0,0.015881345084336106,0.14774468994366347,0.021622618271909033,21.281506844613187,0.024817245304262426,15.37739516132695,16.81819050645749,1.6695246374902921,0.2840466926070039,0.0,0.00422231351966702,0.011670392411230326,0.0,0.002667650775604169,47.71227129998238,1.0,-0.03703703703703707,1.146848312080883,0.10867336154627495,0.5524991282187868,-0.01703900742201306,-0.03622436766935291,-0.051544882120369014,0.154294198698846,0.10282516517395823,0.33303464258781307,Banks—Regional,Financial Services,TCBK
2016Q4,2016,Q4,2017-03-15,2016-12-31,12533000.0,54541000.0,20487000.0,0.54,53759000.0,1.0,4517968000.0,477347000.0,0.0,0.0,4040621000.0,0.0,232440000.0,780863394.14,549411394.14,20.894461928221435,0.0,0.01641445888948306,0.15535868037297815,0.022725006210256627,20.894461928221435,0.026255533186549825,14.316998114079317,15.576146855102529,1.6358401626908727,0.2736774914226442,0.0,0.004392573689252796,0.012072019987746704,0.0,0.0027740346987849404,92.30063760520095,0.9856621624099301,0.018867924528301903,0.3385219539065956,0.010027176992480031,0.5425530725862907,0.02980671608911365,0.027379293384703664,0.029859749660684665,0.684411807739436,0.16260177017659105,0.33858759291594315,Banks—Regional,Financial Services,TCBK
2016Q3,2016,Q3,2016-11-09,2016-09-30,12199000.0,52203000.0,19893000.0,0.53,52203000.0,1.0,4467131000.0,481890000.0,0.0,0.0,3985241000.0,0.0,226647000.0,611021716.36,371785716.36,21.112498876225704,0.0,0.01698002588238402,0.15740521695822698,0.021872120084196638,21.112498876225704,0.025314905891386002,11.704724179836408,12.521963201082055,1.2679692800431632,0.28067874415935734,0.0,0.0056037288173611454,0.011686023982730751,0.0,0.0027308355183673816,42.81562023404106,1.0,0.29268292682926844,0.3199615263635989,-0.005016553359906978,0.6001812864911515,0.015563293971168998,0.2970760233918129,0.3341157534705922,0.16707677985253558,0.0543394076301074,0.38258981648796836,Banks—Regional,Financial Services,TCBK
2016Q2,2016,Q2,2016-08-09,2016-06-30,9405000.0,51403000.0,14911000.0,0.41,51403000.0,1.0,4352492000.0,473868000.0,0.0,0.0,3878624000.0,0.0,217935000.0,629353222.8000001,488598222.8000001,20.781266109693465,0.0,0.017468383629424246,0.1604476352064288,0.017103140758575667,20.781266109693465,0.019847299247891817,12.243511522673776,16.729219106858054,1.3281192711894452,0.3639553429027113,0.0,0.005438917091376814,0.011810015963268859,0.0,0.0021608310825154877,35.18101754150596,1.0,-0.10869565217391314,1.3699245251182484,0.1962488975967634,0.6147149744944945,0.024249790778304706,-0.11888701517706576,-0.1346912720519963,0.04515384278731306,0.06137317775066375,0.3917122548543838,Banks—Regional,Financial Services,TCBK
2016Q1,2016,Q1,2016-05-10,2016-03-31,10674000.0,50186000.0,17232000.0,0.46,50186000.0,1.0,4394956000.0,463436000.0,0.0,0.0,3931520000.0,0.0,213563000.0,576862141.8,263174141.79999995,20.341427647488583,0.0,0.017108248637756555,0.16224462493202946,0.01981709015160798,20.341427647488583,0.023032306510499832,11.49448335790858,13.51091769252389,1.2447503901293815,0.3202173505714821,0.0,0.005925159153857304,0.011418999416603943,0.0,0.0024286932565422727,-173.54456732851983,1.0,-0.07999999999999996,1.6537975706742762,0.12502884773216946,0.5986138000712761,-0.029791018230324588,-0.06548765540185607,-0.08389154704944178,-0.11556885869753904,0.027972371963234186,0.3791184585994933,Banks—Regional,Financial Services,TCBK
2015Q4,2015,Q4,2016-03-10,2015-12-31,11422000.0,51727000.0,18810000.0,0.5,51727000.0,1.0,4220722000.0,452116000.0,0.0,0.0,3768606000.0,0.0,206307000.0,624803119.9200001,390140119.9200001,19.855955651419404,0.0,0.016300054824743254,0.1521689124030116,0.021926843970405865,19.855955651419404,0.025263427969813058,12.078858621609605,13.675431621432326,1.3819531268966372,0.27324461565400104,0.0,0.004995173520259652,0.01225548614668296,0.0,0.0027061720719819974,80.29856315640664,1.0,-0.09090909090909098,1.5450777927264,0.10957364457205954,0.5714716126159157,0.016686976689335272,-0.10020482117535844,-0.10692241952331212,0.6993084055831714,0.06816665075995491,0.384809782332627,Banks—Regional,Financial Services,TCBK
2015Q3,2015,Q3,2015-11-09,2015-09-30,12694000.0,50878000.0,21062000.0,0.55,50878000.0,1.0,4021628000.0,443345000.0,0.0,0.0,3578283000.0,0.0,199331000.0,559150620.21,413131620.21000004,19.48131014485672,0.0,0.015734672625116,0.1427308303916814,0.02505605735219808,19.48131014485672,0.028632329224418905,10.990027520932427,11.01210454171262,1.2612088107681376,0.25642035607373564,0.0,0.005821329499335118,0.012651095526488278,0.0,0.0031564331658721296,32.37136688531234,1.0,0.12244897959183684,8845.710208387556,0.147542856909611,0.5392783633485492,0.025435343437600774,0.11683969734295267,0.12043834450473455,0.7770557780175815,0.028682933959764925,0.3713411407135374,Banks—Regional,Financial Services,TCBK
2015Q2,2015,Q2,2015-08-10,2015-06-30,11366000.0,49616000.0,18798000.0,0.49,49616000.0,1.0,3893855000.0,431144000.0,0.0,0.0,3462711000.0,0.0,189905000.0,547015470.3000001,440616470.3000001,18.955612341847143,0.0,0.0162060477341863,0.14636409181155252,0.022996552338097477,18.955612341847143,0.026362421835859944,11.024981262092874,12.031837724353334,1.2687535262000633,0.2602498680274503,0.0,0.005407525308887045,0.012742128302158144,0.0,0.0029189582046583655,45.512560970130636,1.0,0.36111111111111116,5.00421387982746,0.1441714842564708,0.48520727794507945,0.08443162197014403,0.3634836852207294,0.3385075477072059,0.5013002404974141,-0.04489486000182264,0.3574532894875029,Banks—Regional,Financial Services,TCBK
2015Q1,2015,Q1,2015-05-11,2015-03-31,8336000.0,45753000.0,14044000.0,0.36,45753000.0,1.0,3895860000.0,424833000.0,0.0,0.0,3471027000.0,0.0,181600000.0,548403426.9399999,332591426.93999994,18.692845059703778,0.0,0.016791157793144516,0.1539805052808986,0.017003604290880756,18.692845059703778,0.01962182787118703,11.98617417305969,16.44683981945777,1.2908682398495408,0.3017034548944338,0.0,0.004586039905026273,0.011744005174723939,0.0,0.0021397072790089993,44.74936164341085,1.0,0.43999999999999995,2.7250358024496135,0.07887186621769435,0.47676770580468375,0.0460458629598299,0.4753982300884956,0.4659707724425887,0.49094038725755496,-0.034020482615338854,0.36365464489957977,Banks—Regional,Financial Services,TCBK
2014Q4,2014,Q4,2015-03-13,2014-12-31,5650000.0,43739000.0,9580000.0,0.25,43739000.0,1.0,3916458000.0,418172000.0,0.0,0.0,3498286000.0,0.0,176057000.0,555763436.8,10583436.799999952,18.584972878877952,0.0,0.01673655124094271,0.15674889758281282,0.011680310923674851,18.584972878877952,0.013511186784385372,12.706359011408582,24.59130251327434,1.3290307261127,0.4398230088495575,0.0,0.004471326891002845,0.011167999248300378,0.0,0.0014426300499073398,114.4016955125566,1.0,-0.5,0.7177613765471914,0.01197785482386696,0.4655747321601821,0.21561379617020093,-0.3138207432596551,0.0,-0.3873267847094994,-0.1775892087472644,0.37205289692216303,Banks—Regional,Financial Services,TCBK
2014Q3,2014,Q3,2014-11-07,2014-09-30,8234000.0,35981000.0,0.0,0.5,35981000.0,1.0,2794943000.0,267380000.0,0.0,0.0,2527563000.0,0.0,172892000.0,365011588.5,49235588.5,16.569708443653976,0.0,0.01928590314721982,0.2015969780836263,0.0,16.569708443653976,0.030795123045852343,10.144564867568995,11.082450464537287,1.3651417028199566,0.2155695895069225,0.0,0.004862859306177891,0.012873607798083896,0.0,0.002946035035419327,40.66528392379679,1.0,0.6666666666666667,2.572375775243114,0.13929365761075602,0.2954058028147118,0.042625325992465955,0.694587363655073,-1.0,0.2602076932429801,-0.02996401479689209,0.2558692142315243,Banks—Regional,Financial Services,TCBK
2014Q2,2014,Q2,2014-08-08,2014-06-30,4859000.0,34510000.0,8396000.0,0.3,34510000.0,1.0,2724481000.0,260943000.0,0.0,0.0,2463538000.0,0.0,166433000.0,373214647.0,76144647.0,16.178949750597543,0.0,0.017365876289832816,0.18131545969809498,0.01576287241773072,16.178949750597543,0.018620924876313984,10.814681164879746,19.202235387939904,1.4302535304645076,0.36530150236674214,0.0,0.004755976257276955,0.012666632654072463,0.0,0.0017834589413543351,-208.38338749302065,1.0,-0.33333333333333337,0.8928434603801341,0.08439097360351401,0.27687591053606936,0.02330684379077215,-0.3402579769178547,-0.32317613865376865,0.7310621795458879,0.13545021579267483,0.2571126463607548,Banks—Regional,Financial Services,TCBK
2014Q1,2014,Q1,2014-05-09,2014-03-31,7365000.0,33724000.0,12405000.0,0.45,33724000.0,1.0,2755184000.0,256977000.0,0.0,0.0,2498207000.0,0.0,163402000.0,417384034.17,-36909965.82999998,15.964706516028354,0.0,0.017406097015662113,0.18661981422461932,0.02415276748411132,15.964706516028354,0.028660152465006597,12.376468810639308,14.167821933808554,1.6242077468800709,0.24059742023082145,0.0,0.0042454906151926895,0.012240198839714516,0.0,0.0026731427011771267,38.97507089083948,1.0,0.40625,1.5044044997072974,0.11604671815323526,0.2557579934812823,0.021536970284433406,0.40660809778456836,0.43543161305253414,1.5917217063462406,0.07002808855484124,0.25465137417538647,Banks—Regional,Financial Services,TCBK
2013Q4,2013,Q4,2014-03-07,2013-12-31,5236000.0,33013000.0,8642000.0,0.32,33013000.0,1.0,2744066000.0,250946000.0,0.0,0.0,2493120000.0,0.0,159733000.0,456094900.94,-88365099.06,15.60933482336072,0.0,0.019645300076601657,0.214819124433145,0.01717543479829689,15.60933482336072,0.020865046663425597,13.815615089207283,21.77687647727273,1.817502175527803,0.3378533231474408,0.0,0.0038785787702386846,0.012030687308541413,0.0,0.0019081173703547948,77.14731071380244,1.0,-0.2888888888888889,0.21141933387355208,0.12553067961992212,0.24402010654478204,-0.0532006424228519,-0.28868360277136257,-0.295737918670035,0.6524249541957112,0.002967901441524976,0.2353787950254079,Banks—Regional,Financial Services,TCBK
2013Q3,2013,Q3,2013-11-08,2013-09-30,7361000.0,34868000.0,12271000.0,0.45,34868000.0,1.0,2632106000.0,245452000.0,0.0,0.0,2386654000.0,0.0,156266000.0,366162621.92,-104497378.07999998,15.27025486840003,0.0,0.026780836334099008,0.28718445969069306,0.02329858011913579,15.27025486840003,0.029989570262210125,10.501394456808535,12.435899399538107,1.4917891152648992,0.2403206086129602,0.0,0.0048311867298855395,0.013247186853416998,0.0,0.0027966198929678366,24.432015875091746,1.0,0.15384615384615383,0.1564302754892585,0.1573433067007909,0.25811527740488915,0.02429423342439999,0.16379446640316206,0.15796923657638953,7262.12452425876,0.11344632272259683,0.20654990588256905,Banks—Regional,Financial Services,TCBK
2013Q2,2013,Q2,2013-08-09,2013-06-30,6325000.0,34041000.0,10597000.0,0.39,34041000.0,1.0,2587931000.0,239326000.0,0.0,0.0,2348605000.0,0.0,150789000.0,342188341.95000005,-195578658.04999995,14.932157159072965,0.0,0.021016016269367305,0.22725487410477757,0.02153455402193971,14.932157159072965,0.02642838638509815,10.05224117828501,13.525230907114626,1.4298001134435874,0.2792094861660079,0.0,0.005160900543648693,0.01315375100804465,0.0,0.00244403734102648,186.98816500000004,1.0,-0.2641509433962264,1.7323864438288556,0.10947291660041407,0.25936083875010396,-0.007290542707999183,-0.2538633950690103,-0.12261963901308164,3.741614369759117,0.11400945952351425,0.16996212457433077,Banks—Regional,Financial Services,TCBK
2013Q1,2013,Q1,2013-05-10,2013-03-31,8477000.0,34291000.0,12078000.0,0.53,34291000.0,1.0,2612433000.0,236030000.0,0.0,0.0,2376403000.0,0.0,148497000.0,267881548.67999998,-476901451.32000005,14.749586970321229,0.0,0.022005540429170814,0.24356225903486844,0.02440330742988737,14.749586970321229,0.03591492606872008,7.812007485346008,7.900246215642326,1.134947035037919,0.16998938303645159,0.0,0.005379243203201568,0.013126078257317987,0.0,0.00324486790666019,26.670803333333332,1.0,0.8275862068965519,1.0731306435196204,0.20316471636337952,0.23435927363297088,0.058625586564583845,0.7952138924184667,0.485243482538121,4.379853124906912,0.14838082778607117,0.1652433667619084,Banks—Regional,Financial Services,TCBK
2012Q4,2012,Q4,2013-03-18,2012-12-31,4722000.0,34020000.0,8132000.0,0.29,32392000.0,1.0,2609269000.0,229359000.0,0.0,0.0,2379910000.0,0.0,141639000.0,267935294.75,-430528705.25,14.338399327287583,0.0,0.01932916843759689,0.2198954477478538,0.016876702145149646,14.338399327287583,0.02058781211986449,7.875817012051734,14.185477273930537,1.1681917637851578,0.30495552731893266,0.0,0.005374431917764354,0.01303813443535335,0.0,0.0018097022576054826,13.135370857437003,0.952145796590241,-0.06451612903225812,-0.17970103069801482,0.1853492763970065,0.20262889752555993,-0.0680706599919443,-0.05936254980079681,-0.058360352014821676,1.019381027555868,0.10717015872177403,0.13069822004302714,Banks—Regional,Financial Services,TCBK
2012Q3,2012,Q3,2012-11-09,2012-09-30,5020000.0,34758000.0,8636000.0,0.31,34758000.0,1.0,2515481000.0,227197000.0,0.0,0.0,2288284000.0,0.0,138474000.0,261805410.00000003,248283410.00000003,14.206027637091227,0.0,0.020076478415062566,0.22228286465050154,0.0180771266731245,14.206027637091227,0.022095362174676603,7.532234593474884,13.038118027888446,1.152327759609502,0.28665338645418326,0.0,0.0054964486791926875,0.013817635672859386,0.0,0.001995642185331553,-204.21638845553824,1.0,-0.060606060606060656,-0.26580673262865473,0.20375454688710445,0.2353013528166827,-0.048012927610857,-0.056568314226649125,-0.015616094836429955,1.1975264200260565,0.11045597245869312,0.11061523493988418,Banks—Regional,Financial Services,TCBK
2012Q2,2012,Q2,2012-08-09,2012-06-30,5321000.0,36511000.0,8773000.0,0.33,36511000.0,1.0,2525618000.0,223229000.0,0.0,0.0,2302389000.0,0.0,134893000.0,246183198.8,341466198.8,13.964099161749944,0.0,0.06449906517929473,0.729743895282423,0.013780368736872911,13.964099161749944,0.02383650869734667,6.7427131220728,11.566585171960158,1.1028280322001174,0.27062582221386955,0.0,0.005849302499192321,0.014456263773856537,0.0,0.0021068110854452256,25.743302185506643,1.0,0.32000000000000006,-0.21571720644385917,0.2483522227731906,0.24443993852995377,0.09639350169664575,0.35359959297888577,0.3729264475743349,1.0913113483698202,0.15750346008893165,0.10207535759958002,Banks—Regional,Financial Services,TCBK
2012Q1,2012,Q1,2012-05-10,2012-03-31,3931000.0,33301000.0,6390000.0,0.25,33301000.0,1.0,2532908000.0,219038000.0,0.0,0.0,2313870000.0,0.0,131044000.0,278353448.36,383197448.36,13.707902605413945,0.0,0.07082215382477373,0.8189720505117833,0.009866373511635846,13.707902605413945,0.017946657657575398,8.358711400858834,17.70245792164844,1.2707998080698326,0.36581022640549476,0.0,0.005166093714564679,0.01314733894796021,0.0,0.001551971094094219,16.35929758213341,1.0,-0.39024390243902435,-0.3937939537315794,0.17997982647160637,0.24811098935350417,-0.11829807514098864,-0.39975568789128113,0.0,0.3465411454270026,0.11015962769465631,0.07824144799210828,Banks—Regional,Financial Services,TCBK
2011Q4,2011,Q4,2012-03-14,2011-12-31,6549000.0,37769000.0,0.0,0.41,37769000.0,1.0,2555597000.0,216441000.0,0.0,0.0,2339156000.0,0.0,128551000.0,227220782.76000002,267347782.76000002,13.545376363089508,0.0,0.0445214953687925,0.5256813635124583,0.0,13.545376363089508,0.030257668371519258,6.0160656294844985,8.673873215758132,1.0498047170360514,0.21957550771110093,0.0,0.0063286464492065195,0.014778934237283891,0.0,0.0025626106150539387,27.873010642787047,1.0,0.024999999999999883,-0.059265255317989374,0.3238532803518375,0.26942367352732904,0.028287503403212632,0.012210200927357032,-1.0,0.5244643721718477,0.295553219083258,0.07952841918550047,Banks—Regional,Financial Services,TCBK
2011Q3,2011,Q3,2011-11-14,2011-09-30,6470000.0,36730000.0,10788000.0,0.4,36730000.0,1.0,2488467000.0,210824000.0,0.0,0.0,2277643000.0,0.0,123440000.0,196062330.0,239960330.0,13.193816884661118,0.0,0.049892966231820636,0.5889130269798505,0.019314528286678945,13.193816884661118,0.03068910560467499,5.337934386060441,7.575824188562596,0.929981074260995,0.2222565687789799,0.0,0.007334402279111954,0.014760091252968193,0.0,0.0025999942936755843,38.42852410819287,1.0,1.352941176470588,-0.05862619073531067,0.2791153586360472,0.26679792745263387,0.22417011065191308,1.3348971490436665,1.4811407543698252,0.022486561225883363,0.22638488160996117,0.08703769078701434,Banks—Regional,Financial Services,TCBK
2011Q2,2011,Q2,2011-08-09,2011-06-30,2771000.0,30004000.0,4348000.0,0.17,30004000.0,1.0,2176184000.0,204915000.0,0.0,0.0,1971269000.0,0.0,118408000.0,232461200.0,280059200.0,12.869928400954654,0.0,0.046168890130613954,0.49031061659712566,0.009073732673623961,12.869928400954654,0.013522680135666008,7.747673643514198,20.97268134247564,1.1344274455261938,0.5193071093468062,0.0,0.0061902803564637884,0.013787437091716509,0.0,0.0012733298287277179,48.09873784398924,1.0,0.0,-0.5806744127526373,0.07730756521632608,0.2869248223845727,-0.03381206929864108,-0.010357142857142856,-0.007759014148790507,0.2050021684151311,-0.015618908835628359,0.08543485398771908,Banks—Regional,Financial Services,TCBK
2011Q1,2011,Q1,2011-05-10,2011-03-31,2800000.0,31054000.0,4382000.0,0.17,31054000.0,1.0,2195738000.0,201811000.0,0.0,0.0,1993927000.0,0.0,118906000.0,258678850.77999997,303170850.78,12.72441639536806,0.0,0.045095999613797275,0.4906521448285772,0.009307582355483164,12.72441639536806,0.013874367601369599,8.329968789205898,23.096325962499996,1.281787666579126,0.5096428571428572,0.0,0.005516492731033619,0.014142853109068569,0.0,0.001275197678411541,25.293717686516082,1.0,-0.15,-0.5748767687896833,0.11423730222765573,0.3104860598050411,-0.04366839122936684,-0.10428662827895073,-0.09798270893371758,-0.30908773096385894,0.09936744274221429,0.06487736984054102,Banks—Regional,Financial Services,TCBK
2010Q4,2010,Q4,2011-03-11,2010-12-31,3126000.0,32472000.0,4858000.0,0.2,32472000.0,1.0,2189789000.0,200397000.0,0.0,0.0,1989392000.0,0.0,117533000.0,256141228.7,302145228.7,12.635262063924033,0.0,0.0471543148677795,0.5152671946186819,0.0102945777280137,12.635262063924033,0.015599035913711283,7.88806444629219,20.48474317818298,1.2781689780785142,0.4564939219449776,0.0,0.005571145290598038,0.014828825973644036,0.0,0.0014275347990148823,16.18279180566085,1.0,3193.5652000000005,-0.5394060170303605,0.17600299328699018,0.3300646680478107,0.050907796368814526,3125.0,12.066059225512529,-0.4522992823206303,0.1411144927095448,0.05977877579156901,Banks—Regional,Financial Services,TCBK
2010Q3,2010,Q3,2010-11-10,2010-09-30,1000.0,30899000.0,-439000.0,6.260632902405623e-05,30899000.0,1.0,2229618000.0,200728000.0,0.0,0.0,2028890000.0,0.0,115834000.0,243770321.06,304260321.06,12.656131995825005,0.0,0.04862716393570558,0.5401339125582878,3.2346966501483037e-06,12.656131995825005,4.981866007731856e-06,7.889262469982848,60942.580265,1.2144310761826949,1428.0,0.0,0.005857973168310844,0.013858427766550144,0.0,4.48507322779059e-07,21.35339182375613,1.0,-0.9992174208871993,-0.9998340684552394,0.15562276160206812,0.35689551484198245,0.02185991136979959,-0.9992424242424243,-1.2398907103825136,-0.9998525211793728,0.07907234279161245,0.10052840774779168,Banks—Regional,Financial Services,TCBK
2010Q2,2010,Q2,2010-08-11,2010-06-30,1320000.0,30238000.0,1830000.0,0.08,30238000.0,1.0,2224645000.0,202422000.0,0.0,0.0,2022223000.0,0.0,117261000.0,268512136.34,320658136.34,12.762940650327254,0.0,0.045710663948630006,0.5023663435792552,0.004340506129320776,12.762940650327254,0.006521030322791001,8.879956886698855,50.854571276515145,1.3264968053867663,1.081060606060606,0.0,0.005314471142537408,0.013592281015622718,0.0,0.0005933530967862288,25.663015993500906,1.0,-0.20000000000000004,-0.7722106507392286,0.17715582882881264,0.4036898788267121,0.024149026248941576,-0.1527599486521181,-0.17641764176417643,-0.8038970679342866,0.04207073931197833,0.13739618248058302,Banks—Regional,Financial Services,TCBK
2010Q1,2010,Q1,2010-05-10,2010-03-31,1558000.0,29525000.0,2222000.0,0.1,29525000.0,1.0,2169587000.0,200284000.0,0.0,0.0,1969303000.0,0.0,117368000.0,314873501.09999996,370715501.09999996,12.657945448176045,0.0,0.0471011303072889,0.5102254798186575,0.0051508559413371065,12.657945448176045,0.007778953885482615,10.66464017273497,50.525272962130934,1.5721350736953525,1.3234916559691912,0.0,0.006548661582497328,0.013608580803627602,0.0,0.0007181090225927792,30.502131269979653,1.0,-0.28571428571428575,-0.7043641153219848,0.23107727888868293,0.4259134663821915,-0.028591169309732184,-0.32641591007349763,-0.27527723418134376,-0.7573668750278983,0.05650761595509321,0.15251189560290954,Banks—Regional,Financial Services,TCBK
2009Q4,2009,Q4,2010-03-11,2009-12-31,2313000.0,30394000.0,3066000.0,0.14,30394000.0,1.0,2170520000.0,200649000.0,0.0,0.0,1969871000.0,0.0,118863000.0,263449436.84999996,24851436.849999964,12.681013442067641,0.0,0.04975351528665942,0.538208513374101,0.007494167962674961,12.681013442067641,0.011527592960842067,8.667810648483252,28.474863472762646,1.3129865429182301,0.8875918720276696,0.0,0.007792766705244146,0.014003096032287193,0.0,0.0010656432559939554,-71.02977537071986,1.0,0.0,-0.5706077013669463,0.23787264268451033,0.44404521881263886,-0.016311735387403714,0.025720620842572064,-0.12922465208747516,-0.6644685410738822,0.07586467293415194,0.1884187073268827,Banks—Regional,Financial Services,TCBK
2009Q3,2009,Q3,2009-11-10,2009-09-30,2255000.0,30898000.0,3521000.0,0.14,30898000.0,1.0,2095666000.0,201937000.0,0.0,0.0,1893729000.0,0.0,118603000.0,258911129.59999996,131776129.59999996,12.791133409816926,0.0,0.05126532567689698,0.5320223634103706,0.00728895956970896,12.791133409816926,0.011166849066788156,8.379543323192438,28.704116363636363,1.2821381401130054,0.9099778270509978,0.0,0.007925499391123896,0.014743761649041403,0.0,0.001076030245277635,29.859431391996306,1.0,-0.12499999999999993,-0.5697605082333266,0.23589376185556862,0.47737930250759725,-0.00783507802967054,-0.10230891719745223,-0.10815602836879433,-0.6679166495097854,0.0890852580580806,0.22813446896966055,Banks—Regional,Financial Services,TCBK
2009Q2,2009,Q2,2009-08-11,2009-06-30,2512000.0,31142000.0,3948000.0,0.16,31142000.0,1.0,2087841000.0,199979000.0,0.0,0.0,1887862000.0,0.0,118400000.0,244632671.5,176845671.5,12.670729878367862,0.0,0.05514596178540416,0.5757404527475385,0.007971692874030116,12.670729878367862,0.01256131893848854,7.855393728726479,24.34640440883758,1.2232918031393296,0.8168789808917197,0.0,0.008388086462114282,0.014915886794061426,0.0,0.001203156753794949,35.69716496424923,1.0,-0.11111111111111106,-0.48642886765772314,0.2604797025723691,0.5443439471452101,0.05163272886907777,-0.12838306731436502,-0.14397224631396358,-0.6165141596791089,0.12803328059350663,0.26700602289224123,Banks—Regional,Financial Services,TCBK
2009Q1,2009,Q1,2009-05-08,2009-03-31,2882000.0,29613000.0,4612000.0,0.18,29613000.0,1.0,2078352000.0,200546000.0,0.0,0.0,1877806000.0,0.0,117940000.0,264067205.75999996,244145205.75999996,12.713203179993387,0.0,0.056448089640253434,0.5849979555812631,0.009066742170418259,12.713203179993387,0.014370767803895367,8.917273013879038,22.90659314365024,1.3167413249827968,0.7120055517002082,0.0,0.007770749094323283,0.014248308275017899,0.0,0.0013866755968190182,22.97235369812962,1.0,-0.30769230769230776,0.19452304448720895,1.5882872854081258,2.0658654043345726,0.028943710910354414,-0.3204432916764914,-0.30100030312215825,-0.5600546531805854,0.06829328137091589,0.309331212150146,Banks—Regional,Financial Services,TCBK
2008Q4,2008,Q4,2009-03-13,2008-12-31,4241000.0,28780000.0,6598000.0,0.26,28780000.0,1.0,2043190000.0,197932000.0,0.0,0.0,1845258000.0,0.0,117630000.0,393892361.28,450780361.28,12.547494000490914,0.0,0.07010752793425966,0.7236980377099206,0.012430570821425955,12.547494000490914,0.021426550532506115,13.686322490618483,23.21930920066022,1.9900388076713216,0.4829049752416883,0.0,0.005199389989043659,0.014085816786495627,0.0,0.002075675781498539,43.853524969939876,1.0,-0.3333333333333333,0.7930810136186481,1.4901965453866315,2.0626514841892214,-0.02477042458744197,-0.31980753809141943,-0.3607827940321643,-0.3717311834723698,0.04794411704912805,0.32082566694401277,Banks—Regional,Financial Services,TCBK
2008Q3,2008,Q3,2008-11-10,2008-09-30,6235000.0,29511000.0,10322000.0,0.39,29511000.0,1.0,1976467000.0,191102000.0,0.0,0.0,1785365000.0,0.0,115549000.0,338987287.93,392798287.93,12.137405166796752,0.0,0.06127651005556885,0.6337505625268182,0.01997034076095486,12.137405166796752,0.03262655545206225,11.486811288333165,13.592112587409785,1.7738552601751945,0.3281475541299118,0.0,0.006035624558353627,0.0149311878215017,0.0,0.003154618822373457,26.998031851704365,1.0,1.7857142857142856,0.4332012555746115,0.40087967667886787,0.5265830926145916,-0.02090176171991639,1.7418645558487247,1.9516728624535316,0.04215662426264874,0.11179103634200467,0.30128151619146043,Banks—Regional,Financial Services,TCBK
2008Q2,2008,Q2,2008-08-08,2008-06-30,2274000.0,30141000.0,3497000.0,0.14,30141000.0,1.0,1980490000.0,186686000.0,0.0,0.0,1793804000.0,0.0,111360000.0,172406446.95,222034446.95,11.856933056528023,0.0,0.063765027846644,0.676462080713069,0.007265825696867452,11.856933056528023,0.012180881265868892,5.719997576390962,18.95409487137203,0.9235103165207889,0.9001759014951627,0.0,0.011873105885614911,0.015218960964205828,0.0,0.0011482006978071084,37.56131741830065,1.0,-0.43999999999999995,-0.4706347627697932,0.40330673837780684,0.4841274191189073,0.0682615629984051,-0.4382411067193676,-0.4654539896056252,-0.6047084576296472,0.18196912157778997,0.30404562564094534,Banks—Regional,Financial Services,TCBK
2008Q1,2008,Q1,2008-05-09,2008-03-31,4048000.0,28215000.0,6542000.0,0.25,28215000.0,1.0,1999350000.0,189300000.0,0.0,0.0,1810050000.0,0.0,111133000.0,274226491.34999996,344518491.34999996,11.949184719056866,0.0,0.07252607097306625,0.7660063391442156,0.012108703130374956,11.949184719056866,0.021384046487057582,9.719173891547047,16.935924614006915,1.4486343969889064,0.5069169960474308,0.0,0.0074828656775577426,0.01411208642808913,0.0,0.0020246580138545025,28.562284277679403,1.0,-0.28571428571428564,0.00016357986758824575,0.3519657621922323,0.6584753493591471,-0.007352941176470588,-0.28994913173127523,-0.29829454038399655,-0.23281359860687106,0.17502244320455174,0.34607179916758635,Banks—Regional,Financial Services,TCBK
2007Q4,2007,Q4,2008-03-13,2007-12-31,5701000.0,28424000.0,9323000.0,0.35,28424000.0,1.0,1980621000.0,188878000.0,0.0,0.0,1791743000.0,0.0,111655000.0,305752240.5,374318240.5,11.922546811230971,0.0,0.07945184868786102,0.8331515581486462,0.01646536237660365,11.922546811230971,0.030183504696153073,10.756833679285112,13.407833735309596,1.618781650059827,0.36291878617786355,0.0,0.006766916888708784,0.014351054542994344,0.0,0.0028783901614695593,32.25574854942504,1.0,-0.16666666666666669,0.3574820460136641,0.3367943430179556,0.70287693663955,-0.009167915780667201,-0.16075371706168115,-0.1701824655095683,0.057061746616647466,0.1562293726995288,0.35767514146099444,Banks—Regional,Financial Services,TCBK
2007Q3,2007,Q3,2007-11-08,2007-09-30,6793000.0,28687000.0,11235000.0,0.42,28687000.0,1.0,1953523000.0,182725000.0,0.0,0.0,1770798000.0,0.0,108022000.0,364653949.95,435096949.95,11.500050254700389,0.0,0.07229707559112435,0.7729320016418114,0.020968702829679067,11.500050254700389,0.03717608427965522,12.711470350681493,13.420210140953923,1.9956434530031466,0.3038421904902105,0.0,0.005660160818998418,0.014684751600057947,0.0,0.0034773074082055854,52.856058841861135,1.0,0.024390243902439046,0.6563570775835672,0.36245460796612516,0.675970029133175,-0.014869505494505494,0.005625462620281273,0.005189227878679431,0.28775717799880784,0.1401041954325184,0.3282588555484972,Banks—Regional,Financial Services,TCBK
2007Q2,2007,Q2,2007-08-09,2007-06-30,6755000.0,29120000.0,11177000.0,0.41,29120000.0,1.0,1887027000.0,178600000.0,0.0,0.0,1708427000.0,0.0,106985000.0,355888758.68,348382758.68,11.221191742082478,0.0,0.04564322609056468,0.4822508398656215,0.02551656404638689,11.221191742082478,0.03782194848824188,12.221454625,13.171308611398963,1.9926582232922732,0.30614359733530716,0.0,0.005810804498771644,0.015431681687649409,0.0,0.003579705006870596,137.1969000308404,1.0,0.05128205128205118,0.7683638581491953,0.523373579278285,0.6895089825896942,0.03833125334284186,0.048261949099937924,0.0,0.3694513587281197,0.16874836322894726,0.36767019050942923,Banks—Regional,Financial Services,TCBK
2007Q1,2007,Q1,2007-05-08,2007-03-31,6444000.0,28045000.0,0.0,0.39,28045000.0,1.0,1866321000.0,174397000.0,0.0,0.0,1691924000.0,0.0,102298000.0,375854249.43,383176249.43,10.982919565922865,0.0,0.044250158466844665,0.47354598989661517,0.0,10.982919565922865,0.036950176895244755,13.40182739989303,14.581558404329611,2.155164649793288,0.32107386716325265,0.0,0.005504793422284654,0.015026889800843478,0.0,0.003452782238425223,32.89464812095221,1.0,-0.07142857142857137,0.6909200459779868,0.482861020995642,0.7171708145152399,-0.010793270078656837,-0.06851691240242845,-1.0,1.6533460668429951,1.4351365885022103,1.64859710483835,Banks—Regional,Financial Services,TCBK
