Quarters,Year,Quarter,FillingDate,Date,NetIncome,Revenue,OperatingIncome,EPSDiluted,GrossProfit,GrossProfitRatio,TotalAssets,CommonStockEquity,CurrentAssets,CurrentLiability,TotalLiability,Inventory,RetainedEarnings,MarketCap,EnterpriseValue,bookValuePerShare,currentRatio,debtToAssets,debtToEquity,roic,shareholdersEquityPerShare,roe,priceToSalesRatio,peRatio,pbRatio,payoutRatio,inventoryTurnover,dividendYield,assetTurnover,quickRatio,returnOnAssets,priceToFreeCashFlowsRatio,grossProfitMargin,epsdilutedGrowth,fiveYNetIncomeGrowthPerShare,fiveYRevenueGrowthPerShare,fiveYShareholdersEquityGrowthPerShare,grossProfitGrowth,netIncomeGrowth,operatingIncomeGrowth,threeYNetIncomeGrowthPerShare,threeYRevenueGrowthPerShare,threeYShareholdersEquityGrowthPerShare,Industry,Sector,Symbol
2023Q3,2023,Q3,2023-05-12,2023-03-31,236842.0,10342426.0,133139.0,0.01,4027273.0,0.3893934557,20613308.0,6392533.0,20127757.0,14220775.0,14220775.0,798892.0,-22898395.0,54127921.13999999,41995022.13999999,0.2373819474198266,1.4153769397237492,0.0,0.0,0.020772189675040447,0.2373819474198266,0.037049789183724195,5.233580703405564,57.135053263357,8.46736671363292,0.0,7.904889521987953,0.0,0.5017353837627614,1.331160854454135,0.01148976185675778,64.61716012611156,0.38939345565537525,2.0526315789473686,2.054517985545591,0.23942831066074335,0.6828357672483982,0.1831603075009394,1.926865730051266,1.4041336437562795,17.37648123761773,0.19122186360958207,0.2426029077416237,Software—Application,Technology,RSSS
2023Q2,2023,Q2,2023-02-10,2022-12-31,-255530.0,8716666.0,-329443.0,-0.0095,3403827.0,0.3904964352,17244334.0,5647708.0,16890795.0,11596626.0,11596626.0,41216.0,-23135237.0,51487776.0,40225212.0,0.2106053164929866,1.4565266656008393,-0.32643191670956967,-0.9967053891596379,-17.75967599615106,0.2106053164929866,-0.04524490288803883,5.90681987815066,-50.37351387312644,9.11657897327553,0.0,128.90234375,0.0,0.5054800028809463,1.423340719964583,-0.014818200575331005,57.23974025887399,0.39049643521961264,-1.95,0.642152107417271,0.11739229718867314,0.44050851544572583,0.01629589686998395,-2.1909211660802086,-2.0147292098527387,0.610816373928981,0.043976449512483626,0.8043603483392662,Software—Application,Technology,RSSS
2023Q1,2023,Q1,2022-11-14,2022-09-30,214565.0,8684643.0,324661.0,0.01,3349248.0,0.3856517764,16242801.0,5318678.0,15898608.0,10924123.0,10924123.0,0.0,-22879707.0,54505068.84,44117379.84,0.19906594654252344,1.4553669891853103,0.0,0.0,0.059888094245928926,0.19906594654252344,0.04034179170087003,6.276028714133673,63.506476871810406,10.247860246474783,0.0,0.0,0.0,0.5346764391190904,1.4241397684738628,0.013209852167738803,518.1188695602578,0.3856517763597191,1.6024096385542168,1.2429097520592154,0.12624556394845715,0.22181947439969238,0.020134980454698578,1.489575989066026,1.9214554330395788,3.3755023788508502,0.031199588184444207,0.5895832967909661,Software—Application,Technology,RSSS
2022Q4,2022,Q4,2022-09-23,2022-06-30,-438267.0,8562009.0,-352335.0,-0.0166,3283142.0,0.3834546308,17026276.0,4883718.0,16977398.0,12142558.0,12142558.0,0.0,-23094272.0,47031685.1,36428510.1,0.18483322512295014,1.398173103229155,0.0,0.0,-0.07231478070671403,0.18483322512295014,-0.08974043955854945,5.493066533800654,-26.828214935187912,9.630303203420018,0.0,0.0,0.0,0.5028703281915552,1.3057149902022291,-0.025740625842080794,-1917.6255850933703,0.3834546307998508,-0.29687499999999994,0.03636589133724416,7.2828908213165855,-0.005326451686612856,0.013785716028145155,-0.2870143599682847,-0.1345479486461161,-4.562308259637895,0.044597050555521225,0.4690054061728646,Software—Application,Technology,RSSS
2022Q3,2022,Q3,2022-05-13,2022-03-31,-340530.0,8757352.0,-310551.0,-0.0128,3238497.0,0.3698032236,17604909.0,5177805.0,17560333.0,12427104.0,12427104.0,0.0,-22656005.0,56470975.349999994,45830454.349999994,0.19529899353863384,1.413067195703842,0.0,0.0,-0.060122474305820905,0.19529899353863384,-0.0657672507944969,6.4484076179648815,-41.45815005285878,10.906354208008992,0.0,0.0,0.0,0.4974380725285203,1.3086628228105277,-0.01934290032399486,-606.7450506059824,0.36980322362284856,0.3005464480874317,0.5312331395935371,-0.11091548400998452,-0.003865337782964159,0.14125617586321124,0.29289741167187516,0.3551481046959519,-1.6026687285210348,0.06758598046182537,0.5942754543388473,Software—Application,Technology,RSSS
2022Q2,2022,Q2,2022-02-14,2021-12-31,-481585.0,7872287.0,-481585.0,-0.0183,2837660.0,0.3604619598,16320859.0,5064716.0,16279061.0,11256143.0,11256143.0,0.0,-22315475.0,64825789.62,54146075.62,0.1921951345758247,1.4462379342550997,0.0,0.0,-0.09508627927015059,0.1921951345758247,-0.09508627927015059,8.234683214674465,-33.65230936387138,12.79949154503431,0.0,0.0,0.0,0.48234513881898006,1.3590849014622504,-0.029507331691303748,-188.50734135915553,0.36046195978373247,-0.83,0.4970098132472397,-0.18746513687252778,-0.1278312459555715,0.06663910163040924,-0.2945763732453051,-0.31398223231143657,0.2663317849102255,0.016805586952490383,0.54515909221992,Software—Application,Technology,RSSS
2022Q1,2022,Q1,2021-11-12,2021-09-30,-372002.0,7742504.0,-366508.0,-0.01,2660375.0,0.3436065386598444,16069054.0,5168737.0,16046991.0,10900317.0,10900317.0,0.0,-21833890.0,68846043.92,57974707.92,0.19670107632816325,1.4721581950323097,0.0,0.0,-0.0720257866459802,0.19670107632816325,-0.07197154740123167,8.891961039994296,-46.2672538857318,13.319703424647066,0.0,0.0,0.0,0.48182699491830694,1.4287678055601503,-0.0231502115805946,-907.1820255633154,0.3436065386598444,-1.9285369503578018,0.20258584809807684,-0.11007606960738954,-0.20219710898269874,-0.029844840814873812,-3.1856294162653587,-3.117512245539927,-0.8817257601323013,0.002067177008863914,0.482209349019907,Software—Application,Technology,RSSS
2021Q4,2021,Q4,2021-09-23,2021-06-30,-88876.0,8217653.0,-89012.0,-0.0034146743474683574,2742216.0,0.3336981982568502,16918624.0,5427085.0,16896963.0,11491539.0,11491539.0,0.0,-21461888.0,74439121.89999999,63434784.89999999,0.20851217348924692,1.4703829487068703,0.0,0.0,-0.016424908832925297,0.20851217348924692,-0.016376378847945076,9.058440639924804,-209.39039195058282,13.716225542809815,0.0,0.0,0.0,0.48571639159307517,1.3681187524142764,-0.0052531458823128875,-206.9759903350748,0.3336981982568502,-2.8231042965661275,-0.49062595436163425,-0.11981163888388796,-0.2015943671912616,0.014643459728265695,-2.7865240813701053,-2.777751148392251,0.05246746132785706,0.04178689394815675,0.5033917552835212,Software—Application,Technology,RSSS
2021Q3,2021,Q3,2021-05-13,2021-03-31,49748.0,8340532.0,50070.0,0.001873,2702640.0,0.32403688397814434,17323427.0,5163635.0,17307384.0,12159792.0,12159792.0,0.0,-21373012.0,60384182.8,49150620.8,0.19839025129607285,1.4233289516794365,0.0,0.0,0.009586433164311698,0.19839025129607285,0.009634298318916809,7.23984786581959,303.4503035297901,11.69412299668741,0.0,0.0,0.0,0.4814597019400376,1.3360961273021776,0.0028717181652337036,45.406454970038176,0.32403688397814434,1.1873,0.04540431104481308,-0.3495721239051348,2.0089751123958304,0.13006369842221593,1.1908935327659378,1.1918354054520028,1.2291716961952037,0.03414830547107043,0.40641786110203937,Software—Application,Technology,RSSS
2021Q2,2021,Q2,2021-02-11,2020-12-31,-260606.0,7449735.0,-261005.0,-0.01,2391582.0,0.3210291372780374,15390653.0,5194550.0,15362251.0,10196103.0,10196103.0,0.0,-21422760.0,60552312.61,50400252.61,0.19988173825752747,1.5066786790992597,0.0007435681903815258,0.002203078226217863,-0.05002551060501342,0.19988173825752747,-0.050169119557998285,8.128116316889123,-58.08798781493903,11.656892822284895,0.0,0.0,0.0,0.4840428148175389,1.411432093222283,-0.0169327448289556,-1483.2164754439682,0.3210291372780374,-19.115942028985508,0.40670750501179875,-0.45666575886686395,2.49007541647577,-0.023675117653014235,-18.79487879822465,-16.43038723026899,0.6234097513210138,-0.014573622013303289,0.3671608620176997,Software—Application,Technology,RSSS
2021Q1,2021,Q1,2020-11-12,2020-09-30,14645.0,7748425.0,16915.0,0.000552,2449576.0,0.3161385700965035,15985190.0,5001320.0,15925363.0,10983870.0,10983870.0,0.0,-21162154.0,58531513.99999999,48389730.99999999,0.19310935985698235,1.4498863333233187,0.0028495125800819384,0.009107595594762983,0.002836436325536051,0.19310935985698235,0.0029282269480857053,7.5539885847769055,999.1723113690679,11.703213151727942,0.0,0.0,0.0,0.4847252362968473,1.3330842408003736,0.0009161605210823269,63.67872937403241,0.3161385700965035,26.574584615384612,1.0555414388062834,-0.3453660164939153,2.206804975950499,-0.02350258099056301,27.198568872987476,4.459100204498977,1.0171041246176518,0.03662090506991048,0.18525936083054736,Software—Application,Technology,RSSS
2020Q4,2020,Q4,2020-09-24,2020-06-30,-559.0,7885780.0,-4890.0,-2.158392827494604e-05,2508533.0,0.3181084179370969,14812692.0,4859014.0,14722930.0,9953678.0,9953678.0,0.0,-21176799.0,61380393.0,52148163.0,0.1876146863380298,1.4791446940517867,0.0,0.0,-0.0009478221038282456,0.1876146863380298,-0.00011504391631717875,7.783680625125226,-27450.980769230773,12.632273337759472,0.0,0.0,0.0,0.5323664327861539,1.3824855495626842,-3.7737907464760625e-05,55.08258116507259,0.3181084179370969,-1.0464170500536474,0.9986254672626353,-0.2945109108067796,2.0154001074922028,-0.012005053930383999,-1.046793905909928,0.5616315553563425,0.9987460667485536,6.782876373594326,0.009641884739151467,Software—Application,Technology,RSSS
2020Q3,2020,Q3,2020-05-14,2020-03-31,11946.0,8047406.0,-11155.0,0.000465,2539014.0,0.3155071336030517,14358034.0,4768335.0,14234297.0,9589699.0,9589699.0,0.0,-21176240.0,74631578.06,66495093.06,0.19103604694701534,1.4843319899821674,0.0,0.0,-0.002182832142580744,0.19103604694701534,0.0025052769992041247,9.273991899998583,1561.8528808806295,15.651496394443765,0.0,0.0,0.0,0.5604810519323189,1.393240079798125,0.0008320080590420667,-238.04407393467721,0.3155071336030517,1.0155,5.600816290239297,-0.3629570885500289,2.8501691885617,0.11663910634180667,1.0201731929236775,0.984269834040051,1.0174669984824218,-0.13219848937578318,-0.025608761986792024,Software—Application,Technology,RSSS
2020Q2,2020,Q2,2020-02-13,2019-12-31,-592172.0,7530438.0,-709147.0,-0.03,2273800.0,0.3019479079437345,11698661.0,2822991.0,11536792.0,8864226.0,8875670.0,0.0,-21188186.0,87069477.60000001,80445864.60000001,0.11672020873592562,1.3015002099450081,0.0,0.0,-0.2391722710402849,0.11672020873592562,-0.2097675833893909,11.56233908306529,-36.758525225778996,30.8429880222785,0.0,0.0,0.0,0.643700847473057,1.231907670224112,-0.05061878449166105,66.57100141522527,0.3019479079437345,-7.8731144631765755,-3.5384401459397403,-0.3146885532218934,1.5060401150261837,-0.018447811062643128,-6.269749683882294,-4.596923514044656,0.3261182428827071,-0.15314200311239684,-0.4703314459562664,Software—Application,Technology,RSSS
2020Q1,2020,Q1,2019-11-14,2019-09-30,-81457.0,7595113.0,-126703.0,-0.003381,2316535.0,0.305003362030295,10500173.0,3017487.0,10294219.0,7437136.0,7482686.0,0.0,-20596014.0,59033401.7,53622735.7,0.1252315288820634,1.3841644149038017,0.0,0.0,-0.04220714477263127,0.1252315288820634,-0.0269949795972609,7.772550809974783,-181.17964600955108,19.56376338986713,0.0,0.0,0.0,0.7233321774793615,1.3398491032031685,-0.007757681706768069,190.59510060310205,0.305003362030295,-0.13378835046553372,-1.0513458872444967,-0.27362725655560144,1.7392035589333905,0.03992179942135163,-0.13366178169317913,0.3092079796311138,0.8095797861167686,-0.04796775126735161,-0.4920715348707935,Software—Application,Technology,RSSS
2019Q4,2019,Q4,2019-09-19,2019-06-30,-71853.0,7474602.0,-183417.0,-0.00298203804846977,2227605.0,0.2980232258520253,10413329.0,3031715.0,10169850.0,7302288.0,7381614.0,0.0,-20514557.0,67466744.8,62322167.8,0.12582201831679302,1.392693632461497,0.0,0.0,-0.058438390248248887,0.12582201831679302,-0.023700446776824338,9.026132066964903,-234.73878891625955,22.25365669266405,0.0,0.0,0.0,0.7177917839722533,1.3483799872040105,-0.006900098902089812,-12482.283959296947,0.2980232258520253,0.39573697092811144,0.9135748489696305,-0.443842427360861,6.227795745994088,0.021996081041960196,0.38942046227056426,-0.05949733417284264,-0.301764929718279,-0.1351926365232003,-0.5182199366375487,Software—Application,Technology,RSSS
2019Q3,2019,Q3,2019-05-15,2019-03-31,-117680.0,7377957.0,-173117.0,-0.004935,2179661.0,0.2954288023093656,10964336.0,2921114.0,10690158.0,7930447.0,8043222.0,0.0,-20442704.0,54368419.44,49304890.44,0.1225001570507307,1.3479893378015135,0.0,0.0,-0.05683958405764501,0.1225001570507307,-0.04028600047789987,7.3690344684849745,-115.5005511556764,18.61222103622111,0.0,0.0,0.0,0.6729050441358236,1.2193586313608804,-0.010732980091088052,91.69975752914507,0.2954288023093656,0.8354999999999999,0.8730931494689275,-0.37733336370779597,21.417154953754277,0.09627715782659932,0.8013963684968196,0.7395001482190392,-3.6991975336697744,-0.37199245644644574,0.8579538128622036,Software—Application,Technology,RSSS
2019Q2,2019,Q2,2019-02-14,2018-12-31,-592537.0,6988842.0,-664557.0,-0.03,1988239.0,0.2844876161172337,9915638.0,2958858.0,9608090.0,6811266.0,6956780.0,0.0,-20325024.0,58280198.2,53788593.2,0.12438533711095032,1.4106173507245203,0.0,0.0,-0.2082132510056066,0.12438533711095032,-0.20025868088296228,8.33903502182479,-24.589265396084972,19.69685540840419,0.0,0.0,0.0,0.7048302892864786,1.281571590362203,-0.05975782899698436,213.28526331198537,0.2844876161172337,-2.9875855032379923,0.04215285827012719,-0.47570052124194867,2.0990005534508756,0.020680149182090962,-2.3309554326317685,-1.8415415269891222,-0.47373635214175275,-0.44313316862926333,1.1718552730498397,Software—Application,Technology,RSSS
2019Q1,2019,Q1,2018-11-14,2018-09-30,-177888.0,6952521.0,-233872.0,-0.007523349649967242,1947955.0,0.2801796643260768,9439176.0,3137853.0,9096430.0,6124156.0,6301323.0,0.0,-19732487.0,57929728.150000006,53701955.150000006,0.1327080256633312,1.4853361018236635,0.0,0.0,-0.07102552183569551,0.1327080256633312,-0.056690992216652594,8.332190316289589,-81.41320402444235,18.461581262729645,0.0,0.0,0.0,0.7365601616073267,1.4007257489848397,-0.018845712803744735,-193.01995565151623,0.2801796643260768,-1.0876422955052223,0.10683860509467609,-0.4182602641466933,8.904944319416394,0.0011836649102717237,-1.0876422955052223,-0.5691789507585161,0.2610410474974828,-0.35661143922950084,1.2037707408947715,Software—Application,Technology,RSSS
2018Q4,2018,Q4,2018-09-20,2018-06-30,-85210.0,7165873.0,-149041.0,-0.0036037541805726565,1945652.0,0.2715163944434963,9960393.0,3279402.0,9579654.0,6472478.0,6680991.0,0.0,-19554599.0,46107334.65,41527453.65,0.1386945037821656,1.4800597236483461,0.0,0.0,-0.04377659648495686,0.1386945037821656,-0.025983395753250135,6.434294139737056,-135.27559749442554,14.059677541820124,0.0,0.0,0.0,0.719436773227723,1.4151351306253956,-0.008554883326390835,355.3250564499349,0.2715163944434963,0.6396245819427344,-1.112614182683654,-0.5459676705456205,6.491597880602231,0.01422462056210396,0.5652240466155746,0.4490186727590656,0.7705015493235385,-0.2978002600534334,1.2291401050544846,Software—Application,Technology,RSSS
2018Q3,2018,Q3,2018-05-15,2018-03-31,-195986.0,7281508.0,-270501.0,-0.01,1918364.0,0.2634569652330259,10011952.0,3314756.0,9568079.0,6457641.0,6697196.0,0.0,-19469389.0,30548434.8,26104191.8,0.1410606739170807,1.4816678412441944,0.0,0.0,-0.07671510786459163,0.1410606739170807,-0.05912531721791891,4.1953445357747325,-38.96762370781587,9.215892451812442,0.0,0.0,0.0,0.7272815530877496,1.414969026615137,-0.019575203716518018,-346.69218058424315,0.2634569652330259,0.6666666666666666,0.6973136305931817,-0.49781696096361605,7.363171606562647,0.1051311446133639,0.6862115341509495,0.6149062752249693,-79.17579158838643,-0.3877342984265399,1.8429580129656176,Software—Application,Technology,RSSS
2018Q2,2018,Q2,2018-02-14,2017-12-31,-624580.0,6823220.0,-702429.0,-0.03,1735870.0,0.25440627738809535,10174651.0,3429265.0,9715770.0,6475462.0,6745386.0,0.0,-19273403.0,28615897.88,24076464.88,0.14620206283738668,1.5003979638827314,0.0,0.0,-0.1867535745312072,0.14620206283738668,-0.18213232281553043,4.19389934371162,-11.454056277818694,8.344615502155708,0.0,0.0,0.0,0.6706097339358372,1.3379306372271198,-0.06138588930470441,63.63090094437168,0.25440627738809535,0.25000000000000006,-3.569663507010207,-0.6419836700904029,23.82706555380534,-0.00775620070205363,0.19196858848718895,0.15182481751824817,-3.9358585849287198,-0.35971546177853536,2.1390299789388423,Software—Application,Technology,RSSS
2018Q1,2018,Q1,2017-11-14,2017-09-30,-772965.0,6747840.0,-828165.0,-0.04,1749439.0,0.25925911106368854,10255844.0,3809277.0,9726588.0,6147314.0,6446567.0,0.0,-18648823.0,26887502.549999997,22757335.549999997,0.16292582555236243,1.582250068891877,0.0,0.0,-0.19899036938014586,0.16292582555236243,-0.20291645895008423,3.984608785922606,-8.69622251654344,7.05842671719594,0.0,0.0,0.0,0.6579507254595526,1.439695613401235,-0.07536824858100416,-22.720284321463154,0.25925911106368854,-1.3238276841422596,-9.45267426487688,-0.4832837997273591,6.871173538414073,0.40204234884542855,-0.9206628450454346,0.3159409348431397,-1.5021300143757748,-0.33492721491194394,2.5636952225943195,Software—Application,Technology,RSSS
2017Q4,2017,Q4,2017-09-18,2017-06-30,-402447.0,914694.0,-1210663.0,-0.017212980236425864,1247779.0,1.3641491034160058,12562341.0,4344623.0,12002351.0,7889419.0,8217718.0,0.0,-17875858.0,23146632.63,17811869.63,0.18582300236732102,1.5213225460582078,0.0,0.0,-0.2545409166825916,0.18582300236732102,-0.09263105222248283,25.305329028068403,-14.37868379563023,5.327650438254366,0.0,0.0,0.0,0.07281238425226635,1.4245978062516391,-0.032035987559961954,106.63849878142607,1.3641491034160058,0.4262339921191378,0.6852654897035416,-0.9385762901675261,8.305080724474085,-0.27832581263454265,0.36870068550094903,-0.8943574369141074,0.5011349981334915,-0.9298601692868121,8.720784599384183,Software—Application,Technology,RSSS
2017Q3,2017,Q3,2017-05-15,2017-03-31,-637490.0,8643799.0,-639089.0,-0.03,1729006.0,0.20002848284648914,12508850.0,4561446.0,11902624.0,7590341.0,7947404.0,0.0,-17473411.0,25127214.12,20329423.12,0.19605681937015307,1.5681277033535121,0.0,0.0,-0.12876830892843288,0.19605681937015307,-0.1397561211949018,2.906964185539252,-9.853964030808328,5.508607165359407,0.0,0.0,0.0,0.6910146816054233,1.3740482805713208,-0.050963118112376436,-16.99770483219924,0.20002848284648914,0.25000000000000006,0.780318919841842,-0.36499927291096934,7.261853748195859,0.08197310157871154,0.24374822055613551,0.2355824493120602,0.2953928291220951,-0.2523206068135544,34.877799713683864,Software—Application,Technology,RSSS
2017Q2,2017,Q2,2017-02-14,2016-12-31,-842960.0,8530067.0,-836047.0,-0.04,1598012.0,0.1873387395433119,13420346.0,5112674.0,13252850.0,8307672.0,8307672.0,0.0,-16835921.0,23897004.25,17148377.25,0.2203646182972914,1.5952543624736268,0.0,0.0,-0.16535596637459185,0.2203646182972914,-0.16487654014318143,2.8015025262990316,-7.087229598676093,4.67407158172025,0.0,0.0,0.0,0.6356070849440096,1.422081300272808,-0.06281209143191986,102.85182423475537,0.1873387395433119,-1.0,0.6510718772999717,-0.48089360250206514,0.5052339921793711,0.044864086957147165,-1.0526656699118018,-1.0965591780746342,-0.39712865441492934,-0.34389198121849746,4.490277953382471,Software—Application,Technology,RSSS
2017Q1,2017,Q1,2016-11-14,2016-09-30,-410666.0,7658716.0,-398771.0,-0.02,1529397.0,0.1996936562212256,11891013.0,5703169.0,11712347.0,6187844.0,6187844.0,0.0,-15992961.0,24056832.8,17490618.8,0.2465534764825734,1.8927993336612883,0.0,0.0,-0.07231674037343619,0.2465534764825734,-0.07200663350498644,3.1411052192038458,-14.645011274368951,4.218151838039518,0.0,0.0,0.0,0.644075992516365,1.800847597321458,-0.03453582970601411,46.40807599117243,0.1996936562212256,-7.730706373020817,0.8218193868432832,-0.4299856971402026,0.032792308076175614,-0.03508197465996888,-6.750023589801657,-11.882280730092068,-1.1076686446314294,-0.3449526696026403,17.402040450167057,Software—Application,Technology,RSSS
2016Q4,2016,Q4,2016-09-20,2016-06-30,-52989.0,8297401.0,-30955.0,-0.002290765391194804,1585002.0,0.19102391218647863,12371659.0,6041057.0,12177010.0,6330602.0,6330602.0,0.0,-15582295.0,24982095.6,18905220.6,0.2611606994250715,1.9235153307694908,0.0,0.0,-0.005735917122038975,0.2611606994250715,-0.008771478236341753,3.010833826158336,-117.86453603578103,4.135384850697485,0.0,0.0,0.0,0.6706781200484107,1.8700804441662895,-0.0042830957432628885,-40.778772658641095,0.19102391218647863,-2.306768620190989,0.9833142630427346,-0.49830292335802306,-0.2882729897355973,-0.10198899272187076,-2.636675315048184,-1.444666302755193,-1.0715844253861984,-0.46260942412992573,13.106622028673675,Software—Application,Technology,RSSS
2016Q3,2016,Q3,2016-05-16,2016-03-31,32376.0,8724217.0,69614.0,0.001753,1765014.0,0.20231202410485663,7960986.0,1167532.0,7749371.0,6793454.0,6793454.0,0.0,-15529306.0,15937110.0,14013140.0,0.0659328322387183,1.1407114849088549,0.0,0.0,0.05135998381730917,0.0659328322387183,0.02773028919121703,1.8267668032558109,123.06268532246108,13.650255410558342,0.0,0.0,0.0,1.095871415927625,1.093391962321376,0.004066832927479083,95.74022900121349,0.20231202410485663,1.08765,1.0190766108462284,0.024715246150517685,-0.8649393085127048,0.10568927433530748,1.1084895702437798,1.2367742593789326,1.066354374053423,-0.20155368805250262,3.9741948226356048,Software—Application,Technology,RSSS
2016Q2,2016,Q2,2016-02-16,2015-12-31,-298425.0,9315226.0,-294010.0,-0.02,1596302.0,0.17136481712843038,7957565.0,1011190.0,7853796.0,6946375.0,6946375.0,0.0,-15561682.0,10770213.07,9006087.07,0.05727146677516938,1.1306323082183154,0.0,0.0,-0.2967790335506794,0.05727146677516938,-0.2951225783482827,1.1561945002729939,-9.022545924436626,10.651028065942107,0.0,0.0,0.0,1.1706126183072334,1.0337950369797195,-0.03750204993612996,33.188644808406394,0.17136481712843038,-1.0,0.8164123014859477,-0.12270036053138231,-0.8219809822557842,0.026992042317449064,-0.6688569511240353,-0.7780855387294983,-2.631084544808769,-0.3506782592844976,9.942004654841739,Software—Application,Technology,RSSS
2016Q1,2016,Q1,2015-11-16,2015-09-30,-178820.0,8027101.0,-165352.0,-0.01,1554347.0,0.1936374040889731,7078133.0,1057684.0,7000657.0,6020449.0,6020449.0,0.0,-15263257.0,17388429.3,15923403.3,0.06021861675568362,1.1628131057999163,0.0,0.0,-0.1668237150602145,0.06021861675568362,-0.16906750976662216,2.1662153372680875,-24.309961553517503,16.44009864950212,0.0,0.0,0.0,1.1340703826842473,1.0679681864259625,-0.02526372420523887,157.3314510364546,0.1936374040889731,0.36316840945018924,0.6731294349811995,-0.01165935955509615,-0.7309530012484338,0.06230961804347663,0.3516410204348015,0.6129264838418952,-2.2189271120205287,-0.18177358846826272,3.1700301227090604,Software—Application,Technology,RSSS
2015Q4,2015,Q4,2015-09-08,2015-06-30,-275804.0,7580506.0,-427185.0,-0.0157027386021577,1463177.0,0.19301838162254603,6779580.0,1092816.0,6686871.0,5686764.0,5686764.0,0.0,-15084437.0,19320477.0,17966319.0,0.06221883652251443,1.1758657471982308,0.0,0.0,-0.3963154929136111,0.06221883652251443,-0.252379174536244,2.548705455809942,-17.5128687401198,17.679533425572103,0.0,0.0,0.0,1.1181379967490612,1.0980049462224915,-0.04068157614483493,-108.38126037786654,0.19301838162254603,-149.98787117459327,0.3820907169337551,-0.12038998948238337,-0.7540767956027284,-0.141059380663083,-150.87444933920705,-23.122475401346453,0.7128798339171508,-0.3223805337934228,3.445949196759698,Software—Application,Technology,RSSS
2015Q3,2015,Q3,2015-05-11,2015-03-31,-1816.0,8835181.0,19310.0,-0.000104,1703467.0,0.19280499177096655,8258178.0,866194.0,8148363.0,7391984.0,7391984.0,0.0,-14808633.0,18679422.28,17306386.28,0.04961757200555134,1.1023242203987456,0.0,0.0,-0.0025769545671537595,0.04961757200555134,-0.002096528029517637,2.1142093500970724,-2571.5063711453745,21.564940740757844,0.0,0.0,0.0,1.0698704968577815,0.9428318567789108,-0.0002199032280486083,-49.91668433935844,0.19280499177096655,0.980722286527353,-1.013736102687588,0.057816151404416476,-0.8189177733885883,0.12830915276151314,0.9807169554875977,1.3096784540133108,0.9991659808060844,-0.13498042233751026,1.090889388940321,Software—Application,Technology,RSSS
2015Q2,2015,Q2,2015-02-17,2014-12-31,-94176.0,7931060.0,-62355.0,-0.005394830675721217,1509752.0,0.19035942232185862,7134184.0,813056.0,7041338.0,6321128.0,6321128.0,0.0,-14806817.0,14663637.24,12865013.24,0.046575554810983584,1.1139369429000647,0.0,0.0,-0.07829586269644206,0.046575554810983584,-0.11582965994962216,1.8488874425360544,-38.926152204383285,18.0352118919238,0.0,0.0,0.0,1.11169826850555,0.9709566077446937,-0.0132006687800595,55.35745871871343,0.19035942232185862,-1.0770690096531603,-1.2978983790055276,-0.22416905905982434,-0.8250699487280354,0.006632195518750771,-1.0821769348568735,-6.09061964241979,0.9481900633540149,-0.3585261036811781,-0.6818585994076181,Software—Application,Technology,RSSS
2015Q1,2015,Q1,2014-11-05,2014-09-30,1146015.0,7553396.0,12249.0,0.07,1499805.0,0.19856035616297624,6496075.0,795772.0,6376460.0,5700303.0,5700303.0,0.0,-14712641.0,11836088.16,10300673.16,0.04571822655298641,1.1186177296189344,0.0,0.0,0.07127040910544673,0.04571822655298641,1.4401298361842336,1.5669889623157585,2.5820098689807724,14.87371779856542,0.0,0.0,0.0,1.1627630530743565,1.0015578119268396,0.1764165284421747,-84.82826746936144,0.19856035616297624,3.0287335284773773,3.7468103284666614,0.17583247690922676,-0.8157032325830651,-0.2735336671315041,2.9081740711509836,1.0210724970281053,1.6607966535972911,-0.2529014841772824,-0.8084900955507488,Software—Application,Technology,RSSS
2014Q4,2014,Q4,2014-09-29,2014-06-30,-600582.0,9708626.0,-581279.0,-0.03450428507115817,2064521.0,0.2126481131315595,9042627.0,-418926.0,7996557.0,9348138.0,9461553.0,192245.0,-15858656.0,20887214.4,19261106.4,-0.024067891025238864,0.8554170894781399,0.0012829236459714639,-0.027692241589206686,-18.884344579516526,-0.024067891025238864,1.4336231219833575,2.151407871721498,-8.694572264903044,-49.85895933888085,0.0,39.762308512575096,0.0,1.0736510529517584,0.7417905041624332,-0.06641676141236391,45.76334500392184,0.2126481131315595,0.1373928732210457,0.45592394620062876,0.7192485809807606,-1.0884724658363676,0.0039032450374277775,0.11200251946895981,0.10880540654077367,0.748673772177272,-0.2198769782888815,-1.0655909107322534,Software—Application,Technology,RSSS
2014Q3,2014,Q3,2014-05-15,2014-03-31,-676333.0,8642184.0,-652247.0,-0.04,2056494.0,0.23795998789194953,9172091.0,95041.0,8179769.0,8879918.0,9077050.0,103119.0,-15258074.0,34436581.74,33342003.740000002,0.005464571989774964,0.921153663806355,0.0038099273110133772,0.3676834208394272,-1.0111270387705502,0.005464571989774964,-7.116223524584127,3.9847082334743162,-12.729151815747567,362.3339583969024,0.0,63.86495214267012,0.0,0.9422261510488721,0.7921046117768205,-0.07373814760451025,-149.55390702764677,0.23795998789194953,-0.3333333333333334,-5.171997181542817,0.6867168727655979,-0.9831347120603513,-0.07377901964864303,-0.5145536058187551,-0.5459606924798058,0.5942571994227359,0.03350471515366063,-0.988806049329886,Software—Application,Technology,RSSS
2014Q2,2014,Q2,2014-02-07,2013-12-31,-446556.0,9622379.0,-421904.0,-0.03,2220306.0,0.23074397713912537,10359509.0,689222.0,9090346.0,9389713.0,9670287.0,158780.0,-14581741.0,34343266.0,32915123.0,0.04013724262567223,0.9681175558826984,0.004518360860538854,0.06791425694478702,-0.3174354663864828,0.04013724262567223,-0.6479131542521858,3.569103441051324,-19.226740879083476,49.829033315825676,0.0,46.618421715581306,0.0,0.9288450832949708,0.8196477357721157,-0.043105903957417285,-103.08773330611804,0.23074397713912537,-1.9999999999999996,-1.550203055097112,1.1194785887892789,-0.8724554654828954,0.10739779428781192,-2.123927049885622,-2.418884314933065,0.7175333585925119,-0.06820607269948267,-0.8752399247039834,Software—Application,Technology,RSSS
2014Q1,2014,Q1,2013-11-19,2013-09-30,-142947.0,8577721.0,-123404.0,-0.01,2004976.0,0.23374227256866947,8582088.0,227373.0,7496357.0,7999106.0,8354715.0,122435.0,-14135185.0,29528609.1,28447559.1,0.013398159685076396,0.9371493514400234,0.006696855124300753,0.25276967801805844,-0.1371024380121021,0.013398159685076396,-0.6286894222269135,3.4424772151017735,-51.642582740456255,129.86858202161207,0.0,53.68354637154408,0.0,0.9994911494731819,0.8360403025038048,-0.01665643605612061,170.48063080227243,0.23374227256866947,-1.3124912994641575,0.5331523809156195,1.0350972020382998,-0.9589098203832033,-0.15586924194887494,-1.2632202110225201,-1.1915988044870551,0.729562952778761,0.09307826681997075,-0.9401391987018066,Software—Application,Technology,RSSS
2013Q4,2013,Q4,2013-09-30,2013-06-30,543070.0,11327672.0,644075.0,0.03200089095967612,2375196.0,0.20968085940341494,8924509.0,314180.0,7683723.0,8106225.0,8610329.0,171682.0,-13992238.0,28849790.5,27216173.5,0.018513340677465233,0.9478793149709019,0.007434806777605356,0.21119103698516775,0.5826782220586076,0.018513340677465233,1.728531415112356,2.5468419724723668,13.280880227226692,91.82567477242344,0.0,52.1456879579688,0.0,1.26927677477831,0.8428901245647635,0.06085152695795365,1005.9552459988145,0.20968085940341494,2.0666963653225374,9.430628079125079,1.023801233271244,-0.9385879134236329,0.051248448153385515,2.142261596772633,2.373434807826814,2.259248344594966,0.3603919381294383,-0.9268250530230806,Software—Application,Technology,RSSS
2013Q3,2013,Q3,2013-05-15,2013-03-31,-475434.0,10646757.0,-468952.0,-0.03,2259405.0,0.21221532528637593,9329351.0,-382504.0,7994593.0,9204256.0,9711855.0,273304.0,-14535308.0,18980006.1,17552275.1,-0.022168296352655017,0.8685756893332823,0.008175595494263213,-0.19940445067241128,-0.6714956330129435,-0.022168296352655017,1.24295170769456,1.7827030428138824,-9.980357999217558,-49.62041207412211,0.0,30.688727570763692,0.0,1.1412108945198867,0.7717355970976905,-0.0509611011526954,-14.751353580038893,0.21221532528637593,-4.0,-1.5129756386009312,1.6634570875011283,-1.0727446068774587,-0.18098953094228043,-3.6661993393861563,-3.242866571649943,-4.638429138632776,0.2896981732360703,-1.080904492127734,Software—Application,Technology,RSSS
2013Q2,2013,Q2,2013-02-14,2012-12-31,178319.0,13982098.0,209086.0,0.01,2758701.0,0.19730236478102214,15065001.0,-110214.0,13536961.0,14565465.0,15175215.0,351923.0,-14059874.0,14798980.62,12079336.62,-0.006404768168417265,0.9293874929499333,0.011858014480052142,-1.6208557896455986,0.16508285120507793,-0.006404768168417265,-1.6179342007367485,1.0584234654913733,20.74790210241197,-134.27496162012085,0.0,31.891626861557786,0.0,0.9281179602975134,0.8260402946284241,0.011836640435669404,14.321972987672577,0.19730236478102214,4.161696740880573,1.8272630856881864,2.49566553928912,0.0,0.279045216065696,4.300186922806433,11.187390372247126,-0.42779112228527943,0.38751368096321254,-1.0240552459038463,Software—Application,Technology,RSSS
2013Q1,2013,Q1,2012-11-13,2012-09-30,-54033.0,9541999.0,-20524.0,-0.003162858686192298,2156844.0,0.22603691322960734,10209439.0,-474072.0,8764752.0,9974528.0,10683511.0,292592.0,-14238193.0,21354495.0,19527422.0,-0.027750129422400297,0.8787134589225676,0.03412175732672481,-0.7348335273966824,-0.017369169458222027,-0.027750129422400297,0.11397635802156635,2.2379477298205543,-98.80302315251791,-45.04483496177796,0.0,25.240454284464374,0.0,0.9346252032065621,0.8057610345070965,-0.005292455344510115,3397.6921241050118,0.22603691322960734,0.9421680170393125,-11.758025324076131,2.101545126819574,0.0,-0.15270086802390995,0.9421680170393124,0.9762152816004506,0.868047556561188,0.5134307378061375,-1.111864775463734,Software—Application,Technology,RSSS
2012Q4,2012,Q4,2012-09-28,2012-06-30,-934310.0,10880941.0,-862907.0,-0.05469047617375171,2545552.0,0.2339459427268285,12005920.0,-434564.0,10401691.0,11573859.0,12440484.0,363641.0,-14184160.0,22892018.64,20847944.64,-0.025437501565829582,0.8987228028266112,0.09219651638524995,-2.5471599120037554,-0.4095768782095932,-0.025437501565829582,2.1499940169917435,2.103863869861991,-6.125380933523135,-52.678129435480166,0.0,22.92202749414945,0.0,0.9062979763316764,0.8162781316067528,-0.07782077508429175,49.81203791386694,0.2339459427268285,0.5442460318854024,-2.56083837489882,3.1813556328393036,-1.0802070770977465,0.13491503358307938,0.5611544853073107,0.6469691304031204,0.13762077968988382,0.9632126544093215,-1.0935070914973561,Software—Application,Technology,RSSS
2012Q3,2012,Q3,2012-05-15,2012-03-31,-2129018.0,9986862.0,-2444282.0,-0.12,2242945.0,0.22458956577151062,13196324.0,405064.0,11632645.0,11981580.0,12791260.0,637660.0,-13249850.0,20483324.4,18712235.4,0.023730366736758806,0.9708773801118049,0.11175233345286156,3.6407086287598998,-0.6531853574898698,0.023730366736758806,-5.256003989493018,2.051027079376885,-2.4052549579195666,50.56811861829242,0.0,12.144272809961421,0.0,0.7567912094307475,0.8748458049773068,-0.161334171546561,-41.52701433138774,0.22458956577151062,-0.1999999999999999,-25.043810172848715,4.838519131363936,0.0,0.26060553263716374,-0.19783053288661215,-0.4342526199669057,-14.381303154924023,0.9860189037703335,-0.9267610585645552,Software—Application,Technology,RSSS
2012Q2,2012,Q2,2012-02-14,2011-12-31,-1777395.0,12089519.0,-1704220.0,-0.1,1779260.0,0.1471737626616907,16671416.0,2498947.0,12191437.0,12232344.0,14172469.0,591522.0,-11120832.0,18776380.700000003,16330266.700000003,0.1463989116922837,0.9966558330929869,0.05371751265759309,0.3583697453367358,-0.3549266133921377,0.1463989116922837,-0.7112575816934092,1.5531123033099996,-2.6409971756418806,7.513717057624673,0.0,17.43005162952519,0.0,0.7251644971248993,0.8912398147076308,-0.10661331946848426,22.667097279665462,0.1471737626616907,0.0,-7.3127387694440875,2.0470579001563682,0.0,0.2083448502081866,-0.05073999521153488,-0.0385455414121421,-9.211162503275007,1.6788475434766355,-0.5347866513964277,Software—Application,Technology,RSSS
2012Q1,2012,Q1,2011-11-14,2011-09-30,-1691565.0,9861219.0,-1640968.0,-0.1,1472477.0,0.14931997758086502,16470383.0,4052879.0,11580031.0,10404330.0,12417504.0,557562.0,-9343436.0,26993713.02,25180693.02,0.23872512852253772,1.1130011254929437,0.07481641440882097,0.30404435957747566,,0.23872512852253772,-0.41737367436827005,2.7373606670737156,-3.9894584334625036,6.660379700454912,0.0,15.0453976418766,0.0,0.5987243283899348,0.9650755983326172,-0.1027034404725136,35.37440474599193,0.14931997758086502,0.27160865004326856,-339.9034284643172,2.2253966603081228,0.0,-0.20946434937228608,0.22343114098211642,0.22281050651862047,-4.52226233333003,1.3386869111988131,-0.26786524115248095,Software—Application,Technology,RSSS
2011Q4,2011,Q4,2011-09-28,2011-06-30,-2178255.0,11344070.0,-2111413.0,-0.1372888351927028,1862632.0,0.16419433236924666,17664535.0,5821942.0,12238088.0,9741575.0,11842593.0,759507.0,-7651871.0,49978596.15,50655474.15,0.366939424327948,1.2562740624590993,0.006231695314934698,0.018907780256141336,,0.366939424327948,-0.37414577472602784,4.405702375778711,-5.73608188090926,8.584523196898905,0.0,12.483674278183084,0.0,0.6421946572610034,1.0178499883232435,-0.1233123317426697,-118.43914751277913,0.16419433236924666,-0.3728883519270279,-7.93872913532909,3.6938082318779055,0.15699801024521895,1.8206354422367228,-0.4324527651716671,-0.41946975594736285,-35.16871512685188,1.1677856236948287,0.2172041819842731,Software—Application,Technology,RSSS
2011Q3,2011,Q3,2011-05-16,2011-03-31,-1520647.0,7628334.0,-1487466.0,-0.1,660359.0,0.08656660812177337,20227695.0,7745443.0,14455101.0,9880432.0,12482252.0,811380.0,-5473616.0,57118395.6,57070857.6,0.4881718841556537,1.4630029334749735,0.009285684799973501,0.02425013004420793,,0.4881718841556537,-0.19632795696772928,7.48766317783149,-9.39047583035379,7.3744517389128035,0.0,8.58780719268407,0.0,0.3771232461236933,1.2460948063809356,-0.07517648451788501,-20.78218285268941,0.08656660812177337,-0.11111111111111122,-19.012405549954018,3.7978764098289175,0.0,0.15966591680583872,-0.16663955895237378,-0.17025816288477788,-7.740909318482713,1.0753350714109744,0.6019215566503492,Software—Application,Technology,RSSS
2011Q2,2011,Q2,2011-02-14,2010-12-31,-1303442.0,8514233.0,-1271058.0,-0.09,569439.0,0.06688083354073115,11385701.0,4554770.0,10084595.0,6805678.0,6830931.0,9315.0,-3952978.0,37518064.0,34383451.0,0.32171544086070114,1.4817913806677308,0.0,0.0,,0.32171544086070114,-0.28617076164109273,4.40651130876968,-7.195959620757963,8.23709298164342,0.0,852.9032742887815,0.0,0.7478005087258132,1.2793946466465207,-0.11448061037260683,-31.589956031113335,0.06688083354073115,-2.0,-6.349817250710464,1.587270677901152,0.0,-0.3028799833505745,-2.2162390905793434,-2.253050715587314,-6.349817250710464,1.587270677901152,0.0,Software—Application,Technology,RSSS
2011Q1,2011,Q1,2010-11-15,2010-09-30,-405269.0,6016656.0,-390728.0,-0.03,816845.0,0.1357639526009132,8889603.0,2912265.0,7594494.0,5942682.0,5977338.0,11011.0,-2649534.0,24591786.029999997,22663689.029999997,0.22382192343757962,1.2779573263385118,0.0,0.0,,0.22382192343757962,-0.13915938281715434,4.0872847026654,-15.170038930932295,8.444213019762968,0.0,472.23785305603485,0.0,0.6768194260193622,1.148845420300127,-0.0455890999856799,-22.31685088453252,0.1357639526009132,-0.18051245465170984,-106.9419326591256,1.5677039225857856,0.0,1.6688175907472147,-0.2303435085535603,-0.210887600370647,-106.9419326591256,1.5677039225857856,0.0,Software—Application,Technology,RSSS
2010Q4,2010,Q4,2010-09-28,2010-06-30,-329395.0,6359884.0,-322679.0,-0.025412692497895746,306070.0,0.048125091589720816,8376917.0,3279357.0,7105885.0,5019142.0,5062656.0,6628.0,-2244265.0,24497858.7,22722823.7,0.25300108086589623,1.415756916221936,0.0,0.0,-0.09558743412682294,0.25300108086589623,-0.10044499577203701,3.8519348308868526,-18.59307116076443,7.470323816528667,0.0,913.369643934822,0.0,0.7592153533334519,1.2552942315638809,-0.03932174569713416,-63.05219556639976,0.048125091589720816,-4.355660598404662,-0.6545932123268068,2.221163854509916,-0.20226138772672494,-0.7746605588612506,-4.355660598404662,-4.532723888767244,-0.6545932123268068,2.221163854509916,-0.20226138772672494,Software—Application,Technology,RSSS
2010Q3,2010,Q3,2010-05-13,2010-03-31,98161.0,6201431.0,91340.0,0.007573081887356955,1358262.0,0.21902396398508667,7814649.0,3551616.0,6514723.0,4169399.0,4221590.0,9992.0,-1914870.0,24497858.7,22334290.7,0.27400575381716935,1.5625088891708374,0.0,0.0,0.02432266685416384,0.27400575381716935,0.027638404602299348,3.9503557646614142,62.392036297511225,6.8976653726078485,0.0,484.7046637309848,0.0,0.7935648805211852,1.5319296618049747,0.01256115277858289,-57.01552051574464,0.21902396398508667,-0.6213459056321523,2.5813100746894224,3.7743961429229063,0.0,0.0031514148870564512,-0.581820273160258,-0.5981805064315754,2.5813100746894224,3.7743961429229063,0.0,Software—Application,Technology,RSSS
2010Q2,2010,Q2,2010-02-12,2009-12-31,234734.0,7590459.0,227316.0,0.02,1353995.0,0.1783811756311443,10371324.0,3451119.0,9122783.0,6813610.0,6874306.0,7866.0,-2013029.0,24497858.7,21904620.7,0.26625245046417056,1.338905954405961,0.0,0.0,0.0641381516984833,0.26625245046417056,0.0680167794851467,3.22745418952925,26.091084695868513,7.098526217148699,0.0,792.83803712179,0.0,0.7318698171998098,1.2259749237188509,0.022632983021261318,21.989514752214852,0.1783811756311443,2.0,2.44573619513227,1.5193737454627672,0.0,0.5079221891458158,1.7555223678832024,1.7167347196165912,2.44573619513227,1.5193737454627672,0.0,Software—Application,Technology,RSSS
2010Q1,2010,Q1,2009-11-16,2009-09-30,-310691.0,4783699.0,-317155.0,-0.02,897921.0,0.18770432671453618,6876433.0,3215422.0,5740915.0,3580180.0,3619039.0,8520.0,-2247763.0,24497858.7,22976050.7,0.2480685211887519,1.6035269176410125,0.0,0.0,-0.09691212257883935,0.2480685211887519,-0.09662526411774255,5.121112072477804,-19.71239809006376,7.618862687385979,0.0,456.07723004694833,0.0,0.6956657615947105,1.572249439972292,-0.045182000609909234,-90.4624278545237,0.18770432671453618,0.6846327621758727,-82.52956507444115,1.0493472541171989,0.0,0.09220983951130865,0.62203731075467,0.6548840509216186,-82.52956507444115,1.0493472541171989,0.0,Software—Application,Technology,RSSS
2009Q4,2009,Q4,2009-09-28,2009-06-30,-822015.0,4205195.0,-918981.0,-0.063418128458713,822114.0,0.19549961416771397,6791991.0,3526113.0,5619999.0,3174904.0,3218521.0,10188.0,-1937072.0,24497858.7,22705243.7,0.27203820756791286,1.7701319472966741,0.0,0.0,-0.2586208010837967,0.27203820756791286,-0.23312213760591335,5.825617765644637,-7.450550993595008,6.947553495874919,0.0,332.0652728700432,0.0,0.6191402491552183,1.6863316182158579,-0.12102710383450155,-51.2159278733079,0.19549961416771397,-7.341812845871299,-3.1290864749945198,1.129853647513984,-0.14223535548622643,-0.19095690031845505,-7.803802445020154,-10.415595991885413,-3.1290864749945198,1.129853647513984,-0.14223535548622643,Software—Application,Technology,RSSS
2009Q3,2009,Q3,2009-05-14,2009-03-31,120817.0,3818500.0,97602.0,0.01,1016156.0,0.26611391907817206,6288591.0,4199801.0,5091472.0,1989710.0,2038154.0,10222.0,-1115057.0,24497858.7,22226918.7,0.324012967304771,2.558901548466862,0.0,0.0,0.01765701046211136,0.324012967304771,0.028767315403753654,6.415571219065078,50.69207706696905,5.833099877827544,0.0,274.14830757190373,0.0,0.6072107408479896,2.5110810118057407,0.019212093774265172,61.618052146004786,0.26611391907817206,2.0,2.9462835473737226,1.939810452095834,0.0,0.3447211256869795,1.914054638855474,1.6683740900779982,2.9462835473737226,1.939810452095834,0.0,Software—Application,Technology,RSSS
2009Q2,2009,Q2,2009-02-17,2008-12-31,-132177.0,3426953.0,-146029.0,-0.01,755663.0,0.2205057962569081,7440501.0,4078984.0,6170896.0,3192907.0,3344578.0,9745.0,-1235874.0,24497858.7,24309852.7,0.3146919840794085,1.9326889257970872,0.0,0.0,-0.030577290277183797,0.3146919840794085,-0.03240439285861381,7.148583216635886,-46.335328196282255,6.005872712420544,0.0,274.11903540277063,0.0,0.46058094743888883,1.8846530763345126,-0.017764529565952616,-257.7989276731876,0.2205057962569081,0.5,0.1859165137389638,0.13745103097650171,0.0,0.16994350492415974,0.4319023836744518,0.29115920994510003,0.1859165137389638,0.13745103097650171,0.0,Software—Application,Technology,RSSS
2009Q1,2009,Q1,2008-11-19,2008-09-30,-232666.0,3202726.0,-206011.0,-0.02,645897.0,0.20167101400494453,7367765.0,4204689.0,6054795.0,2961452.0,3140467.0,11326.0,-1103697.0,24371854.29,24153042.29,0.3260671968345335,2.044535923594237,0.0,0.0,-0.049991072100152904,0.3260671968345335,-0.05533488921534981,7.6097219337526845,-26.18759755400445,5.796351237868008,0.0,225.7486314674201,0.0,0.43469437475272354,1.9138432768790445,-0.03157891165095521,160.44987254521155,0.20167101400494453,-4.268995847489619,-62.37039640779832,0.3791485490696919,0.0,-0.046426926347616575,-3.8795352543936916,-2.3518979515465093,-62.37039640779832,0.3791485490696919,0.0,Software—Application,Technology,RSSS
2008Q4,2008,Q4,2008-09-29,2008-06-30,-47682.0,4143157.0,-61461.0,-0.003795789668258873,677344.0,0.16348499465504204,7292123.0,3786895.0,6128394.0,3393647.0,3455126.0,15956.0,-871031.0,23741826.57,24261455.57,0.30146086396923755,1.8058430944644508,0.0,0.0,,0.30146086396923755,-0.012591318217167363,5.730370963494746,-124.48002689694223,6.269470521363808,0.0,217.21064176485334,0.0,0.5681688309426487,1.6812656118918674,-0.006538836495215454,-32.33929203648311,0.16348499465504204,0.6204210331741128,0.7528601968862056,1.1652548022150178,-0.04946267243422274,0.192391581801058,0.6538185091877999,0.4060820996482548,0.7528601968862056,1.1652548022150178,-0.04946267243422274,Software—Application,Technology,RSSS
2008Q3,2008,Q3,2008-05-15,2008-03-31,-137737.0,2910183.0,-103484.0,-0.01,568055.0,0.19519562859105424,7002885.0,3828105.0,5852751.0,3051874.0,3117541.0,11388.0,-823349.0,23741826.57,23512772.57,0.30474144138270487,1.9177564342433535,0.0,0.0,,0.30474144138270487,-0.035980465530595425,8.158190247829776,-43.092681287526226,6.201978934747087,0.0,205.66631541974007,0.0,0.41556915471266487,1.8500367315295454,-0.019668608009413262,344.61885198786524,0.19519562859105424,0.0,-1.28951071573728,1.3118562760889247,0.0,0.13331298355658236,0.12032980367612309,0.4231468165044539,-1.28951071573728,1.3118562760889247,0.0,Software—Application,Technology,RSSS
2008Q2,2008,Q2,2007-12-31,2007-12-31,-156578.0,2905489.0,-179394.0,-0.01,501234.0,0.17251278528330344,,,,,,,,23625005.669999998,,,0.0,0.0,0.0,0.0,,0.0,8.131163349783805,-37.720825515078744,0.0,0.0,0.0,0.0,0.0,0.0,0.0,-61.82662815315727,0.17251278528330344,-35.01361360544218,0.0,0.0,0.0,0.14042524145933585,-43.606258503401364,-6.643544951001278,0.0,0.0,0.0,Software—Application,Technology,RSSS
2008Q1,2008,Q1,2007-09-30,2007-09-30,3675.0,2251086.0,-23470.0,0.00029399992944001695,439515.0,0.19524576137917432,,,,,,,,23625005.669999998,,,0.0,0.0,0.0,0.0,,0.0,10.494936963758825,1607.1432428571427,0.0,0.0,0.0,0.0,0.0,0.0,0.0,-57.272463333511105,0.19524576137917432,1.019142020772348,0.0,0.0,0.0,0.5104957831283895,1.019142020772348,0.9015516004681228,0.0,0.0,0.0,Software—Application,Technology,RSSS
2007Q4,2007,Q4,2007-06-30,2007-06-30,-191986.0,1904058.0,-238399.0,-0.015358876313869684,290974.0,0.15281782382679518,5454334.0,3964349.0,4665613.0,1438857.0,1438857.0,14885.0,-532710.0,23625005.669999998,23248662.669999998,0.31714784388451744,3.2425828278974214,0.0,0.0,,0.31714784388451744,-0.04842812779601392,12.407713247180494,-30.76396933891013,5.959365754629575,0.0,108.36976822304334,0.0,0.34909083308796274,2.995711874077827,-0.03519879787339756,-46.57697406476415,0.15281782382679518,-2.207035948149138,0.0,0.0,0.0,0.6707760328443053,-2.207035948149138,-1.145129797093625,0.0,0.0,0.0,Software—Application,Technology,RSSS
2007Q3,2007,Q3,2007-03-31,2007-03-31,-59864.0,1252614.0,-111135.0,-0.0047891188506114755,174155.0,0.13903325365994632,,,,,,,,23625005.669999998,,,0.0,0.0,0.0,0.0,,0.0,18.860563325972723,-98.66115557764266,0.0,,0.0,,0.0,0.0,0.0,0.0,0.13903325365994632,0.0,0.0,0.0,0.0,0.0,0.0,0.0,0.0,0.0,0.0,Software—Application,Technology,RSSS
