Quarters,Year,Quarter,FillingDate,Date,NetIncome,Revenue,OperatingIncome,EPSDiluted,GrossProfit,GrossProfitRatio,TotalAssets,CommonStockEquity,CurrentAssets,CurrentLiability,TotalLiability,Inventory,RetainedEarnings,MarketCap,EnterpriseValue,bookValuePerShare,currentRatio,debtToAssets,debtToEquity,roic,shareholdersEquityPerShare,roe,priceToSalesRatio,peRatio,pbRatio,payoutRatio,inventoryTurnover,dividendYield,assetTurnover,quickRatio,returnOnAssets,priceToFreeCashFlowsRatio,grossProfitMargin,epsdilutedGrowth,fiveYNetIncomeGrowthPerShare,fiveYRevenueGrowthPerShare,fiveYShareholdersEquityGrowthPerShare,grossProfitGrowth,netIncomeGrowth,operatingIncomeGrowth,threeYNetIncomeGrowthPerShare,threeYRevenueGrowthPerShare,threeYShareholdersEquityGrowthPerShare,Industry,Sector,Symbol
2023Q1,2023,Q1,2023-05-08,2023-04-02,63192000.0,641789000.0,85537000.0,1.45,246105000.0,0.383467152,3066781000.0,1133523000.0,1441073000.0,534485000.0,1932564000.0,370729000.0,812564000.0,3758925790.0,4410287790.0,26.467485464776892,2.6961897901718475,0.4044654639506375,1.0942936314481488,0.028408210975063807,26.467485464776892,0.05574831741393867,5.856949542606682,14.871050884605646,3.316144259975316,0.033959994936067855,1.0673133205117484,0.0005709077858650676,0.20927121956214023,1.8838938417355025,0.020605318736486238,-82.22341827806457,0.38346715197674003,0.021126760563380302,22.464565229059588,0.03027119110076284,-0.14682096559005875,-0.0015133196471896072,0.019768586505720786,0.09341804190261924,6.985678083143341,0.4674411688199518,0.26826924584950557,Communication Equipment,Technology,BDC
2022Q4,2022,Q4,2023-02-24,2022-12-31,61967000.0,659072000.0,78229000.0,1.42,246478000.0,0.37397735,3161675000.0,1143011000.0,1536207000.0,639919000.0,2017725000.0,341563000.0,751522000.0,3078686100.0000005,3628269100.0000005,26.694014339428758,2.4006272668884656,0.3913302284390394,1.0824558993745468,0.027329510107286924,26.694014339428758,0.054213826463612336,4.67124396120606,12.420667855471462,2.693487726714791,0.0352929785208256,1.2079587074712426,0.000710367971583722,0.20845659341962725,1.7623761757347414,0.019599421192880356,20.850961043534802,0.3739773499708681,-0.36322869955156956,0.9975785913665791,0.07194984890994499,-0.2159499328472839,0.032818484282158514,-0.3695749486235172,-0.14767440593573974,1.4462761392580963,1.4442410307562743,0.26419086565610256,Communication Equipment,Technology,BDC
2022Q3,2022,Q3,2022-11-07,2022-10-02,98294000.0,670491000.0,91783000.0,2.23,238646000.0,0.3559272235,2960496000.0,1133810000.0,1384608000.0,545502000.0,1825822000.0,351440000.0,691722000.0,2734446060.0,3288661060.0,26.084985966042424,2.5382271742358413,0.3721271705822268,0.9716628006456108,0.03466419383773942,26.084985966042424,0.0866935377179598,4.078274070792896,6.954763413840111,2.4117321773489384,0.022809123649459785,1.2287872752105622,0.0008199101210283154,0.22647927914781849,1.804174870119633,0.03320186887602618,40.12923291410458,0.35592722348249267,0.7022900763358778,92.04547842764298,0.04838152607915598,-0.23543301621247653,0.07350711859832212,0.6784890968391933,0.12017916422573716,1.3383926039985174,0.10520294249827583,0.018109349499244254,Communication Equipment,Technology,BDC
2022Q2,2022,Q2,2022-08-08,2022-07-03,58561000.0,666551000.0,81936000.0,1.31,222305000.0,0.3335153649,3026017000.0,1048202000.0,1408849000.0,590337000.0,1976934000.0,394346000.0,595613000.0,2345356000.0,3015545000.0,23.687110187110186,2.3865165151430454,0.39585732664423234,1.142786409489774,0.02904733279073123,23.687110187110186,0.055868048334195126,3.518644484818116,10.01244855791397,2.23750383990872,0.038319017776335784,1.1265386234423578,0.0009567843858245827,0.22027338246943093,1.614730230359947,0.019352501985282964,79.97258498994101,0.3335153649158129,0.35051546391752586,0.5553080773121717,0.04300406938437443,-0.32250851797755453,0.06437326438762808,0.3280342888243832,0.1144570938915412,0.23520228019790163,-0.06937479717036886,-0.34672661362118795,Communication Equipment,Technology,BDC
2022Q1,2022,Q1,2022-05-09,2022-04-03,44096000.0,610371000.0,73521000.0,0.97,208860000.0,0.3421853266,3003271000.0,946770000.0,1393685000.0,583548000.0,2055676000.0,396497000.0,539294000.0,2437718400.0,3157718400.0,21.128071232509875,2.388295393009658,0.4260627828790675,1.3515236012970415,0.026230484948883623,21.128071232509875,0.04657519777770736,3.993830637431988,13.820518867924527,2.574773598656485,0.05161465892597968,1.0126457451128257,0.00093365993381352,0.20323540566269244,1.6026239486726028,0.014682657675581058,-35.37128761716823,0.342185326629214,1.8584070796460175,0.6172540806657423,0.04288048306207728,-0.3912817651563955,-0.08477829339152611,1.855021038140112,3.174148332150461,0.5392039630490597,-0.08555346428688067,-0.4179452335012176,Communication Equipment,Technology,BDC
2021Q4,2021,Q4,2022-02-15,2021-12-31,-51573000.0,638910000.0,-33816000.0,-1.13,228207000.0,0.3571817627,3417677000.0,955287000.0,1467028000.0,718539000.0,2461595000.0,345354000.0,505717000.0,2953051710.0,3854834710.0,21.263093462728428,2.041681801544523,0.45221944613256315,1.6178802810045567,-0.01304885733430291,21.263093462728428,-0.05398691702074874,4.62201516645537,-14.314911436216626,3.091271743465576,-0.04490721889360712,1.1892232318143123,0.000784273432177725,0.18694276843598737,1.4696126445467816,-0.015090074339968347,21.919432539358535,0.3571817626895807,-2.241758241758242,-2.4242939945026465,-0.021091810832031523,-0.386167053838292,0.022084774001684015,-2.2498303606048857,-1.475170727594638,-2.0504527544103692,-0.1357432863502205,-0.3894597958107733,Communication Equipment,Technology,BDC
2021Q3,2021,Q3,2021-11-08,2021-10-03,41264000.0,630835000.0,71166000.0,0.91,223276000.0,0.35393724190953263,3335185000.0,939518000.0,1267993000.0,622427000.0,2389414000.0,312088000.0,557764000.0,2641723900.0,3723666900.0,20.947537401618693,2.037175443867313,0.4616523521183982,1.6388147965233237,0.023189287990118972,20.947537401618693,0.043920393222907916,4.187662225463077,16.00501587340054,2.8117863627945394,0.05445424583171772,1.305910512419574,0.0008505809407258647,0.189145429713794,1.412946417812852,0.012372327172255813,52.24721925556742,0.35393724190953263,-0.06185567010309272,0.08705955691621865,-0.014309335581396522,-0.37502145225058964,0.05550381733519276,-0.05712457727812814,0.07897569628697484,-0.5660253668461105,-0.13113620734412904,-0.3894309502487554,Communication Equipment,Technology,BDC
2021Q2,2021,Q2,2021-08-09,2021-07-04,43764000.0,601974000.0,65957000.0,0.97,211535000.0,0.3514022200294365,3269927000.0,867751000.0,1164970000.0,582537000.0,2395829000.0,304821000.0,518774000.0,2277337920.0,3430898920.0,19.387184700283743,1.9998214705675348,0.4822285023488292,1.817171054830245,0.022136646497553918,19.387184700283743,0.0504338226057936,3.7831167459059696,13.009196599945161,2.6244140542621097,0.051343570057581576,1.2808795981904133,0.0009866783406478384,0.18409401800101347,1.3894808398436493,0.013383785020277211,50.76997324772606,0.3514022200294365,0.5156249999999999,-0.016716206746054674,-0.05920611788265921,-0.07624989741226074,0.10552199180533489,0.5266866671317938,0.2820129062354222,0.37966171976807433,-0.18064260957996753,-0.41527169767174094,Communication Equipment,Technology,BDC
2021Q1,2021,Q1,2021-05-10,2021-04-04,28666000.0,536381000.0,51448000.0,0.64,191344000.0,0.35673150242085383,3147668000.0,839092000.0,1064393000.0,508006000.0,2302208000.0,275405000.0,477279000.0,2086509300.0000002,3271307300.0,18.780456142706864,2.0952370641291638,0.49412771613778833,1.8536108078732725,0.016547614497191186,18.780456142706864,0.034163119181210164,3.8899761550092196,18.196725214539875,2.4866275688482316,0.07835065931765856,1.2528349158512009,0.0010764390074848936,0.17040583695612116,1.4034637386172604,0.009107059575533379,-39.57868849349369,0.35673150242085383,3.2666666666666666,0.6310995626897132,-0.06866506962386636,-0.05853882455651908,0.09179714246587849,3.1329296424452133,0.21210978913888562,9.203089978353525,-0.1746334164339871,-0.39461225136265665,Communication Equipment,Technology,BDC
2020Q4,2020,Q4,2021-02-16,2020-12-31,6936000.0,498540000.0,42445000.0,0.15,175256000.0,0.3515384923978016,3139734000.0,750581000.0,1098398000.0,520761000.0,2382683000.0,247298000.0,450876000.0,1869578000.0,3002548000.0,16.821627073061407,2.109217088069191,0.5207332850489882,2.17826457104563,0.011271328479731517,16.821627073061407,0.009240841428173642,3.750106310426445,67.38675028835063,2.4908410950983306,0.3213667820069204,1.307264919247224,0.001192247662306681,0.15878415177846275,1.5339301522195403,0.002209104338138199,18.46150352032705,0.3515384923978016,-0.6052631578947368,-0.8686531461596259,-0.21469133187813677,-0.1431390387890633,0.04573010644899518,-0.5919039774064486,0.17488305145735877,-0.7854347224658411,-0.22187643145085864,-0.5059192795603337,Communication Equipment,Technology,BDC
2020Q3,2020,Q3,2020-11-02,2020-09-27,16996000.0,475839000.0,36127000.0,0.38,167592000.0,0.35220316115324724,3036082000.0,792396000.0,1006755000.0,457782000.0,2237495000.0,244815000.0,446198000.0,1394947100.0,2553375100.0,17.77988197545269,2.1992018034785117,0.51050169264203,1.9559980110954625,0.014656604984619856,17.77988197545269,0.021448871523834043,2.9315526890397803,20.518755883737352,1.7604166351167851,0.13108966815721346,1.259101770724833,0.001597193183884894,0.15672798033781696,1.5787623803469775,0.005598004269976898,39.02604912712623,0.35220316115324724,1.25,0.1103081495620223,-0.2181768169997892,-0.024554935041690654,0.11772709083633454,1.2502908475075474,1.1089900758902511,14.691023104082605,-0.27435749181409186,-0.4788607227250709,Communication Equipment,Technology,BDC
2020Q2,2020,Q2,2020-08-03,2020-06-28,-67905000.0,424811000.0,17130000.0,-1.52,149940000.0,0.35295696203723537,3177030000.0,823919000.0,1191116000.0,539062000.0,2347148000.0,242677000.0,431459000.0,1422705010.0,2650142010.0,18.491348160782817,2.209608542245604,0.49956689109010616,1.9263289231101601,0.0061817694823007455,18.491348160782817,-0.08241708226172718,3.349030533578462,-5.2378507105515055,1.7267534915446785,-0.033517414034312645,1.1326619333517391,0.0015997694420152495,0.133713247907637,1.2280683854547343,-0.02137373584763128,74.39758458400878,0.35295696203723537,-5.08,-4.010807575625483,-0.3057214411103909,-0.0387048287298434,-0.12059166808405816,-5.068906962195013,-0.42338763969301196,-2.7911281447391594,-0.33981548462841094,-0.4711161145837458,Communication Equipment,Technology,BDC
2020Q1,2020,Q1,2020-05-04,2020-03-29,-11189000.0,463526000.0,29708000.0,-0.25,170501000.0,0.36783481401259044,3179308000.0,947243000.0,1186971000.0,574218000.0,2226273000.0,252921000.0,501611000.0,1659912300.0,2846441300.0,20.868979951531173,2.0671086590806977,0.45214933564159243,1.517585244757681,0.010626849233315106,20.868979951531173,-0.01181217491182305,3.5810554316262735,-37.08803959245688,1.7523616432108764,-0.20520153722405934,1.1585633458668911,0.0013832056067058483,0.14579461945807076,0.971855636709403,-0.0035193192984133656,-22.74257470508447,0.36783481401259044,0.9226006191950464,0.46602059779235666,-0.2058415356705052,0.11345378880023398,0.8462079868329868,0.9240950287637034,-0.9222568235940648,-1.4051303568550895,-0.21812162580615804,-0.3987464118572287,Communication Equipment,Technology,BDC
2019Q4,2019,Q4,2020-02-11,2019-12-31,-147408000.0,286255000.0,382130000.0,-3.23,92352000.0,0.322621438926831,3406759000.0,959847000.0,1377754000.0,722544000.0,2440940000.0,231333000.0,518004000.0,2500135000.0,3601863000.0,21.11549376333678,1.9068098274983947,0.44300403991007287,1.5723422587141493,0.1386928875440922,21.11549376333678,-0.1535744759321017,8.733943511903723,-4.24016166015413,2.604722419302243,-0.015507977857375448,0.8381986141190405,0.0009143506250662463,0.08402560909063424,1.0270848557319692,-0.04326927733954765,16.508861478321734,0.322621438926831,0.5164670658682634,-9.677478073846741,-0.5574091989458084,0.11951727494748517,-0.6076838769424219,0.5036918073189701,2.362283294178042,-5.02350875789853,-0.5665270450357922,-0.39042803112689634,Communication Equipment,Technology,BDC
2019Q3,2019,Q3,2019-11-04,2019-09-29,-297009000.0,620318000.0,-280507000.0,-6.68,235402000.0,0.3794860055648877,3441995000.0,1138700000.0,1122657000.0,577488000.0,2297185000.0,290995000.0,667703000.0,2370642960.0,3551006960.0,25.621006210062102,1.9440352007314439,0.4291424014270794,1.2971862650390797,-0.10529868848013951,25.621006210062102,-0.26083165012733817,3.82165753694073,-1.9954302394876924,2.081885448318258,-0.03604267884138191,1.322758122991804,0.004515652580597797,0.18022048259802817,1.3104791787881307,-0.08628978252437904,53.18562717340094,0.3794860055648877,-7.242990654205607,-9.529627964832253,-0.012778731829075126,0.3225947439070034,-0.02332142575604818,-8.038127962085309,-5.5880207396260975,-8.896063183979104,-0.02186626521993217,-0.23558655387311125,Communication Equipment,Technology,BDC
2019Q2,2019,Q2,2019-08-05,2019-06-30,42200000.0,637530000.0,61139000.0,1.07,241023000.0,0.37805750317632114,3822980000.0,1428210000.0,1116458000.0,590021000.0,2389447000.0,309711000.0,967970000.0,2323951000.0,3563958000.0,36.25910787275635,1.892234344201308,0.40158462769881087,1.0749469615812801,0.01791699711524027,36.25910787275635,0.02954747551130436,3.645241792543096,13.767482227488152,1.6271773758760968,0.2540995260663507,1.280248360568401,0.004614124824490706,0.1667625778842683,1.2655990210517931,0.011038509225787214,57.33761811946411,0.37805750317632114,0.6718750000000001,3113.3155026360996,0.17448193839470227,0.8939282880387018,0.07250987860880709,0.6744702801364971,0.3756103048711891,0.07740687507010202,0.13219907694282598,0.7276543827793818,Communication Equipment,Technology,BDC
2019Q1,2019,Q1,2019-05-06,2019-03-31,25202000.0,587175000.0,44445000.0,0.64,224728000.0,0.3827274662579299,3757958000.0,1430911000.0,1129742000.0,572056000.0,2326629000.0,326770000.0,936479000.0,2156274000.0,3336875000.0,36.29911212582446,1.974880081670326,0.4043640189698767,1.061968913510344,0.011992904685095208,36.29911212582446,0.017612555917174443,3.672285093881722,21.389909530989605,1.5069239107114278,0.42556146337592254,1.1091807693484714,0.00497385768227971,0.15624842001959574,1.2998570070063071,0.006706301667022356,-30.956485535855286,0.3827274662579299,-0.41284403669724773,0.13114485897345285,0.3290340059635034,0.8582539394532313,-0.13354538970177163,-0.42098975325093047,-0.3931097577627878,0.6253062531863314,0.15554506431714646,0.8196685165607384,Communication Equipment,Technology,BDC
2018Q4,2018,Q4,2019-02-20,2018-12-31,43526000.0,655390000.0,73234000.0,1.09,259365000.0,0.3957414669128305,3779321000.0,1387147000.0,1258724000.0,716922000.0,2391733000.0,316418000.0,922000000.0,1663699100.0000002,2706289100.0,34.82668842580969,1.7557335386555302,0.3871594924061756,1.0548269217321595,0.019587617049948183,34.82668842580969,0.031378073124189436,2.5384871603167585,9.555777581215827,1.1993675508075208,0.24693286771125306,1.2515880891731823,0.0064603028275966486,0.17341474831060924,1.2366045399639012,0.011516883588348277,10.805696749261196,0.3957414669128305,-0.39444444444444443,1.1099942594127046,0.40284970981975293,0.8092753998874693,-0.005719608827825207,-0.4931824268464503,-0.44214567558920764,-0.07662394686273344,0.15653678864188064,0.7740037625802716,Communication Equipment,Technology,BDC
2018Q3,2018,Q3,2018-11-05,2018-09-30,85881000.0,655774000.0,131278000.0,1.8,260857000.0,0.39778490760536406,3714912000.0,1389826000.0,1176452000.0,619590000.0,2324610000.0,322194000.0,889189000.0,2874589599.9999995,4049159599.9999995,34.30822019254505,1.8987588566632774,0.40474633046489394,1.0818598874967083,0.03296726786198461,34.30822019254505,0.06179262727852264,4.38350651291451,8.367944015556409,2.0683089825632845,0.12094642586835272,1.2257118382092775,0.003613385368123506,0.17652477366893213,1.29746606626963,0.02311790965707936,27.051651092101668,0.39778490760536406,1.5714285714285716,2.186702362750261,0.3537726837034117,0.8633061946321444,0.01265935806456622,1.974851917281513,1.3232577071461438,5.17227198744188,0.18536980851522952,0.8822275716185694,Communication Equipment,Technology,BDC
2018Q2,2018,Q2,2018-08-06,2018-07-01,28869000.0,668639000.0,56506000.0,0.7,257596000.0,0.3852542253742303,3639419000.0,1350605000.0,1092586000.0,611915000.0,2288309000.0,319133000.0,814071000.0,2496648150.0,3718127150.0,33.155885602062106,1.7855192306120948,0.40746283953565116,1.0979731305600082,0.015057744679099906,33.155885602062106,0.021374865338126246,3.7339254066843246,21.620493868855867,1.8485405799623134,0.3894835290449964,1.2879990474191012,0.004503638207890848,0.18372135772220785,1.1842723254046723,0.007932310074767428,80.78460281507847,0.3852542253742303,10.666666666666666,0.05560448154021075,0.36177962427815513,0.8313212207629007,0.11709758276451251,10.027119938884645,0.27832952514535214,0.4001069414398574,0.19530276880245118,0.7236489438906715,Communication Equipment,Technology,BDC
2018Q1,2018,Q1,2018-05-07,2018-04-01,2618000.0,605565000.0,44203000.0,0.06,230594000.0,0.3807914922427815,3766549000.0,1291547000.0,1183482000.0,589124000.0,2474403000.0,328797000.0,795977000.0,2744863690.0000005,4044654690.0000005,31.02219393269762,2.0088843774824996,0.44142635606227343,1.2873352653832961,0.00550132943024147,31.02219393269762,0.0020270265038748107,4.532731729872103,262.1145616883117,2.1252526543749477,4.121466768525592,1.1404331548037239,0.003930978445053495,0.16077449145092762,1.3625467643484224,0.0006950659609101063,-27.514672113071377,0.3807914922427815,-0.9166666666666666,-0.8744322594045065,0.27317667393396505,0.7172289855187969,0.004364263563190355,-0.9142173727841673,-0.2642765599773639,1.1362151300670988,0.1311398738411923,0.6551733458694246,Communication Equipment,Technology,BDC
2017Q4,2017,Q4,2018-02-13,2017-12-31,30519000.0,604884000.0,60081000.0,0.72,229592000.0,0.3795636849379385,3840613000.0,1434235000.0,1372071000.0,678928000.0,2405747000.0,297226000.0,833610000.0,3250863420.0,4250503420.0,34.04631344063049,2.020937418989937,0.4063799190389659,1.0882093938580497,0.014002450155575488,34.04631344063049,0.021278939643782226,5.374358422441327,26.629832399488844,2.266618385411038,0.3552213375274419,1.2626486242791681,0.0033348063573830486,0.15749673294341293,1.5239878160865363,0.00794638772508451,26.899096595892566,0.3795636849379385,35.0,-0.8079570217212375,0.5772925676865666,0.8520278625361078,-0.0426646207218627,28.716650438169424,-0.011679360431642841,0.938622805645822,0.009187693689226733,0.8050932870555515,Communication Equipment,Technology,BDC
2017Q3,2017,Q3,2017-11-06,2017-10-01,1027000.0,621745000.0,60791000.0,0.02,239824000.0,0.3857272676097114,3704848000.0,1441662000.0,1266134000.0,560634000.0,2262488000.0,262494000.0,813936000.0,3496684000.0,4565398000.0,34.11733244982961,2.258396743686612,0.412993191623516,1.061328522219494,-0.0018974550477271852,34.11733244982961,0.0007123722481413813,5.623984109240927,851.188899707887,2.425453400311585,10.561830574488802,1.454970399323413,0.0031020818581261557,0.1678193005489024,1.6064651804920858,0.00027720435494249697,60.70526553358449,0.3857272676097114,-0.9761904761904762,1.0280711254999106,0.34386194007655313,1.3548431352289847,-0.011071754037994467,-0.9714539844900909,-0.027048222659688544,-0.9689790082555947,0.0407278489157637,0.7611878395529695,Communication Equipment,Technology,BDC
2017Q2,2017,Q2,2017-08-07,2017-07-02,35977000.0,610633000.0,62481000.0,0.84,242509000.0,0.3971436198174681,3862670000.0,1478339000.0,1416851000.0,537691000.0,2383567000.0,252534000.0,823761000.0,3205474230.0,4214496230.0,34.962963838895064,2.635065493006206,0.43477232070044813,1.1359924888675736,0.018639034017664317,34.962963838895064,0.02433609611868455,5.249428429187417,22.274468618839812,2.168294437202834,0.30147038385635266,1.4577205445603365,0.0033835867087909795,0.1580857282656815,2.0270954879289405,0.00931402371934439,90.9457592350905,0.3971436198174681,0.4,-0.0861914219500673,0.35828506379442865,1.281060320621291,0.09182221741988349,0.40059173901195155,0.21707540370493017,2472.342526941482,0.047936939290605954,0.826226571280609,Communication Equipment,Technology,BDC
2017Q1,2017,Q1,2017-05-08,2017-04-02,25687000.0,551381000.0,51337000.0,0.6,222114000.0,0.40283216142739775,3787641000.0,1465280000.0,1478423000.0,521710000.0,2321520000.0,218404000.0,798642000.0,2839026000.0,3665031000.0,34.709115027477736,2.833802303961971,0.43349646917434886,1.120556480672636,0.01518618640101239,34.709115027477736,0.017530437868530247,5.148936941969346,27.630961186592437,1.937531393317318,0.4220812083933507,1.5076051720664456,0.0038189153604088165,0.14557372253600592,2.2955818366525462,0.006781793733883438,-125.27693936987026,0.40283216142739775,-0.25000000000000006,0.1508090742973171,0.29154832958587756,1.25115398077317,-0.1515371451272805,-0.24398858051034522,-0.12495738733210608,0.07655480392901554,0.16535936987701066,0.7768575030478355,Communication Equipment,Technology,BDC
2016Q4,2016,Q4,2017-02-17,2016-12-31,33977000.0,612435000.0,58668000.0,0.8,261784000.0,0.42744781078808364,3806803000.0,1460313000.0,1478952000.0,570279000.0,2345486000.0,190408000.0,783812000.0,3152078890.0,3924123890.0,34.63987000972555,2.593383238730516,0.42559622864645213,1.1094614647681695,0.0194302182067958,34.63987000972555,0.023266929760948508,5.146797439728298,23.1927398681461,2.1584953979044217,0.28760632192365426,1.841577034578379,0.0031001762141809846,0.1608790893566071,2.1676670541962793,0.008925337087314474,21.003917412424787,0.42744781078808364,-0.04761904761904753,0.4313013483600111,0.473799660117494,1.3495097340693902,0.06432700986331222,-0.04700866687235296,-0.05343659244917715,0.5561739992901616,0.2385454462117385,0.7995700279516039,Communication Equipment,Technology,BDC
2016Q3,2016,Q3,2016-11-07,2016-10-02,35653000.0,601109000.0,61980000.0,0.84,245962000.0,0.40918036495876786,3811963000.0,1411946000.0,1397678000.0,517536000.0,2398911000.0,193500000.0,760688000.0,2868359340.0,3813486340.0,33.51721027394009,2.7006391825882643,0.4442414577476224,1.1993603154794872,0.018453196039528993,33.51721027394009,0.025250965688489502,4.771779061700956,20.1130293383446,2.031493654856489,0.058985218635177965,1.8353850129198965,0.0007331717371227273,0.15769014547098176,2.2198127280034625,0.00935292393971295,38.032317320569085,0.40918036495876786,-0.14285714285714288,0.28414614533874283,0.29988333059648936,1.2358848820925323,-0.00906882395362048,-0.14805610647805204,-0.004193377355762279,0.27219155569391085,0.19331968011511502,0.8203458290672655,Communication Equipment,Technology,BDC
2016Q2,2016,Q2,2016-08-03,2016-07-03,41849000.0,601631000.0,62241000.0,0.98,248213000.0,0.41256683914226494,3254890000.0,883258000.0,819236000.0,498716000.0,2370435000.0,198625000.0,733852000.0,2507845150.0,4016439150.0,20.987477723654507,1.642690429021728,0.5174878413709834,1.9069920680027805,0.026498983416566528,20.987477723654507,0.04738026714731143,4.168410786678213,14.98151180434419,2.83931212624171,0.05025209682429688,1.7793228445563247,0.0008385685216649041,0.184839118987124,1.1413469790421804,0.012857270138161351,69.50405049609223,0.41256683914226494,1.5128205128205128,0.3573848660528211,0.26363679459216327,0.36190605678141147,0.10299731152931767,1.5326192205277172,0.5194072844448784,0.4811360711815638,0.1860028221745547,0.15921540407374102,Communication Equipment,Technology,BDC
2016Q1,2016,Q1,2016-05-10,2016-04-03,16524000.0,541497000.0,40964000.0,0.39,225035000.0,0.4155794030253169,3223595000.0,837984000.0,752910000.0,492813000.0,2384288000.0,215947000.0,694119000.0,2584752240.0,4130652240.0,19.94820034279185,1.5277803142368402,0.5249307062456667,2.0193273379921335,0.016050616714839018,19.94820034279185,0.01971875358002062,4.773345447897218,39.10603122730574,3.0844887730553325,0.12714839022028565,1.4654614326663487,0.00081284386467927,0.167979228159865,0.9993121123022323,0.005125954097831769,-3437.1705319148937,0.4155794030253169,-0.6666666666666666,-0.1516750882752956,0.31824674517000123,0.3703339347567197,-0.10028106845996074,-0.6673913043478261,-0.28145939308893175,-0.21453050139889224,0.12831318504978628,0.10422969799929215,Communication Equipment,Technology,BDC
2015Q4,2015,Q4,2016-02-25,2015-12-31,49680000.0,597244000.0,57010000.0,1.17,250117000.0,0.41878528708534535,3315841000.0,824099000.0,843164000.0,549263000.0,2490318000.0,195942000.0,679716000.0,2001511040.0,3537781040.0,19.631688027061795,1.5350824650486197,0.5286806574862908,2.127197096465352,0.03610062530509353,19.631688027061795,0.060284019274383295,3.3512451192477446,10.072016103059582,2.428726451554971,0.040438808373590984,1.7715803656183973,0.0010037416531062451,0.18011840736633633,1.0999047814981167,0.014982624317631636,15.567965402983681,0.41878528708534535,2.4411764705882346,-0.018470031615450133,0.7564479980496122,0.43905962758373307,0.1060712595796242,2.409980094721669,0.6523679786679033,-0.6862828935137911,0.5628612942087811,0.06791101709547227,Communication Equipment,Technology,BDC
2015Q3,2015,Q3,2015-11-03,2015-09-27,14569000.0,579266000.0,34502000.0,0.34,226131000.0,0.39037506085287244,3459363000.0,773154000.0,953375000.0,510209000.0,2686209000.0,210088000.0,632044000.0,1938881070.0,3613567070.0,18.227455972841078,1.868596986725048,0.5540277212885725,2.4789149380330437,0.02090961821242426,18.227455972841078,0.018843593902379087,3.3471342526576735,33.270661507310045,2.507755337229064,0.14764225410117374,1.680890864780473,0.0011094027546516816,0.16744874706701782,1.264840486937706,0.004211468990100201,25.833491932367792,0.39037506085287244,-0.31999999999999995,-0.21966039596795794,0.5536896594320938,0.46289519231078124,-0.03476668544793321,-0.3252281043027187,-0.21840382393584487,1.3967048957989254,0.2472939790690086,0.2580936576284918,Communication Equipment,Technology,BDC
2015Q2,2015,Q2,2015-08-04,2015-06-28,21591000.0,585755000.0,44143000.0,0.5,234276000.0,0.3999556128415464,3502643000.0,820506000.0,947346000.0,496301000.0,2682137000.0,233100000.0,619593000.0,3469131150.0,5181907150.0,19.23586918297972,1.9088134015446272,0.548498662295872,2.3414758697681672,0.0180144761096271,19.23586918297972,0.02631424998720302,5.922495155824534,40.16871786855634,4.228038734634482,0.09703117039507202,1.507846417846418,0.00060389760704204,0.16723228716143781,1.2505918787187613,0.006164202289528222,83.62777884916713,0.3999556128415464,2.0869565217391304,0.20366388206273423,0.5074561579096951,0.6891960287415211,0.12823081257314026,2.099562028926462,8.01245406288281,-0.45637566601735496,0.29158355114949164,0.2549902270340137,Communication Equipment,Technology,BDC
2015Q1,2015,Q1,2015-05-05,2015-03-29,-19636000.0,546957000.0,4898000.0,-0.46,207649000.0,0.37964410364982987,3460947000.0,797215000.0,877275000.0,484049000.0,2663732000.0,238243000.0,600158000.0,3923003050.0,5663216050.0,18.742564946514634,1.812368169338228,0.5509801219146089,2.3919682896081986,0.0018770730875260913,18.742564946514634,-0.024630745783759712,7.172415838905069,-49.94656561927073,4.920884642160522,-0.10898349969443878,1.424209735438187,0.0005455004680661667,0.15803680322177716,1.1557239039849272,-0.005673591649915471,-61.623333752218784,0.37964410364982987,-2.2432432432432434,-2.83513745068896,0.49988161008372906,0.6169837406005783,-0.04579647542678584,-2.2277871568811354,-0.8868064061380602,-1.873119242080521,0.27157708881435566,0.21559998449525886,Communication Equipment,Technology,BDC
2014Q4,2014,Q4,2015-02-23,2014-12-31,15993000.0,608910000.0,43271000.0,0.37,217615000.0,0.3573845067415546,3262827000.0,807186000.0,1414150000.0,525359000.0,2455641000.0,228398000.0,621896000.0,3372752760.0,4399512760.0,18.861248714833163,2.691778383924136,0.5418374924566948,2.190228770072821,0.01297841273106596,18.861248714833163,0.019813277237216702,5.539000443415283,52.72232789345339,4.1784083965777405,0.1349965609954355,1.7132155272813248,0.0006401299335086749,0.18662037552098226,2.1336628857600233,0.004901577680949679,29.36403238725405,0.3573845067415546,-0.5194805194805195,-0.12566786025391544,0.7096441174179539,0.5948175524072974,-0.018567459816354877,-0.5274913581705912,-0.2540897416007309,-0.33634479265637934,0.4434378034399162,0.2792971636372315,Communication Equipment,Technology,BDC
2014Q3,2014,Q3,2014-11-04,2014-09-28,33847000.0,610774000.0,58011000.0,0.77,221732000.0,0.3630344448191966,3007986000.0,836880000.0,1168863000.0,470054000.0,2171106000.0,223714000.0,608069000.0,2823617360.0,3913196360.0,19.37177380153237,2.4866568521914503,0.5115319685663431,1.838592151801931,0.022636273643360426,19.37177380153237,0.040444269190325975,4.623014994089467,20.855743197329158,3.3739811681483607,0.06446657015392797,1.739014992356312,0.0007727675962439897,0.20305081207159872,1.8413075944465955,0.01125237949910671,64.00293220300564,0.3630344448191966,0.0,5.88436643393594,0.8553039370387515,0.6411463655942473,0.08487413459891871,2255.4666666666667,3.7063929904267403,0.18876217613054336,0.2879176917353046,0.2922631635556697,Communication Equipment,Technology,BDC
2014Q2,2014,Q2,2014-08-05,2014-06-29,15000.0,600891000.0,12326000.0,0.0,204385000.0,0.34013656386932073,3050386000.0,834776000.0,1178681000.0,475025000.0,2215610000.0,228443000.0,576403000.0,3408010480.0,4524616480.0,19.1449212210169,2.481303089311089,0.5119257038289581,1.8706467363699963,-1.3381015650804303e-05,19.1449212210169,1.796889225373034e-05,5.671595147872076,56800.174666666666,4.082544874313588,145.73333333333332,1.7356889902513974,0.0006414299524102402,0.19698851227352865,1.8145634440292615,4.917410452316527e-06,167.3628875902372,0.34013656386932073,-1.0,1.0032800930969001,0.8672895810014988,0.6593910664655731,0.16314869932903475,-0.9993900951451573,-0.7510452222738382,-0.9995304085968286,0.21814424356642115,0.24234005204536566,Communication Equipment,Technology,BDC
2014Q1,2014,Q1,2014-05-06,2014-03-30,24594000.0,487690000.0,49511000.0,0.56,175717000.0,0.3603047017572638,2714281000.0,850002000.0,1179638000.0,360978000.0,1864279000.0,220098000.0,578599000.0,3028574399.9999995,3827706399.9999995,19.533989060991864,3.2678944423205847,0.5042628231933245,1.6102444464836554,0.018201773459282977,19.533989060991864,0.028934049566942194,6.210039984416329,30.785703830202486,3.5630203223051238,0.08831422298121493,1.4174276913011477,0.0007171691076831397,0.17967557522599908,2.4466366371357813,0.00906096310588329,-98.42300867700105,0.3603047017572638,0.09803921568627459,1.8102660563285053,0.5873011147378253,0.7533058780950338,0.0038734224944155303,0.09267815887684379,0.00685321511367796,0.21893122072021348,0.14616594691947196,0.34187985038540947,Communication Equipment,Technology,BDC
2013Q4,2013,Q4,2014-02-27,2013-12-31,22508000.0,509751000.0,49174000.0,0.51,175039000.0,0.34338137639749605,2751753000.0,836541000.0,1195498000.0,401566000.0,1915212000.0,207980000.0,556214000.0,3061686550.0,3815418550.0,19.24897029384017,2.977089693848583,0.49678732066431835,1.6341530182023356,0.018988956317794344,19.24897029384017,0.026906033296634595,6.006239418853519,34.00664819175404,3.659936034217092,0.09729873822640839,1.6093470526012117,0.0007152920340588098,0.1852459141499982,2.2848249104754883,0.008179513204855233,29.160585843000554,0.34338137639749605,-0.2153846153846154,1.0516607237276174,0.25630216496370967,0.5069595429631805,-0.04267095454520595,-0.2256777212054493,-0.088272921108742,-0.5704626852894201,0.4480501459716347,0.41100530857253026,Communication Equipment,Technology,BDC
2013Q3,2013,Q3,2013-11-06,2013-09-29,29068000.0,522478000.0,53935000.0,0.65,182841000.0,0.3499496629523157,2699410000.0,804518000.0,1114434000.0,389988000.0,1894892000.0,211827000.0,535898000.0,2798600700.0,3638547700.0,18.41255092232343,2.8576110034154896,0.49780655772928156,1.6702969977054585,0.020989920459974287,18.41255092232343,0.03613095045729244,5.35639912111132,24.06942944131003,3.4786054507170756,0.07492775560754093,1.6033697309596981,0.0007782460713312907,0.19355266521202782,2.206803799091254,0.010768278994298754,49.82908446691831,0.3499496629523157,-0.015151515151515164,-0.06323458691273118,0.02395967657548944,-0.26735490696360764,0.020340855822674614,-0.014376780143767802,0.00040806484521358486,0.511427089946876,0.36041806446775465,0.477750502460601,Communication Equipment,Technology,BDC
2013Q2,2013,Q2,2013-08-08,2013-06-30,29492000.0,529491000.0,53913000.0,0.66,179196000.0,0.3384306815413293,2664644000.0,795312000.0,1077191000.0,376616000.0,1869332000.0,209691000.0,509041000.0,2262292000.0,3117005000.0,18.10489892551448,2.860183847738811,0.4994715992079993,1.673448910616211,0.020936945658859993,18.10489892551448,0.03708230229142777,4.272578759601202,19.177166689271665,2.8445339690586837,0.07574935575749356,1.6705294933974277,0.0009874940989050044,0.19870984641850845,2.185239076406738,0.011067894998356254,54.64869434983211,0.3384306815413293,0.3469387755102042,-0.30703009972319634,-0.057340376757565696,-0.30165807177883397,0.07076658321033982,0.32578107439874127,0.2186482820976492,0.5964863600972541,0.32317042146440356,0.5898799827982764,Communication Equipment,Technology,BDC
2013Q1,2013,Q1,2013-05-08,2013-03-31,22245000.0,507473000.0,44240000.0,0.49,167353000.0,0.3297771507055548,2647979000.0,802459000.0,1030790000.0,344991000.0,1845520000.0,219068000.0,481750000.0,2222776800.0,3086695800.0,18.065263394867177,2.9878750460156933,0.5035255188957314,1.6615490635658645,0.016199991936301464,18.065263394867177,0.027721042445782277,4.380088792901297,24.98063385030344,2.7699568451472287,0.0034164980894583054,1.5525772819398542,3.4191467177451196e-05,0.19164540202169278,2.234278575383126,0.008400746380541538,-28.43771093740005,0.3297771507055548,-0.8675675675675675,0.6720331763029422,-0.014777021268025032,-0.2853425160666613,0.32626164965447285,-0.8664781935390932,2.2081218274111674,0.9907460734032814,0.3325533917964545,0.5585506712942804,Communication Equipment,Technology,BDC
2012Q4,2012,Q4,2013-02-28,2012-12-31,166602000.0,402039000.0,13790000.0,3.7,126184000.0,0.313860098149682,2584583000.0,811860000.0,959582000.0,452482000.0,1772723000.0,215282000.0,461756000.0,1986893370.0,2743003370.0,18.383262006657155,2.120707564057797,0.4454122773383559,1.4179846278915085,-0.12991997470291963,18.383262006657155,0.20521025792624345,4.942041369120906,2.9814968757878058,2.4473349715468187,0.026716365949988597,1.2813658364377887,0.002240180609188907,0.1555527526103824,1.538092123001578,0.06445991481024212,53.946223833184,0.313860098149682,5.252873563218391,3.756961921708086,-0.30114591357092285,-0.2308995005208969,-0.14028370147301295,5.2964128220336795,2.812327506899724,7.826150484713214,0.09386922834295228,0.5544012680169124,Communication Equipment,Technology,BDC
2012Q3,2012,Q3,2012-11-08,2012-09-30,-38777000.0,490367000.0,-7609000.0,-0.87,146774000.0,0.2993145949870199,2175599000.0,648881000.0,1002978000.0,409509000.0,1526718000.0,208478000.0,297382000.0,1662941310.0,2249834310.0,14.488155044990734,2.4492208962440385,0.4470180396295457,1.498783290002327,-0.0033367541991502175,14.488155044990734,-0.05975980187430361,3.3912178225696263,-10.721183369007402,2.562783175959845,-0.058746163963174045,1.6481019580003646,0.0013698619345742272,0.22539401792333974,1.7265701120121901,-0.01782359708751475,31.532126929348856,0.2993145949870199,-1.9456521739130435,-1.789909044736094,-0.12106633573742541,-0.35137133705152485,-0.033879450503880304,-1.914767633875914,-1.1304005072749397,-4.39764217235465,0.43680419684279137,0.22741382590228512,Communication Equipment,Technology,BDC
2012Q2,2012,Q2,2012-08-09,2012-07-01,42390000.0,484042000.0,58351000.0,0.92,151921000.0,0.31385912792691545,1744321000.0,697800000.0,884890000.0,339008000.0,1046521000.0,183954000.0,338419000.0,1573378560.0,1786365560.0,15.327505161885515,2.61023338682273,0.3154608584085154,0.7885712238463743,0.04302794273081408,15.327505161885515,0.06074806534823732,3.2505000805715207,9.279184713375797,2.2547700773860706,0.05432885114413777,1.8054567989823542,0.0014637291104309948,0.277495942547272,1.946414243911648,0.02430171969494147,434.875223880597,0.31385912792691545,0.7692307692307693,0.3942618889260746,-0.12849373508563175,-0.2707658882976964,0.07199508883839738,0.7462409886714727,0.3272148299783919,9.878001305484414,0.4406414238389234,0.32851552864665234,Communication Equipment,Technology,BDC
2012Q1,2012,Q1,2012-05-10,2012-04-01,24275000.0,464291000.0,43965000.0,0.52,141718000.0,0.3052352942443424,1767726000.0,707888000.0,901736000.0,346457000.0,1059838000.0,200900000.0,298321000.0,1760266080.0000002,1940544080.0000002,15.418365568914446,2.6027356930297265,0.31130107267755297,0.7773757995615126,0.026184514081029824,15.418365568914446,0.03429214791040391,3.7912991636710602,18.12838393408857,2.48664489297742,0.0992378990731205,1.6056396217023394,0.0013685431011657054,0.2626487362860534,1.9048020389254654,0.013732331820655464,339.0996108649586,0.3052352942443424,-0.05454545454545459,0.06795354416781736,0.33547377525829236,-0.2410526586476649,0.07362934567686119,-0.08489463565423908,0.2612599690171553,1.757984825531284,0.4322160344313724,0.3839012041108994,Communication Equipment,Technology,BDC
2011Q4,2011,Q4,2012-02-29,2011-12-31,26527000.0,464361000.0,34858000.0,0.55,131999000.0,0.28425944469927494,1788120000.0,694549000.0,925421000.0,381566000.0,1093571000.0,202143000.0,276363000.0,1567787520.0,1735997520.0,14.743446050648496,2.4253235351158122,0.30810348298771895,0.7932140136980976,0.03219368599263058,14.743446050648496,0.03819312964240104,3.376225652025041,14.775394126738796,2.2572741736004227,0.08745806159761753,1.6441924776024894,0.0014797923636998972,0.25969230253003156,1.7868101455580423,0.014835134107330604,23.467062627230273,0.28425944469927494,-0.1538461538461538,1.2769399110602873,0.1273781332432479,-0.24319163092822244,-0.1358550844184326,-0.14985738550780373,-0.3278830765671095,1.0561678189862287,0.055765832757557254,0.1542319606206384,Communication Equipment,Technology,BDC
2011Q3,2011,Q3,2011-11-09,2011-10-02,31203000.0,519713000.0,51863000.0,0.65,152751000.0,0.29391414107401587,1810652000.0,709714000.0,926043000.0,400518000.0,1100938000.0,197100000.0,252185000.0,1132941920.0,1335706920.0,14.990579587698546,2.3121133132593292,0.3042854176285669,0.7763056667897209,0.031951593317766494,14.990579587698546,0.043965597409660793,2.1799376194168705,9.077187449924686,1.596335876141657,0.0760183315706823,1.8618061897513953,0.00209366425420996,0.2870308596019555,1.7413374679789673,0.01723301882415837,18.44131065353626,0.29391414107401587,-0.09722222222222215,0.17600687466814238,0.23880238805826864,-0.21482101097021492,-0.024665738695135813,-0.10142548596112311,-0.10906685906685906,-0.07195528131934463,-0.059983919371340726,-0.4035169475956046,Communication Equipment,Technology,BDC
2011Q2,2011,Q2,2011-08-10,2011-07-03,34725000.0,536251000.0,58212000.0,0.72,156614000.0,0.29205353463210326,1824226000.0,730467000.0,922287000.0,383952000.0,1093759000.0,201930000.0,223382000.0,1730610510.0,1952282510.0,15.410371089217527,2.402089323665458,0.3020371379423383,0.7542900637537356,0.03473314925580216,15.410371089217527,0.047538081802463356,3.227239688131118,12.459398920086393,2.369183700290362,0.06698344132469403,1.8800425890159957,0.0013440343662306778,0.2939608359929088,1.804092699087386,0.019035470385796498,44.72786389951411,0.29205353463210326,0.5999999999999999,0.46475053723704796,0.1887389490726808,-0.15555524830294354,0.20052125253918976,0.5863407948835084,0.38359517980652674,-0.24385283701614177,-0.1152544953580896,-0.4055913647834923,Communication Equipment,Technology,BDC
2011Q1,2011,Q1,2011-05-11,2011-04-03,21890000.0,461628000.0,42073000.0,0.45,130455000.0,0.2825976760508461,1778789000.0,687230000.0,882866000.0,385508000.0,1091559000.0,208080000.0,191063000.0,1796774540.0,2024745540.0,14.55718189328306,2.2901366508606826,0.30979278599091853,0.8018509087205157,0.02458918149178992,14.55718189328306,0.0318525093491262,3.892256405590649,20.52049497487437,2.614517032143533,0.10927364093193238,1.5915657439446367,0.0013312744291223094,0.25951813284206277,1.6747797711072143,0.012306125122203927,-80.12372530657748,0.2825976760508461,-0.6186440677966102,1.1187394720370096,0.29252569026043646,-0.15696280618673664,0.33945622933650943,-0.6121201382121024,0.6365722732223432,0.5481462850890408,-0.15672837335626774,-0.4241213782706589,Communication Equipment,Technology,BDC
2010Q4,2010,Q4,2011-02-25,2010-12-31,56435000.0,379129000.0,25708000.0,1.18,97394000.0,0.256888816207676,1696484000.0,638515000.0,860855000.0,357924000.0,1057969000.0,175659000.0,171568000.0,1723360100.0,1915862100.0,13.64202542463412,2.4051334920262404,0.32488075336991096,0.8631825407390586,0.023418017259707023,13.64202542463412,0.088384767781493,4.545577099087645,7.634269956587224,2.699012709176762,0.04181802073181536,1.6038745523998201,0.0013694178018859784,0.22347926653007044,1.8353589030073423,0.03326586045020171,36.5567880022061,0.256888816207676,1.744186046511628,4.683881328176631,0.018967269596867505,-0.12709223896344432,-0.2251561319065993,1.7388983256491144,-0.3306951314761781,0.5204225829186889,-0.37817003225119533,-0.42925860686785555,Communication Equipment,Technology,BDC
2010Q3,2010,Q3,2010-11-12,2010-10-03,20605000.0,411472000.0,38410000.0,0.43,125695000.0,0.30547643582066336,1625659000.0,583283000.0,799627000.0,344437000.0,1042376000.0,167483000.0,117508000.0,1218074260.0,1473240260.0,12.4598508961186,2.321547917325955,0.33909140846881175,0.945076403735408,0.026261427865446545,12.4598508961186,0.03532590526382562,2.9602846852276703,14.778867507886435,2.0883074939609076,0.11356466876971609,1.7063045204587928,0.001921065140970962,0.25311089225969285,1.7048487822156155,0.012674859856833445,28.062994125100793,0.30547643582066336,0.04878048780487809,2.2979075407648364,0.16908755260363312,-0.26137847794406915,-0.0008108301469828375,0.047427816185441236,0.03965353904452565,-0.5984302428538617,-0.29439662497561625,-0.4421776684339772,Communication Equipment,Technology,BDC
2010Q2,2010,Q2,2010-08-11,2010-07-04,19672000.0,426140000.0,36945000.0,0.41,125797000.0,0.295201107617215,1553679000.0,532700000.0,742779000.0,319277000.0,1020979000.0,154983000.0,99276000.0,1044575069.9999999,1347729070.0,11.387588447807778,2.326440676904381,0.35320616420766454,1.0301651961704523,0.027806040247721008,11.387588447807778,0.03692885301295288,2.451248580278781,13.274896680561202,1.960906833114323,0.119509963399756,1.9379093190866095,0.0022506759614701506,0.27427802010582625,1.6818843825267715,0.012661560077725193,80.24699008988246,0.295201107617215,0.6399999999999999,0.05263745650692948,0.26706480436086016,-0.3285466953942593,0.062402878183906496,0.6746403337022219,0.31355329588281305,-0.37029373227856166,-0.25329625635814984,-0.4582146371205675,Communication Equipment,Technology,BDC
2010Q1,2010,Q1,2010-05-12,2010-04-04,11747000.0,400349000.0,28126000.0,0.25,118408000.0,0.2957619477006312,1550651000.0,541268000.0,716945000.0,306844000.0,1009383000.0,160675000.0,81993000.0,1316855400.0,1622020400.0,11.591065807225304,2.3365130163861765,0.35085135210953333,1.0051360878529674,0.020044804896635664,11.591065807225304,0.021702742449211852,3.2892686131350395,28.025355409891887,2.4329082820340386,0.20098748616668086,1.7547284891862456,0.0017929075584152976,0.2581812412980097,1.61953305262609,0.00757552795567797,-65.16182888811916,0.2957619477006312,-0.41860465116279066,-0.09338473097162595,0.30376057043388593,-0.3266052130320372,0.053320760759336026,-0.410143108209892,0.6964835032269738,-0.4918904909760608,0.13219459716961185,-0.4294461018897109,Communication Equipment,Technology,BDC
2009Q4,2009,Q4,2010-02-26,2009-12-31,19915000.0,387770000.0,16579000.0,0.43,112414000.0,0.28989865126234626,1620578000.0,551048000.0,764318000.0,357953000.0,1069530000.0,151262000.0,72625000.0,1021340480.0000001,1302671480.0,11.826587114220715,2.135246806144941,0.36419721852326764,1.07106821910251,0.054754840927829035,11.826587114220715,0.03614022734861573,2.6338821466333138,12.821246296761236,1.8534510242301943,0.1172985187044941,1.8203911094656953,0.0022871902619584802,0.23927882520927718,1.539375281112325,0.012288825345031217,57.784468458274404,0.28989865126234626,3.6874999999999996,0.515495245701535,-0.10797952841986218,-0.48307593803472815,0.040167294328833286,3.6638576779026217,-0.10092190889370933,0.7282940430652827,-0.04816435203338664,-0.39291939789036023,Communication Equipment,Technology,BDC
2009Q3,2009,Q3,2009-11-03,2009-09-27,-7476000.0,355159000.0,18440000.0,-0.16,108073000.0,0.3042946961783314,1602179000.0,550140000.0,781600000.0,316301000.0,1052039000.0,150476000.0,55069000.0,1094798430.0,1373109430.0,11.803806295191709,2.471063954903715,0.368312779034053,1.0726415094339623,-0.014253926877216902,11.803806295191709,-0.013589268186279856,3.082558600514136,-36.61043439004815,1.9900360453702692,-0.3116639914392723,1.6420292937079668,0.0021282456534030656,0.2216724847847837,1.7866209717958528,-0.00466614529337858,25.599738811205164,0.3042946961783314,-0.6,0.07975398940761261,0.1511366023076746,-0.30910723440120774,-0.004100702187655504,-0.5300859598853869,3.3195127664558446,-1.2862177746865817,-0.14004628552089146,-0.381738335109634,Communication Equipment,Technology,BDC
2009Q2,2009,Q2,2009-08-05,2009-06-28,-4886000.0,343821000.0,4269000.0,-0.1,108518000.0,0.3156235366658814,1558042000.0,537489000.0,747852000.0,290341000.0,1020553000.0,155635000.0,64904000.0,794774220.0,1110134220.0,11.53731727735205,2.575771248290803,0.3786804206818558,1.097696883099003,0.005009426354750808,11.53731727735205,-0.0090904185946131,2.3115930091530186,-40.66589336880884,1.4786799729854936,-0.47769136307818255,1.5118899990362065,0.0029366830745969595,0.22067505240551924,1.7920720807602095,-0.003135987348222962,16.584400392295976,0.3156235366658814,0.8571428571428572,-1.2625245698218939,0.02651456077780816,-0.31971814333927123,0.2889195063722637,0.8494484501140075,1.1133954896804525,-1.2096996151503447,-0.22451476051216668,-0.3677876433267383,Communication Equipment,Technology,BDC
2009Q1,2009,Q1,2009-05-06,2009-03-29,-32454000.0,328512000.0,-37647000.0,-0.7,84193000.0,0.2562859195402299,1530285000.0,518357000.0,716224000.0,281143000.0,1011928000.0,181228000.0,72145000.0,604372740.0,969929740.0,11.141232859046555,2.547543420963709,0.3855490970636189,1.1382116958003847,-0.02457472759133866,11.141232859046555,-0.06260935995848421,1.8397280464640562,-4.655610556479941,1.1659391886286863,-0.07311887594749492,1.3481305317059173,0.003926384899491,0.21467373724502298,1.6818345112629516,-0.02120781423068252,196.92823069403715,0.2562859195402299,0.930209371884347,-5.036765728502112,-0.009743981178308577,-0.20654750652954068,-0.1386024145692654,0.927566119852695,0.9219560431359379,-4.187345281055577,-0.06668689517061901,-0.3547876399452986,Communication Equipment,Technology,BDC
2008Q4,2008,Q4,2009-02-27,2008-12-31,-448050000.0,417267000.0,-482382000.0,-10.03,97740000.0,0.23423850915600802,1648563000.0,570868000.0,793103000.0,341545000.0,1077695000.0,216022000.0,108676000.0,933168960.0,1295755960.0,12.773382260807303,2.322103968730328,0.35788744500513475,1.0335138771134482,-0.3811874808343384,12.773382260807303,-0.7848574451536958,2.236383322908354,-0.5206834951456311,1.634649270934787,-0.005155674589889522,1.4791410134153002,0.0024754359596358627,0.25310952629653827,1.521465692661289,-0.2717821520924587,37.52639884183858,0.23423850915600802,-15.970149253731341,-60.086379648198516,0.6062491594283517,-0.09931996536447696,-0.36388722567880666,-15.155056392758981,-11.104780258913236,-48.25909640196208,0.17449109348839234,-0.182673821292603,Communication Equipment,Technology,BDC
2008Q3,2008,Q3,2008-11-07,2008-09-28,31653000.0,520494000.0,47738000.0,0.67,153652000.0,0.2952041714217647,2264859000.0,1120141000.0,910854000.0,387528000.0,1144718000.0,264851000.0,559059000.0,1381701000.0,1756262000.0,25.13161023984205,2.3504211308602216,0.2605018678866985,0.5267194040750227,0.02149522328731294,25.13161023984205,0.028258049656248632,2.6545954420223863,10.912875556819259,1.2335063175082421,0.06817679208921745,1.3850882194139347,0.001561842974710158,0.22981298173528683,1.5456070271051383,0.013975704447826554,35.37743240475215,0.2952041714217647,-0.24719101123595502,4.364560705861846,0.854773607936411,0.8066710179702152,-0.07701549200170599,-0.2490391459074733,-0.27513741686659177,4.3210192515804335,0.5532328683346606,0.48980500343315364,Communication Equipment,Technology,BDC
2008Q2,2008,Q2,2008-08-07,2008-06-29,42150000.0,556303000.0,65858000.0,0.89,166473000.0,0.29924879067702315,2150913000.0,1127917000.0,890451000.0,490484000.0,1022996000.0,260472000.0,529757000.0,1473983280.0,1744317280.0,25.925550498781778,1.8154537151058954,0.21386267134003095,0.4078314273124707,0.02953402521245387,25.925550498781778,0.03736977100265356,2.6496051252644692,8.742486832740214,1.3068189237328633,0.05236061684460261,1.4966291962283853,0.0014973032801294732,0.2586357514227679,1.1887258299964933,0.019596329558657186,45.21005060883968,0.29924879067702315,2.2962962962962963,0.0,0.0,0.0,0.14165700844208837,2.1883509833585477,1.4760508308895406,1.425100052353649,0.7785239018110529,0.5286640043161381,Communication Equipment,Technology,BDC
2008Q1,2008,Q1,2008-05-08,2008-03-30,13220000.0,511826000.0,26598000.0,0.27,145817000.0,0.28489564813041934,2132468000.0,1115755000.0,876655000.0,485693000.0,1016713000.0,262687000.0,489790000.0,1558989480.0,1822147480.0,25.278212012052833,1.8049570407644335,0.21571249838215625,0.41227688874349655,0.010674863890169303,25.278212012052833,0.011848479280845705,3.0459364705974297,29.481646747352496,1.397250722604873,0.17027231467473525,1.393327420085501,0.0014438840215907037,0.2400157939064033,1.168894754505418,0.006199389627417621,65.53955858241896,0.28489564813041934,-0.6142857142857142,2.322312038564176,1.1159215227498955,0.6713842181433319,-0.09869331948771201,-0.6285369074714097,-0.5511795079477574,0.07942881306721791,0.763388195084706,0.4685635019151128,Communication Equipment,Technology,BDC
2007Q4,2007,Q4,2008-02-29,2007-12-31,35589000.0,584584000.0,59262000.0,0.7,161784000.0,0.27675064661366033,2068849000.0,1072663000.0,836582000.0,460047000.0,996186000.0,257540000.0,478776000.0,1997026500.0,2297062500.0,23.902288477393764,1.8184707214697629,0.22234585511074031,0.4288392533349244,0.025278960462241474,23.902288477393764,0.03317817431942744,3.4161497748826517,14.028397117086742,1.861746419891429,0.06395234482564838,1.6416867282752194,0.0011396944407097251,0.2825648464436022,1.1587337815484071,0.017202318777252472,131.19343713046905,0.27675064661366033,-0.292929292929293,105.38334338517247,1.589415759171779,0.6143723298614139,0.025916789793084205,-0.27980815930063135,-0.18255927831496477,1.8118764281859647,0.3962195597929091,0.044736569448949215,Communication Equipment,Technology,BDC
2007Q3,2007,Q3,2007-11-02,2007-09-23,49416000.0,561611000.0,72497000.0,0.99,157697000.0,0.2807940015419926,2103752000.0,1007023000.0,867163000.0,520219000.0,1096729000.0,259542000.0,445469000.0,2204156760.0,2543832760.0,22.33659391358353,1.6669191244456663,0.21865695196011697,0.4567919501342075,0.03682189908329052,22.33659391358353,0.049071371756156515,3.924703682798236,11.151027804759591,2.1887849234823835,0.04298203011170471,1.5562567908084242,0.000963633820672537,0.2669568466245071,1.0571182521207414,0.02348946073491552,57.07145749721654,0.2807940015419926,0.6779661016949153,7.826141072682973,1.2913256653134364,0.5461022103282707,0.04296957671957672,0.6415094339622641,0.40147692783545014,7.288266616030592,0.8817778503485686,0.30739108700040196,Communication Equipment,Technology,BDC
2007Q2,2007,Q2,2007-08-03,2007-06-24,30104000.0,549943000.0,51729000.0,0.59,151200000.0,0.2749375844405693,2043190000.0,947478000.0,819741000.0,531779000.0,1095712000.0,269740000.0,398317000.0,2530228140.0,2900132140.0,21.018634367097032,1.541506904183881,0.22513814182724073,0.4854993994583515,0.024392862984606987,21.018634367097032,0.031772769394117856,4.600891619676949,21.01239154265214,2.6704874836143953,0.0,1.478249425372581,0.0,0.26915901115412666,0.9246792370514819,0.014733823090363599,42.16203659268147,0.2749375844405693,0.3720930232558139,0.0,0.0,0.0,0.6672363792742229,0.3674934132824566,0.38877255154639173,0.6716324903606997,0.696877530278724,0.23933452361496174,Communication Equipment,Technology,BDC
2007Q1,2007,Q1,2007-05-04,2007-03-25,22014000.0,336703000.0,37248000.0,0.43,90689000.0,0.26934419948738203,1713550000.0,903327000.0,1071404000.0,214422000.0,810223000.0,191722000.0,370503000.0,2424231800.0,2281701800.0,20.315461599010458,4.9967074274095005,0.26844854249948935,0.5092286624887776,0.016966720147164053,20.315461599010458,0.0243699125565825,7.199911494700077,27.530569183247028,2.6836702545146998,0.0,1.2831808556138575,0.0,0.1964944121852295,3.8850164628629527,0.012847013509964693,85.96566666666666,0.26934419948738203,1.0476190476190477,1.847151533043398,0.18460028053778424,0.2935343566733352,0.15751518864553019,1.054886586390367,0.9499528845147105,1.8651126101310311,0.061990564415461726,0.44681956347851387,Communication Equipment,Technology,BDC
