Quarters,Year,Quarter,FillingDate,Date,NetIncome,Revenue,OperatingIncome,EPSDiluted,GrossProfit,GrossProfitRatio,TotalAssets,CommonStockEquity,CurrentAssets,CurrentLiability,TotalLiability,Inventory,RetainedEarnings,MarketCap,EnterpriseValue,bookValuePerShare,currentRatio,debtToAssets,debtToEquity,roic,shareholdersEquityPerShare,roe,priceToSalesRatio,peRatio,pbRatio,payoutRatio,inventoryTurnover,dividendYield,assetTurnover,quickRatio,returnOnAssets,priceToFreeCashFlowsRatio,grossProfitMargin,epsdilutedGrowth,fiveYNetIncomeGrowthPerShare,fiveYRevenueGrowthPerShare,fiveYShareholdersEquityGrowthPerShare,grossProfitGrowth,netIncomeGrowth,operatingIncomeGrowth,threeYNetIncomeGrowthPerShare,threeYRevenueGrowthPerShare,threeYShareholdersEquityGrowthPerShare,Industry,Sector,Symbol
2024Q1,2024,Q1,2023-06-02,2023-04-30,-3877000.0,123759000.0,-4401000.0,-0.12,65651000.0,0.5304745513,488399000.0,227332000.0,176534000.0,87852000.0,264285000.0,144969000.0,129303000.0,197190000.0,383798000.0,6.917145899893503,2.0094477075080817,0.400938576860313,0.8613745535164429,-0.005398304484895689,6.917145899893503,-0.017054352224939735,1.593338666278816,-12.715372710858912,0.8674097795294987,0.0,0.4008305223875449,0.0,0.2533973247283471,0.17810636069753677,-0.007938181691608705,-5.575851830906263,0.5304745513457607,-1.5217391304347825,-4.470889528996731,0.20425628852428818,0.6407006217977662,-0.46988525794756264,-1.5206123271115886,-1.4119629317607414,0.7476813973694129,0.10904155733922576,0.37323975120569897,Apparel Retail,Consumer Cyclical,DLTH
2023Q4,2023,Q4,2023-03-17,2023-01-29,7447000.0,241766000.0,10683000.0,0.23,123843000.0,0.5122432435,527454000.0,230407000.0,225897000.0,118304000.0,300257000.0,154922000.0,133172000.0,214583940.0,368920940.0,7.022248636128127,1.9094620638355424,0.37896195687206846,0.8675300663608311,0.013292851038606742,7.022248636128127,0.032321066634260244,0.8875687234764194,7.203704176178327,0.931325610767034,0.0,0.7611765920915041,0.0,0.4583641417071441,0.4360714768731404,0.014118766755015603,4.5859108394597365,0.5122432434668233,2.210526315789474,-0.6292267295750964,0.07922552928575256,0.6463346346815858,0.6100024700666918,2.192855998718565,2.4566403054267796,-0.6988926363704379,-0.08235352597989713,0.27373581884894505,Apparel Retail,Consumer Cyclical,DLTH
2023Q3,2023,Q3,2022-12-02,2022-10-30,-6243000.0,147126000.0,-7334000.0,-0.19,76921000.0,0.522823974,547650000.0,221871000.0,240017000.0,141283000.0,329013000.0,204717000.0,125725000.0,285290400.0,489687400.0,6.76601000243962,1.6988385014474494,0.3904026294165982,0.9636410346552726,-0.009002280534668736,6.76601000243962,-0.028137972064848492,1.939088944170303,-11.424411340701585,1.285839068647998,0.0,0.34293683475236547,0.0,0.26864968501780334,0.12262621829944155,-0.011399616543412764,-18.64521273119404,0.5228239740086729,-3.714285714285714,-6.433522725234274,0.7072810530293556,0.8562816533718708,0.01736588720770289,-3.636402027027027,-2.8955802532954253,-34.810552493371475,0.21081822983326856,0.4249475497244037,Apparel Retail,Consumer Cyclical,DLTH
2023Q2,2023,Q2,2022-09-02,2022-07-31,2368000.0,141511000.0,3869000.0,0.07,75608000.0,0.5342906205,493321000.0,227589000.0,202508000.0,100062000.0,268940000.0,164499000.0,131943000.0,325366380.0,493060380.0,6.945889031312946,2.023825228358418,0.3710829257217917,0.8043578556081357,0.005209308533439262,6.945889031312946,0.010404720790547873,2.2992303071846005,34.350335726351354,1.4296226091770692,0.0,0.4006285752496976,0.0,0.2868537929664458,0.21119905658491736,0.004800120003000075,-13.362068993839836,0.5342906205171329,2.732673267326733,-0.4630693963072217,0.5941819320184066,0.8986881615375827,0.12741750294499202,2.7898715041572184,5.371751412429378,0.2052969642488711,0.14335164029844594,0.45911481335982873,Apparel Retail,Consumer Cyclical,DLTH
2023Q1,2023,Q1,2022-06-03,2022-05-01,-1323000.0,122904000.0,-885000.0,-0.0404,67063000.0,0.5456535182,502793000.0,224570000.0,214133000.0,108151000.0,281404000.0,152244000.0,129575000.0,414486380.0,561210380.0,6.864645106070795,1.9799447069375224,0.3721093969088671,0.8331210758338158,-0.0011631781093900278,6.864645106070795,-0.005891258850247139,3.372440115862787,-78.32320105820106,1.8456890056552524,0.0,0.3667862116076824,0.0,0.2444425439494981,0.42040295512755316,-0.002631301549544246,-11.64222178529296,0.5456535181930613,-1.0762264150943397,-4.625144422812475,0.428571033876241,0.95289328045723,-0.5397343948388867,-1.0762931780174154,-1.036085626911315,0.8275899533458442,0.06156342620476162,0.46614536345759533,Apparel Retail,Consumer Cyclical,DLTH
2022Q4,2022,Q4,2022-03-25,2022-01-30,17341000.0,270761000.0,24525000.0,0.53,145705000.0,0.5381314148,515550000.0,225870000.0,222521000.0,115996000.0,292832000.0,124907000.0,130868000.0,492512800.0,605706800.0,6.91579914268218,1.9183506327804407,0.36901367471632235,0.8422765307477753,0.03168450354284221,6.91579914268218,0.07677425067516713,1.8189946114839286,7.1004094342886805,2.1805144552176032,0.0,1.0011928875083063,0.0,0.5251886334982058,0.7112831476947481,0.033635922800892254,8.49467565842805,0.5381314147901655,4.888888888888889,0.19710631494559278,0.4975436060954864,0.962479849184469,0.7418410041841004,5.179971489665004,4.048373816385344,-0.17266761917602697,0.06316788155673006,0.38575623455324587,Apparel Retail,Consumer Cyclical,DLTH
2022Q3,2022,Q3,2021-12-03,2021-10-31,2806000.0,145277000.0,4858000.0,0.09,83650000.0,0.5757965817025407,508217000.0,207820000.0,206628000.0,116705000.0,302894000.0,167071000.0,113509000.0,485490630.0,658913630.0,6.365279181598211,1.770515402082173,0.3813587502976091,0.9326003272062362,0.006399002520486329,6.365279181598211,0.013502069098258108,3.3418271990748707,43.25468905915894,2.336111202001732,0.0,0.36886712834663105,0.0,0.2858562385752543,0.22388072490467417,0.00552126355474138,228.7891753063148,0.5757965817025407,-0.6715783942372956,4.863568675293383,1.0930833946421465,1.0698600014853414,0.02731314322206666,-0.6879448398576512,-0.6287919309238176,1.8757601948964626,0.3385557444169955,0.4676057261856797,Apparel Retail,Consumer Cyclical,DLTH
2022Q2,2022,Q2,2021-09-03,2021-08-01,8992000.0,149127000.0,13087000.0,0.274038,81426000.0,0.5460178237341327,463158000.0,204356000.0,169849000.0,85684000.0,261256000.0,136859000.0,110703000.0,530792480.0,694075480.0,6.26397743992153,1.9822720694645442,0.39339491059206577,0.8916009317074125,0.018088806625467396,6.26397743992153,0.04400164418955157,3.5593318446693085,14.757353202846973,2.597391219244847,0.0,0.4946770033392031,0.0,0.321978676823028,0.25480836562251996,0.019414541042149763,47.65599569042916,0.5460178237341327,12.701899999999998,1.4005829404804706,1.1889085086830238,1.0545324548004853,0.22365988909426987,15.529411764705882,5.906068601583113,0.3859064534504866,0.3246072388914127,0.4151555094453209,Apparel Retail,Consumer Cyclical,DLTH
2022Q1,2022,Q1,2021-06-04,2021-05-02,544000.0,133419000.0,1895000.0,0.02,66543000.0,0.49875205180671417,482164000.0,194352000.0,184579000.0,110710000.0,290221000.0,146257000.0,101710000.0,522917800.0,700155800.0,5.972710510141365,1.667229699214163,0.4216241776656905,1.0459990121017535,0.002816865060128567,5.972710510141365,0.002799045031695069,3.9193653077897452,240.31148897058824,2.6905707170494773,0.0,0.45724990940604554,0.0,0.2767087546975718,0.25844097190859,0.0011282468205838676,50.32895091434071,0.49875205180671417,-0.9701492537313433,-0.8374119850023904,0.8830406118111345,1.0431933501156483,-0.5095773298448613,-0.9750813063991571,-0.9379685096075158,1.775313117908094,0.31122101343642145,0.41668688063350856,Apparel Retail,Consumer Cyclical,DLTH
2021Q4,2021,Q4,2021-03-26,2021-01-31,21831000.0,255960000.0,30549000.0,0.67,135685000.0,0.53010235974371,515577000.0,193461000.0,210310000.0,95714000.0,324479000.0,149052000.0,101166000.0,410074280.0,600220280.0,5.953745306825875,2.1972752157469126,0.4603909794269333,1.2269501346524623,0.03841815441803745,5.953745306825875,0.11284444926884489,1.6021029848413815,4.696008886445879,2.119674146210347,0.0,0.8069331508466844,0.0,0.49645348803379513,0.52281797856113,0.04234285082538593,5.211859025685998,0.53010235974371,21.333333333333336,0.13214281854262508,0.6585681456525027,0.9815871857874265,0.9100609541506539,22.224468085106384,9.726474719101123,0.09753147601547563,0.15373316542674204,0.3958288309917854,Apparel Retail,Consumer Cyclical,DLTH
2021Q3,2021,Q3,2020-12-04,2020-11-01,940000.0,135531000.0,2848000.0,0.03,71037000.0,0.5241383890032538,554747000.0,171054000.0,242888000.0,106275000.0,385987000.0,213403000.0,79335000.0,520265520.0,792123520.0,5.267089543047173,2.2854669489531876,0.5131312111647292,1.6641411484092743,0.003193771022851763,5.267089543047173,0.005495340652659394,3.8387197025034863,138.36848936170213,3.0415279385457223,0.0,0.3022169322830513,0.0,0.24431137076901724,0.16827099505998588,0.00169446612599978,-28.59858839050132,0.5241383890032538,-0.8333333333333334,-0.399769745039228,1.3616970926256522,3.9170937999028324,-0.019800750634727894,-0.8417774785389665,-0.7091503267973857,2.1301460324245474,0.5880333117145361,0.44504688611159793,Apparel Retail,Consumer Cyclical,DLTH
2021Q2,2021,Q2,2020-09-04,2020-08-02,5941000.0,137375000.0,9792000.0,0.18,72472000.0,0.5275486806187443,506183000.0,169653000.0,201793000.0,84121000.0,338783000.0,167584000.0,78395000.0,237497400.0,476608400.0,5.228941285251965,2.398842144054398,0.5099262519681617,1.5214349289431959,0.0128632132608038,5.228941285251965,0.03501853783900078,1.7288254777070065,9.993999326712675,1.3999009743417445,0.0,0.38728637578766467,0.0,0.2713939425069589,0.29576443456449636,0.011736861964941532,15.201779427766754,0.5275486806187443,1.3829787234042552,0.005437127655204689,1.5639197909452456,3.5963913595486985,0.38485056944125967,1.3925338619094814,1.5160746284389164,0.36041578083948433,0.5628994435760759,0.42935322907201046,Apparel Retail,Consumer Cyclical,DLTH
2021Q1,2021,Q1,2020-06-05,2020-05-03,-15135000.0,109917000.0,-18974000.0,-0.47,52332000.0,0.4761046971805999,505612000.0,163061000.0,196990000.0,82590000.0,344761000.0,175037000.0,72454000.0,129811720.0,387470720.0,5.037099962930928,2.3851555878435646,0.5271097204971401,1.634437419125358,-0.024372439525898897,5.037099962930928,-0.09281802515622987,1.1809976618721398,-2.144230591344565,0.7960929958727101,0.0,0.3289875854819267,0.0,0.21739397007982406,0.1490858457440368,-0.029934020553309654,-3.4502370827131617,0.4761046971805999,-1.6266666666666667,-6.436770456452381,0.870403392862422,0.0,-0.6181873896484803,-1.6209485517354558,-1.572385290657335,-42.90945487580121,0.2911146429041741,0.4329828445027445,Apparel Retail,Consumer Cyclical,DLTH
2020Q4,2020,Q4,2020-03-20,2020-02-02,24374000.0,259649000.0,33149000.0,0.75,137062000.0,0.5278741685891338,474050000.0,178272000.0,162192000.0,78775000.0,297944000.0,147849000.0,87589000.0,275179360.0,498136360.0,5.51311232063335,2.0589273246588387,0.4714587068874591,1.2536741608328845,0.04519137763952197,5.51311232063335,0.13672365823012025,1.0598129012628588,2.8224682038237465,1.5435927122599173,0.0,0.829136483845004,0.0,0.5477249235312731,0.046448746429704854,0.05141651724501635,5.715993519172448,0.5278741685891338,74.0,0.6970277571680701,1.2815616802862835,3.690326522013017,1.096871414365486,132.92307692307693,23.96159638554217,0.6994769341622817,0.4504738595434727,0.5644427509121466,Apparel Retail,Consumer Cyclical,DLTH
2020Q3,2020,Q3,2019-12-06,2019-11-03,182000.0,119768000.0,1328000.0,0.01,65365000.0,0.5457634760537038,518117000.0,153473000.0,204263000.0,95522000.0,365139000.0,183115000.0,63214000.0,305119680.0,576238680.0,4.74825196460615,2.138386968447059,0.527498615177653,1.7808083506545125,-0.0017838655076008378,4.74825196460615,0.0011858763430701166,2.547589339389486,419.1204395604396,1.9881000566874956,0.0,0.29709745242061,0.0,0.23116014336530166,0.09511944892276125,0.0003512720099900216,-6.436580879250696,0.5457634760537038,-0.8333333333333333,-0.9411477369482276,1.7240905030877582,0.0,0.008656873032528857,-0.90599173553719,-0.6444444444444445,-0.6158353537228607,0.7430190134881411,0.5440354677490779,Apparel Retail,Consumer Cyclical,DLTH
2020Q2,2020,Q2,2019-09-13,2019-08-04,1936000.0,121963000.0,3735000.0,0.06,64804000.0,0.5313414724137648,434095000.0,153702000.0,137474000.0,71370000.0,280795000.0,114849000.0,63032000.0,373572160.0,581923160.0,4.760344400396432,1.9262154967073,0.4879554014674207,1.3781147935615672,0.005422201479246266,4.760344400396432,0.01259580226672392,3.0629958266031503,48.240206611570244,2.430496415140987,0.0,0.49768826894444007,0.0,0.2809592370333683,0.1377609639904722,0.004459853257927412,-194.87332290036517,0.5313414724137648,1.2608695652173914,-0.6707639725537368,1.2873438808072253,3.1844810788315914,0.06379066942447224,1.2556788166930797,1.3854091425033537,-0.4777699790035576,0.8088205798392532,0.5613533350727945,Apparel Retail,Consumer Cyclical,DLTH
2020Q1,2020,Q1,2019-06-14,2019-05-05,-7572000.0,114244000.0,-9691000.0,-0.23,60918000.0,0.5332271279016841,418930000.0,151143000.0,126111000.0,62718000.0,268099000.0,104289000.0,61096000.0,535864600.00000006,741761600.0,4.6821040240389085,2.0107624605376446,0.49385100136060917,1.3688295190647268,-0.014474478912120508,4.6821040240389085,-0.05009825132490423,4.690527292461749,-17.692307184363443,3.5454146073585946,0.0,0.511329095110702,0.0,0.27270427040316997,0.15375171402149304,-0.01807461867137708,-23.385903814262026,0.5332271279016841,-1.359375,-3.7276693841291992,0.9495140413367376,0.0,-0.5358663933989074,-1.3672162948593598,-1.3219066600232519,-3.281239081900766,0.6253465536790149,0.6016921948958802,Apparel Retail,Consumer Cyclical,DLTH
2019Q4,2019,Q4,2019-04-19,2019-02-03,20620000.0,250541000.0,30105000.0,0.64,131251000.0,0.5238703445743411,296759000.0,160349000.0,118198000.0,52611000.0,136649000.0,97685000.0,70592000.0,747343800.0,816425800.0,4.990631808278867,2.2466404364106367,0.23525150037572576,0.43538157394183935,0.08690493927811865,4.990631808278867,0.12859450323980817,2.982920160772089,9.060909311348206,4.6607325271750994,0.0,1.2211700875262324,0.0,0.8442574614417759,0.1020699093345498,0.0694839920608979,15.753784860557769,0.5238703445743411,7.3999999999999995,0.44486200458908676,1.215643774461875,3.2458218462857404,1.1526791425431762,7.546031746031746,12.746000780335544,0.0814556102435906,0.6418462134626883,0.6610337746444287,Apparel Retail,Consumer Cyclical,DLTH
2019Q3,2019,Q3,2018-12-07,2018-10-28,-3150000.0,106701000.0,-2563000.0,-0.1,60971000.0,0.5714191994451786,324517000.0,139215000.0,150226000.0,65160000.0,181866000.0,131448000.0,49972000.0,919286720.0,1028272720.0,4.33718611751511,2.3054941682013506,0.343544405994139,0.8008188772761556,-0.0064336881960326536,4.33718611751511,-0.022626872104299107,8.615539873103344,-72.9592634920635,6.603359695435119,0.0,0.34789422433205525,0.0,0.3287994157470949,0.08695518723143032,-0.009706733391471017,-30.645955262192885,0.5714191994451786,-1.5000000000000002,-2.0257052690339243,1.4438214795928426,0.0,-0.020388817480719794,-1.4939626783754116,-1.2589935327405013,-3.0350971341865933,0.8812157317048056,3.0489820408711403,Apparel Retail,Consumer Cyclical,DLTH
2019Q2,2019,Q2,2018-09-06,2018-07-29,6377000.0,110653000.0,9896000.0,0.2,62240000.0,0.5624791013348034,270438000.0,141931000.0,116639000.0,42779000.0,125145000.0,102365000.0,53122000.0,738777600.0,813787600.0,4.426352721035397,2.7265480726524696,0.2863244070729705,0.5455679168046446,0.02836054366356607,4.426352721035397,0.0449302830248501,6.67652571552511,28.96258428728242,5.205188436634702,0.0,0.4729448541982123,0.0,0.4091621739548436,0.06556955515556698,0.023580266086866492,-51.31825507085301,0.5624791013348034,11.0,0.0920142790267411,1.0896639784328161,2.890892685803337,0.11262066499821237,10.228654124457309,39.505836575875485,0.0920142790267411,1.0896639784328161,2.890892685803337,Apparel Retail,Consumer Cyclical,DLTH
2019Q1,2019,Q1,2018-06-06,2018-04-29,-691000.0,100207000.0,-257000.0,-0.02,55940000.0,0.5582444340215753,249009000.0,135105000.0,109561000.0,69567000.0,110617000.0,97997000.0,46745000.0,555998100.0,612239100.0,4.2159707919865195,1.5748990182126583,0.23059407491295494,0.42500277561896305,-0.0008461077253899826,4.2159707919865195,-0.005114540542540987,5.548495614078857,-201.15705499276413,4.115303652714555,0.0,0.45171790973193054,0.0,0.40242320558694666,0.0257305906536145,-0.0027750001003979774,-22.251494777284186,0.5582444340215753,-1.0333333333333334,-1.2507450236610589,0.7225196259632197,0.0,-0.5178666850533501,-1.0353850880786564,-1.008698300954444,-1.2507450236610589,0.7225196259632197,0.0,Apparel Retail,Consumer Cyclical,DLTH
2018Q4,2018,Q4,2018-03-21,2018-01-28,19528000.0,217805000.0,29546000.0,0.6,116026000.0,0.5327058607469984,223102000.0,136070000.0,101826000.0,50296000.0,83753000.0,89548000.0,48084000.0,597824740.0,623045740.0,4.265383530296856,2.0245347542548116,0.12588860700486773,0.2064084662306166,0.10471152890191164,4.265383530296856,0.14351436760490924,2.7447705057276,7.653430202785742,4.3935087822444325,0.0,1.1365859650690133,0.0,0.9762574965710751,0.06342452680133609,0.08752947082500381,10.701814113350757,0.5327058607469984,21.0,0.3781671839004954,0.9399717430329037,2.6288107941922996,1.4464123811331098,24.931372549019606,49.27777777777778,0.3781671839004954,0.9399717430329037,2.6288107941922996,Apparel Retail,Consumer Cyclical,DLTH
2018Q3,2018,Q3,2017-12-07,2017-10-29,-816000.0,83729000.0,-612000.0,-0.03,47427000.0,0.5664345686679645,252947000.0,116131000.0,145415000.0,58772000.0,133614000.0,129475000.0,28556000.0,646778300.0,718864300.0,3.6449263990458554,2.474222418838903,0.28877195618054374,0.6289793422944778,-0.0018321382651365938,3.6449263990458554,-0.007026547605721125,7.724662900548197,-198.15511642156864,5.569385435413456,0.0,0.28037845143850165,0.0,0.3310140068868182,0.04575307969781529,-0.003225972239243794,-16.074617258176758,0.5664345686679645,-1.2307692307692308,-1.2676829819206537,0.9319481317980888,0.0,-0.030578664431862315,-1.1904761904761905,-1.0828258221680878,-1.2676829819206537,0.9319481317980888,0.0,Apparel Retail,Consumer Cyclical,DLTH
2018Q2,2018,Q2,2017-09-06,2017-07-30,4284000.0,86226000.0,7389000.0,0.13,48923000.0,0.5673810683552525,181697000.0,116435000.0,96100000.0,37807000.0,61730000.0,84734000.0,29372000.0,616826640.0,638025640.0,3.658256880733945,2.541857328008041,0.12443793788560076,0.19418559711426978,0.0312352091491963,3.658256880733945,0.03679306050586164,7.153603785401155,35.99595238095238,5.297605015673981,0.0,0.44023650482687,0.0,0.47455929376929723,0.04930303911973973,0.023577714546745406,-30.30940199498796,0.5673810683552525,12.0,-0.26093394253720703,0.640489285144751,2.215714118848598,0.005756223917110376,11.067605633802817,8.865153538050734,-0.26093394253720703,0.640489285144751,2.215714118848598,Apparel Retail,Consumer Cyclical,DLTH
2018Q1,2018,Q1,2017-06-07,2017-04-30,355000.0,83687000.0,749000.0,0.01,48643000.0,0.5812491784865033,159990000.0,111858000.0,95873000.0,36737000.0,45194000.0,75716000.0,25088000.0,686082320.0,678032320.0,3.515115329017661,2.609712279173585,0.03458966185386587,0.04947343953941605,0.003975636746504699,3.515115329017661,0.003173666613027231,8.198194701686045,483.1565633802816,6.133511416259901,0.0,0.4628348037402927,0.0,0.5230764422776424,0.4005498543702534,0.002218888680542534,-57.79482099233426,0.5812491784865033,-0.9767441860465116,-0.870273415090598,0.4486733638580864,0.0,-0.4974117890168931,-0.9746301722289716,-0.9672281776416539,-0.870273415090598,0.4486733638580864,0.0,Apparel Retail,Consumer Cyclical,DLTH
2017Q4,2017,Q4,2017-03-22,2017-01-29,13993000.0,174653000.0,22855000.0,0.43,96785000.0,0.5541559549506736,155967000.0,111179000.0,101246000.0,35119000.0,42179000.0,70368000.0,24733000.0,702911720.0,682995720.0,3.524010269739136,2.8829408582248925,0.026454314053613905,0.037111324980436955,0.11816059201436854,3.524010269739136,0.1258600994792182,4.0246186438251845,12.558274137068535,6.322342528714955,0.0,1.1065825375170533,0.0,1.1198073951541032,0.6958056892280532,0.08971769669224901,17.844928154353898,0.5541559549506736,42.0,-0.0014411357665286098,0.5729767656787628,1.9980812780003148,1.4978063383916589,29.28787878787879,26.905982905982906,-0.0014411357665286098,0.5729767656787628,1.9980812780003148,Apparel Retail,Consumer Cyclical,DLTH
2017Q3,2017,Q3,2016-12-09,2016-10-30,462000.0,67008000.0,819000.0,0.01,38748000.0,0.5782593123209169,155620000.0,96931000.0,108233000.0,38778000.0,56106000.0,96681000.0,10740000.0,855768000.0,873609000.0,3.075222081218274,2.791092887719841,0.11575632952062717,0.18584353818695773,0.00439684522078322,3.075222081218274,0.004766277042432245,12.771131805157593,463.0779220779221,8.828630675428913,0.0,0.29230148633133707,0.0,0.4305873281069271,0.08473876940533293,0.0029687700809664565,-24.90013966480447,0.5782593123209169,-0.9090909090909092,-0.8468045833418106,0.562857594786812,0.0,-0.00447047942037922,-0.8723404255319149,-0.8631807550952222,-0.8468045833418106,0.562857594786812,0.0,Apparel Retail,Consumer Cyclical,DLTH
2017Q2,2017,Q2,2016-09-09,2016-07-31,3619000.0,65823000.0,5986000.0,0.11,38922000.0,0.5913130668611276,133442000.0,96100000.0,95851000.0,33576000.0,35525000.0,66919000.0,10278000.0,804705600.0,786282600.0,3.0488578680203045,2.8547474386466525,0.036562701398360334,0.05077003121748179,0.03634319166631765,3.0488578680203045,0.03765868886576483,12.225295109612142,55.58894722298978,8.373627471383976,0.0,0.4019934547736816,0.0,0.4932704845550876,0.7072611389087443,0.027120396876545615,-131.14498044328553,0.5913130668611276,0.09999999999999995,-0.3695574474671841,0.2645498985922073,1.680034675582577,-0.01937466932050087,0.11663066954643629,0.12076390189103164,-0.3695574474671841,0.2645498985922073,1.680034675582577,Apparel Retail,Consumer Cyclical,DLTH
2017Q1,2017,Q1,2016-06-08,2016-05-01,3241000.0,68632000.0,5341000.0,0.1,39691000.0,0.5783162373236974,118987000.0,92140000.0,93133000.0,22783000.0,25095000.0,58239000.0,6575000.0,748600000.0,723247000.0,2.923223350253807,4.087828644164508,0.04160118332254784,0.05372259604948991,0.03390951392386108,2.923223350253807,0.03517473410028218,10.907448420561836,57.74452329527924,8.124593010635989,0.05924097500771367,0.4969350435275331,0.0002564787603526583,0.5768025078369906,1.3528508098143353,0.02723826972694496,-102.47775496235455,0.5783162373236974,-0.8275862068965517,0.1956964115556272,0.19944515028131135,0.0,-0.49625596507259623,-0.8152223489167617,-0.7188207423006054,0.1956964115556272,0.19944515028131135,0.0,Apparel Retail,Consumer Cyclical,DLTH
2016Q4,2016,Q4,2016-04-08,2016-01-31,17540000.0,140377000.0,18995000.0,0.58,78792000.0,0.5612885301723217,120620000.0,88805000.0,98390000.0,24690000.0,30134000.0,55303000.0,3443000.0,486508220.0,453658220.0,3.0045336130189124,3.9850141757796678,0.04164317691925054,0.056562130510669446,0.18816056972586653,3.0045336130189124,0.19751140138505716,3.465726009246529,6.934267673888256,5.47838770339508,2.6457240592930447,1.1135923910095293,0.09538584980126337,1.1637953904825071,1.537829080599433,0.14541535400431105,15.833763587840917,0.5612885301723217,11.027705196798141,0.3360344991540072,0.34948313447033247,1.5561321576345597,1.4931021389697507,10.623591782637508,10.540097205346294,0.3360344991540072,0.34948313447033247,1.5561321576345597,Apparel Retail,Consumer Cyclical,DLTH
2016Q3,2016,Q3,2015-10-31,2015-10-31,1509000.0,55296000.0,1646000.0,0.048222,31604000.0,0.5715422453703703,103225000.0,33520000.0,80940000.0,32392000.0,67982000.0,72993000.0,32253000.0,427144140.15000004,462409140.15000004,1.0711793911987721,2.4987651271918994,0.3436570598207799,1.0582935560859188,0.023857146998289707,1.0711793911987721,0.045017899761336515,7.724684247504341,70.76609346421472,12.742963608293556,2.489065606361829,0.3245790692258162,0.008793284624438503,0.5356841850326955,0.02590145714991356,0.014618551707435215,-22.566071455363844,0.5715422453703703,-0.7352185372282013,-0.4959919839679359,0.29906498144058646,0.0,0.03748933096973278,-0.7352167046850324,-0.7139878366637706,-0.4959919839679359,0.29906498144058646,0.0,Apparel Retail,Consumer Cyclical,DLTH
2016Q2,2016,Q2,2015-07-31,2015-07-31,5699000.0,51677000.0,5755000.0,0.18212,30462000.0,0.5894692029336068,74402256.0,35599063.0,53395057.0,24712209.0,36897099.0,47763143.0,34499634.0,427144140.15000004,439431603.15000004,1.1376188135914898,2.1606751950017906,0.17007097204149293,0.3554493555069132,0.11907113179065976,1.1376188135914898,0.16008848322777483,8.265652807825532,18.73767942402176,11.998746712799717,0.6590629935076329,0.44417093741088187,0.008793284624438503,0.694562272412815,0.02623480563797433,0.07659713974264436,179.80473991833642,0.5894692029336068,1.1177975463689749,0.0,0.0,0.0,-0.06738511465572666,1.1178000743218135,1.0896877269426288,0.0,0.0,0.0,Apparel Retail,Consumer Cyclical,DLTH
2016Q1,2016,Q1,2015-04-30,2015-04-30,2691000.0,56807000.0,2754000.0,0.085995,32663000.0,0.5749819564490292,,,,,,,,427144140.15000004,,,0.0,0.0,0.0,0.0,,0.0,7.519216648476421,39.682658876811594,0.0,2.2887402452619843,0.0,0.014419020234802115,0.0,0.0,0.0,-58.794788733654514,0.5749819564490292,-0.8063927411852845,0.0,0.0,0.0,-0.4671515218588433,-0.8063933227208192,-0.8034349352505826,0.0,0.0,0.0,Apparel Retail,Consumer Cyclical,DLTH
2015Q4,2015,Q4,2015-01-31,2015-01-31,13899314.0,110131092.0,14010628.0,0.4441723958413058,61298852.0,0.5565989666206161,70949484.0,36782019.0,53351391.0,27637503.0,32687611.0,41362970.0,36024959.0,427144140.15000004,424946888.15000004,1.1754218591730807,1.9303983793326047,0.08010813722056104,0.15452199619602175,0.3273757282177027,1.1754218591730807,0.3778833891636019,3.8785063544997813,7.682827730742683,11.6128519250126,0.2413068731305732,1.1805786673442453,0.007852150327573679,1.5522465533364556,0.2884691862358188,0.19590437049549225,11.498181831616717,0.5565989666206161,3.642367062870313,0.0,0.0,0.0,1.560734062996073,3.6423894455577823,3.5079240669240668,0.0,0.0,0.0,Apparel Retail,Consumer Cyclical,DLTH
2015Q3,2015,Q3,2014-10-31,2014-10-31,2994000.0,42566000.0,3108000.0,0.095678,23938000.0,0.5623737255086219,,,,,,,,427144140.15000004,,,0.0,0.0,0.0,0.0,,0.0,10.034866798618618,35.666678369238475,0.0,0.7862391449565799,0.0,0.005511020235870137,0.0,0.0,0.0,-31.410318002671993,0.5623737255086219,0.0,0.0,0.0,0.0,0.0,0.0,0.0,0.0,0.0,0.0,Apparel Retail,Consumer Cyclical,DLTH
