Quarters,Year,Quarter,FillingDate,Date,NetIncome,Revenue,OperatingIncome,EPSDiluted,GrossProfit,GrossProfitRatio,TotalAssets,CommonStockEquity,CurrentAssets,CurrentLiability,TotalLiability,Inventory,RetainedEarnings,MarketCap,EnterpriseValue,bookValuePerShare,currentRatio,debtToAssets,debtToEquity,roic,shareholdersEquityPerShare,roe,priceToSalesRatio,peRatio,pbRatio,payoutRatio,inventoryTurnover,dividendYield,assetTurnover,quickRatio,returnOnAssets,priceToFreeCashFlowsRatio,grossProfitMargin,epsdilutedGrowth,fiveYNetIncomeGrowthPerShare,fiveYRevenueGrowthPerShare,fiveYShareholdersEquityGrowthPerShare,grossProfitGrowth,netIncomeGrowth,operatingIncomeGrowth,threeYNetIncomeGrowthPerShare,threeYRevenueGrowthPerShare,threeYShareholdersEquityGrowthPerShare,Industry,Sector,Symbol
2023Q1,2023,Q1,2023-05-09,2023-03-31,11227000.0,39881000.0,27991000.0,0.7,39881000.0,1.0,4583465000.0,510793000.0,312406000.0,93809000.0,4072672000.0,0.0,129617000.0,404962632.36,507188632.36,32.302755080797205,3.330234838874735,0.03455464370296271,0.3100668959833044,0.03353121723973726,32.302755080797205,0.021979549445665856,10.15427477645997,9.017605601674534,0.7928116328140753,0.28288946290193284,0.0,0.007842698921357832,0.008701059133210355,3.330234838874735,0.0024494569065106856,33.67112599650786,1.0,-0.292929292929293,3.2253125548947486,0.203334835217101,0.387304233397934,-0.10983884648006785,-0.2857688148101024,-0.08196129878648738,0.5777777007497084,0.03881429455545538,0.14429365051600707,Banks—Regional,Financial Services,MPB
2022Q4,2022,Q4,2023-03-16,2022-12-31,15719000.0,44802000.0,30490000.0,0.99,44802000.0,1.0,4486257000.0,512099000.0,314486000.0,104950000.0,3974158000.0,0.0,133114000.0,476013599.90999997,591962599.91,32.24195071926889,2.9965316817532157,0.03872314938711714,0.3392351869462741,0.03570624485812847,32.24195071926889,0.03069523666322332,10.624829246685415,7.570672433201858,0.9295343281474872,0.2021120936446339,0.0,0.006674179058330846,0.009986498767235136,2.9965316817532157,0.003503811752202337,26.634601606423455,1.0,0.020618556701030948,10.802901229115081,0.557944596738221,1.5447341744467848,-0.002427022333058716,0.015373683870550998,0.3274991292232671,0.9049084035547154,0.08818741036715903,0.14999968608757847,Banks—Regional,Financial Services,MPB
2022Q3,2022,Q3,2022-11-04,2022-09-30,15481000.0,44911000.0,22968000.0,0.97,44911000.0,1.0,4333903000.0,499105000.0,339022000.0,1841000.0,3834798000.0,0.0,120572000.0,456163218.16,456744218.16,31.434552544239708,184.15100488864746,0.018717308624581583,0.1625289267789343,0.031515254365637166,31.434552544239708,0.0310175213632402,10.157048788938123,7.3665011652993995,0.9139624290680317,0.20502551514760028,0.0,0.006958035794299211,0.010362714624669726,184.15100488864746,0.003572068871869075,21.744838314424637,1.0,0.25974025974025966,0.8373093410328695,0.08189644243205933,0.721369842399618,0.10495755935539426,0.26354880835781913,0.18962034495260785,0.7164842309445989,0.15191597223527165,0.13526792521928374,Banks—Regional,Financial Services,MPB
2022Q2,2022,Q2,2022-08-05,2022-06-30,12252000.0,40645000.0,19307000.0,0.77,40645000.0,1.0,4310163000.0,495835000.0,301403000.0,1542000.0,3814328000.0,0.0,108265000.0,429767030.90999997,449329030.90999997,31.116090784545193,195.46238651102465,0.02062822218092448,0.1793156997791604,0.026460439979338495,31.116090784545193,0.024709832908124677,10.573675259195472,8.769324006488736,0.8667541236701725,0.26061051256937645,0.0,0.007429606671407665,0.009430037796714417,195.46238651102465,0.0028425839115597254,37.09044885734012,1.0,0.08450704225352121,0.397951524481078,0.010138033444325945,0.7540283046202222,0.015236667915573873,0.07909106922670424,0.03985565788765013,0.4777669990698743,0.04650130834163373,0.13862460247775657,Banks—Regional,Financial Services,MPB
2022Q1,2022,Q1,2022-05-09,2022-03-31,11354000.0,40035000.0,18567000.0,0.71,40035000.0,1.0,4667174000.0,494161000.0,215245000.0,2067000.0,4173013000.0,0.0,99206000.0,427830333.84,529420333.84,30.96661307553442,104.13401064344461,0.034225850589671605,0.32325092429390423,0.022781232163397124,30.96661307553442,0.022976317435006,10.686407739228175,9.420255721331689,0.8657711430889933,0.28104632728553813,0.0,0.007458564172762398,0.008577996020718319,104.13401064344461,0.002432735526894862,80.64662277851083,1.0,12.320825515947465,0.5138270208440469,0.01089308109636703,0.8164378061228554,0.16161323081386914,17.70510708401977,3.757109915449654,0.4763994836792194,0.09635857879315446,0.15186890678406473,Banks—Regional,Financial Services,MPB
2021Q4,2021,Q4,2022-03-15,2021-12-31,607000.0,34465000.0,3903000.0,0.0533,34465000.0,1.0,4689425000.0,490076000.0,261821000.0,1791000.0,4199349000.0,0.0,91043000.0,361208595.41999996,340984595.41999996,43.06379315783781,146.18704634282523,0.03559221013237231,0.34057370693525085,0.005977823282162517,43.06379315783781,0.0012385834033904945,10.480446697229072,148.7679552800659,0.7370460814649156,3.7660626029654036,0.0,0.006328753050136927,0.007349515132452273,146.18704634282523,0.00012944017656748961,15.053494287143153,1.0,-0.9380232558139535,-0.8909972475840455,0.17392037219871231,1.5927089964545713,0.0,-0.9379789516705834,0.0,-0.902938174148981,0.2896954375339911,0.632191247856915,Banks—Regional,Financial Services,MPB
2021Q3,2021,Q3,2021-11-08,2021-09-30,9787000.0,31370000.0,0.0,0.86,0.0,0.0,3453187000.0,349308000.0,0.0,0.0,3103879000.0,0.0,92722000.0,313525419.15000004,401262419.15000004,30.694274888747884,0.0,0.03776424502930192,0.37332955443333676,0.0,30.694274888747884,0.028018253232104617,9.99443478323239,8.00872124118729,0.8975615192036828,0.23347297435373454,0.0,0.007288085304837077,0.009084361779422892,0.0,0.002834193456653231,26.29143976100629,0.0,-0.07526881720430113,0.9111108358446135,0.14716026173541097,0.7269260889408228,0.0,0.01810048892125247,0.0,2.0582731437332757,0.17646400590878344,0.06478617388526507,Banks—Regional,Financial Services,MPB
2021Q2,2021,Q2,2021-08-06,2021-06-30,9613000.0,31803000.0,0.0,0.93,0.0,0.0,3461792000.0,341569000.0,0.0,0.0,3120223000.0,0.0,85220000.0,283738544.55,574502544.55,33.044749224572705,0.0,0.09469459748014901,0.9597270244079528,0.0,33.044749224572705,0.028143654722764654,8.921754065654184,7.379032158275252,0.8306917330027022,0.23728284614584416,0.0,0.008039091071033691,0.009186860446843716,0.0,0.002776885497453342,20.465850010819388,0.0,-0.15454545454545457,0.9375000262014983,0.3087757400945502,0.869122191751652,0.0,0.03232388316151203,0.0,1.0489975124160473,0.4522192351479471,0.42708495593720397,Banks—Regional,Financial Services,MPB
2021Q1,2021,Q1,2021-05-07,2021-03-31,9312000.0,29917000.0,0.0,1.1,0.0,0.0,3382038000.0,264036000.0,0.0,0.0,3118002000.0,0.0,77888000.0,226958848.54999998,321050848.54999995,31.189817912917853,0.0,0.03886532321635653,0.4978260540229363,0.0,31.189817912917853,0.035267918011180295,7.586283669819834,6.093182145350085,0.8595753933175778,0.21692439862542956,0.0,0.008900291893906863,0.008845849750948985,0.0,0.0027533694180845985,17.986911440006338,0.0,0.024630895572078586,1.5581391424212658,0.5545028388696067,0.8382618814100915,0.0,0.0334036178004661,0.0,5.546258513045994,0.6861397159684616,0.3395069962693037,Banks—Regional,Financial Services,MPB
2020Q4,2020,Q4,2021-03-15,2020-12-31,9011000.0,31494000.0,0.0,1.0735573217181207,0.0,0.0,2998948000.0,255688000.0,0.0,0.0,2743260000.0,0.0,70175000.0,183819621.0,281889621.0,30.46229324996813,0.0,0.04364697220491986,0.5119325114983887,0.0,30.46229324996813,0.035242170144864055,5.836655267670032,5.099867412051936,0.7189215802071274,0.16801686827211187,0.0,0.00823633511898058,0.010501682590028236,0.0,0.003004720321926222,12.742244627755442,0.0,0.37635554066425725,1.7697871277724588,0.7340414113109077,0.8249525654473757,0.0,0.376355582709638,0.0,11.803293903876973,1.072370002229146,1.4042725993897707,Banks—Regional,Financial Services,MPB
2020Q3,2020,Q3,2020-11-09,2020-09-30,6547000.0,26718000.0,0.0,0.78,0.0,0.0,3052935000.0,248189000.0,0.0,0.0,2804746000.0,0.0,63099000.0,145293042.89999998,226951042.89999998,29.568873390289493,0.0,0.042052320144385646,0.5172791703097236,0.0,29.568873390289493,0.026379090128893706,5.4380209184819215,5.548077092561479,0.5854129026669191,0.2317091797769971,0.0,0.010440967920563801,0.00875157839914705,0.0,0.002144493741268648,-508.0176325174824,0.0,-0.03703703703703707,0.7258417846595973,0.4457128400491906,0.6408132756745152,0.0,-0.04185570027806235,0.0,0.4698144059666577,0.2175135388792453,0.619204436142164,Banks—Regional,Financial Services,MPB
2020Q2,2020,Q2,2020-08-07,2020-06-30,6833000.0,24968000.0,0.0,0.81,0.0,0.0,2922365000.0,243345000.0,0.0,0.0,2679020000.0,0.0,58069000.0,155471830.85999998,461525830.86,28.8466941258223,0.0,0.11732654887394285,1.4089913497298074,0.0,28.8466941258223,0.028079475641578828,6.226843594200576,5.688271288599443,0.6388947003636811,0.22288892141080052,0.0,0.009795986781498947,0.008543765066991975,0.0,0.002338174731766908,-202.17403232769828,0.0,0.8,0.6816131952799142,0.3091204852154313,0.6680563043626921,0.0,0.7896804609743321,0.0,0.47272722902353237,0.1721498140741825,0.6261013744228209,Banks—Regional,Financial Services,MPB
2020Q1,2020,Q1,2020-05-11,2020-03-31,3818000.0,20599000.0,0.0,0.45,0.0,0.0,2299751000.0,239511000.0,0.0,0.0,2060240000.0,0.0,52759000.0,171809991.0,213353991.0,28.229427880011936,0.0,0.033696256681701627,0.32354672645515237,0.0,28.229427880011936,0.015940812739289635,8.340695713384145,11.249999410686224,0.7173365356914714,0.5107386066003143,0.0,0.011349747407879208,0.008957056655263983,0.0,0.0016601797325014752,-57.51924707063944,0.0,-0.13384759528130669,0.7797645792115118,0.16240876460315656,0.47116715308471113,0.0,-0.1338475499092559,0.0,-0.04255318454974796,-0.021720617341315897,0.6558801545844328,Banks—Regional,Financial Services,MPB
2019Q4,2019,Q4,2020-03-13,2019-12-31,4408000.0,21993000.0,0.0,0.5195390528831353,0.0,0.0,2231175000.0,237874000.0,0.0,0.0,1993301000.0,0.0,50891000.0,244351987.20000002,286465987.20000005,28.036486539365455,0.0,0.03250170874091006,0.30485467096025626,0.0,28.036486539365455,0.01853081883686321,11.110443650252353,13.858438475499094,1.027232851005154,0.34618874773139746,0.0,0.00624508937899892,0.009857138055060674,0.0,0.0019756406377805418,-147.6447052567976,0.0,-0.08852797739800819,1.03755786196203,0.22373116729672943,0.6512788829760356,0.0,-0.08414710159983378,0.0,0.06173986870255501,0.004783737189724979,0.6879713919571506,Banks—Regional,Financial Services,MPB
2019Q3,2019,Q3,2019-11-08,2019-09-30,4813000.0,20806000.0,0.0,0.57,0.0,0.0,2248899000.0,234612000.0,0.0,0.0,2014287000.0,0.0,48009000.0,217165040.4,271588040.4,27.689104788341428,0.0,0.05050115634361525,0.48408436056126714,0.0,27.689104788341428,0.020514722179598658,10.437616091512064,11.280128838562227,0.9256348370927319,0.3168501973820902,0.0,0.00702230891855833,0.009251638246092866,0.0,0.0021401583619362185,32.93373375796178,0.0,0.09615384615384602,0.24812661439742045,0.1897989976783464,0.6500424884046452,0.0,0.09311832841244606,0.0,0.2622982941621987,0.02189910052272346,0.5578487392752244,Banks—Regional,Financial Services,MPB
2019Q2,2019,Q2,2019-08-07,2019-06-30,4403000.0,20626000.0,0.0,0.52,0.0,0.0,2136122000.0,231262000.0,0.0,0.0,1904860000.0,0.0,44721000.0,215201934.46,294489934.46000004,27.327787153758656,0.0,0.05481334867577788,0.506300213610537,0.0,27.327787153758656,0.01903901202964603,10.43352731794822,12.219051468317057,0.9305546715846096,0.3461276402452873,0.0,0.0070817207281343875,0.009655815538625602,0.0,0.00206121185962225,-69.15229256426736,0.0,0.08333333333333341,0.06539552625942231,0.12765499814106135,0.6595074115981466,0.0,0.0799607554574442,0.0,0.08394597575836933,0.03678412202488784,0.5457515829042128,Banks—Regional,Financial Services,MPB
2019Q1,2019,Q1,2019-05-08,2019-03-31,4077000.0,19359000.0,0.0,0.48,0.0,0.0,2147817000.0,227437000.0,0.0,0.0,1920380000.0,0.0,41842000.0,208116049.20000002,293583049.20000005,26.88379979106388,0.0,0.058705653228370944,0.554390886267406,0.0,26.88379979106388,0.017925843200534655,10.750351216488456,12.761592420897719,0.9150492189045758,0.5182732401275447,0.0,0.01015298920060414,0.009013337728493628,0.0,0.0018982064114400807,98.21427522416235,0.0,-0.1265216261561626,0.11449825378166714,0.12957260928439476,0.7004790489689918,0.0,-0.12303721230372124,0.0,0.1207319340260321,0.006552049897175182,0.5844742832854213,Banks—Regional,Financial Services,MPB
2018Q4,2018,Q4,2019-03-19,2018-12-31,4649000.0,19866000.0,0.0,0.5495270568493955,0.0,0.0,2077981000.0,223209000.0,0.0,0.0,1854772000.0,0.0,39562000.0,194749246.04,283783246.03999996,26.38403631583066,0.0,0.056885024454025324,0.5295754203459538,0.0,26.38403631583066,0.02082801320735275,9.803143362528944,10.472641753065176,0.8724972829948613,0.29447192944719297,0.0,0.007029552246476055,0.009560241407404592,0.0,0.0022372678094746776,47.13195693126815,0.0,0.9625966316049838,0.3716226740507018,0.18939862317178596,0.7423196684240908,0.0,1.1483364140480592,0.0,0.4177845352386167,0.08522392219770751,0.5806300059658924,Banks—Regional,Financial Services,MPB
2018Q3,2018,Q3,2018-11-08,2018-09-30,2164000.0,18031000.0,0.0,0.28,0.0,0.0,2044280000.0,221835000.0,0.0,0.0,1822445000.0,0.0,36244000.0,222168190.03,232740190.03,28.826703089831174,0.0,0.022953313636096817,0.21152207721955507,0.0,28.826703089831174,0.009754998084161652,12.321456936941933,25.66638054875231,1.0015019723217706,0.5859519408502772,0.0,0.005707387722017172,0.008820220322069383,0.0,0.0010585634061870193,793.4578215357143,0.0,-0.3777777777777777,-0.34003360477654176,0.12043330504947666,0.9155789332292151,0.0,-0.22130262684418855,0.0,-0.3778020819962078,0.0641689046242651,0.5996293297821678,Banks—Regional,Financial Services,MPB
2018Q2,2018,Q2,2018-08-07,2018-06-30,2779000.0,12972000.0,0.0,0.45,0.0,0.0,1415647000.0,141775000.0,0.0,0.0,1273872000.0,0.0,35386000.0,213684219.29999998,213056219.29999998,23.155418384234423,0.0,0.02089715868433303,0.20866161170869335,0.0,23.155418384234423,0.019601481220243345,16.472727358926917,19.223121563512056,1.5072066252865455,0.3303346527527888,0.0,0.004296058936908122,0.009163301303220364,0.0,0.0019630600001271504,-85.61066478365385,0.0,1.647058823529412,0.15997667524599163,0.058438071451718566,0.5821263417080456,0.0,1.7679282868525896,0.0,-0.057714329519935686,-0.06290815746499857,0.33895903105940345,Banks—Regional,Financial Services,MPB
2018Q1,2018,Q1,2018-05-09,2018-03-31,1004000.0,12523000.0,0.0,0.17,0.0,0.0,1391217000.0,139124000.0,0.0,0.0,1252093000.0,0.0,33525000.0,190899620.54999998,194319620.54999998,23.28455021122356,0.0,0.021299337199013526,0.2129898507805986,0.0,23.28455021122356,0.007216583766999224,15.2439208296734,47.53476607320717,1.3721544848480491,1.0557768924302788,0.0,0.005552656401023946,0.009001471373624675,0.0,0.0007216703073639842,1751.37266559633,0.0,1.0274278043912177,-0.1439470244728461,0.1558444977329438,0.5471880676338656,0.0,1.003992015968064,0.0,-0.33541653329026694,0.0034836567898819224,0.21346651411800738,Banks—Regional,Financial Services,MPB
2017Q4,2017,Q4,2018-03-13,2017-12-31,501000.0,10818000.0,0.0,0.08385008809280213,0.0,0.0,1170354000.0,75703000.0,0.0,0.0,1094651000.0,0.0,32565000.0,197770811.9,239248811.9,12.670066305168463,0.0,0.054941496333587955,0.849385097023896,0.0,12.670066305168463,0.006617967583847403,18.28164280828249,98.68802989021957,2.6124567309089466,1.0998003992015968,0.0,0.0027860531830076387,0.009243357138096679,0.0,0.0004280756078929965,1938.9295284313725,0.0,-0.8417922866173545,-0.7543122719815228,-0.047291676758266316,-0.15329188400863197,0.0,-0.7772343263672743,0.0,-0.6711519465734397,-0.14525275628272968,-0.2537648072894227,Banks—Regional,Financial Services,MPB
2017Q3,2017,Q3,2017-11-08,2017-09-30,2249000.0,11080000.0,0.0,0.53,0.0,0.0,1153373000.0,77391000.0,0.0,0.0,1075982000.0,0.0,33334000.0,124596171.0,137814171.0,18.261358930524437,0.0,0.03540051657182889,0.527580726441059,0.0,18.261358930524437,0.029060226641340725,11.24514178700361,13.850174633170298,1.609956855448308,0.24544241885282347,0.0,0.004430312710010969,0.009606606015573452,0.0,0.0019499329358325537,79.61416677316294,0.0,-0.03636363636363639,0.46174713437057563,0.33544608391052144,0.11806609645885398,0.0,-0.04093816631130064,0.0,0.16604733018505613,0.26680190027639494,0.08822651948141347,Banks—Regional,Financial Services,MPB
2017Q2,2017,Q2,2017-08-11,2017-06-30,2345000.0,10766000.0,0.0,0.55,0.0,0.0,1111876000.0,75636000.0,0.0,0.0,1036240000.0,0.0,31637000.0,115118172.0,129413172.0,17.739788293372136,0.0,0.03809237720753034,0.5599714421703951,0.0,17.739788293372136,0.031003754825744356,10.692752368567714,12.272726226012793,1.5220023798191338,0.2345415778251599,0.0,0.00477769921502923,0.009682734405635161,0.0,0.002109048131266436,124.58676623376623,0.0,0.17021276595744697,0.40972574523247307,0.2657571275580076,0.10958968256181026,0.0,0.1760280842527583,0.0,0.12622385117915894,0.1682486866559949,0.0772665195097592,Banks—Regional,Financial Services,MPB
2017Q1,2017,Q1,2017-05-15,2017-03-31,1994000.0,10529000.0,0.0,0.47,0.0,0.0,1072938000.0,72327000.0,0.0,0.0,1000611000.0,0.0,29842000.0,115609569.25,111993569.25,17.047989736368645,0.0,0.019516505147548133,0.2895184370981791,0.0,17.047989736368645,0.027569234172577322,10.980109150916515,14.494680196840521,1.598428930413262,0.27632898696088265,0.0,0.004766041458112257,0.009813241771658755,0.0,0.001858448484441785,47.67404917525773,0.0,-0.039499079961464435,0.4442089364371616,0.3480574272498678,0.09285589822813124,0.0,-0.0394990366088632,0.0,0.08694363608810053,0.22507181394058592,0.07833526506805118,Banks—Regional,Financial Services,MPB
2016Q4,2016,Q4,2017-03-23,2016-12-31,2076000.0,10945000.0,0.0,0.4893280060378739,0.0,0.0,1032599000.0,70467000.0,0.0,0.0,962132000.0,0.0,28399000.0,101080946.50150001,106579946.50150001,16.60957447084338,0.0,0.02033219090857148,0.297940880128287,0.0,16.60957447084338,0.029460598578057814,9.23535372329831,12.172560994881986,1.434443732548569,0.4479768786127168,0.0,0.009200547008987486,0.010599467944477962,0.0,0.0020104609824336457,43.60696570383952,0.0,0.0873955689730531,0.2611553487449713,0.36203967673866816,0.0827788185191134,0.0,0.0920568122041031,0.0,0.2213654992305678,0.3067001936773661,0.09684461991667696,Banks—Regional,Financial Services,MPB
2016Q3,2016,Q3,2016-11-10,2016-09-30,1901000.0,10151000.0,0.0,0.45,0.0,0.0,1042687000.0,75085000.0,0.0,0.0,967602000.0,0.0,27253000.0,82334413.55999999,86744413.55999999,17.773936641129577,0.0,0.0201872661690421,0.2803356196310848,0.0,17.773936641129577,0.025317972963974162,8.110965772830262,10.827776638611256,1.0965494247852434,0.2672277748553393,0.0,0.006169959534961678,0.009735423957525125,0.0,0.0018231741644424454,115.80086295358647,0.0,-0.062499999999999944,0.38463185945497025,0.31124128144093127,0.17854023692324328,0.0,-0.05984174085064293,0.0,0.05611744982145538,0.14905431994135135,0.1811055355237315,Banks—Regional,Financial Services,MPB
2016Q2,2016,Q2,2016-08-12,2016-06-30,2022000.0,9903000.0,0.0,0.48,0.0,0.0,1012884000.0,74474000.0,0.0,0.0,938410000.0,0.0,25860000.0,67020875.0,87779875.0,17.679287833827892,0.0,0.037124685551356326,0.5049144667937804,0.0,17.679287833827892,0.027150414909901444,6.767734524891447,8.286458333333334,0.8999231275344416,0.2507418397626113,0.0,0.007564807233567154,0.00977703271055718,0.0,0.0019962799293897424,5.8615423298933,0.0,0.11627906976744183,0.5776770538243626,0.2998820975622402,0.20474522068945045,0.0,0.12022160664819945,0.0,0.22672995607613475,0.17444423783714005,0.2079620640144382,Banks—Regional,Financial Services,MPB
2016Q1,2016,Q1,2016-05-12,2016-03-31,1805000.0,9543000.0,0.0,0.43,0.0,0.0,960894000.0,71222000.0,0.0,0.0,889672000.0,0.0,24345000.0,62314470.53,96442470.53,16.967015542417062,0.0,0.04959652157261883,0.6691331330206959,0.0,16.967015542417062,0.025343292802785657,6.5298617342554754,8.630813092797784,0.8749328933475612,0.5152354570637119,0.0,0.014924302366530914,0.009931376405722172,0.0,0.001878459018372474,8.860297245841036,0.0,0.10940370006146276,0.49671748925714587,0.37835156653540275,0.20268273587377422,0.0,0.10940381069452981,0.0,1.1906330213761869,0.25372258215259014,0.127406960944107,Banks—Regional,Financial Services,MPB
2015Q4,2015,Q4,2016-03-17,2015-12-31,1627000.0,9083000.0,0.0,0.3875956065192295,0.0,0.0,931724000.0,70068000.0,0.0,0.0,861656000.0,0.0,23470000.0,67582551.4,129382551.4,16.692101387577978,0.0,0.08521944266757109,1.1331991779414283,0.0,16.692101387577978,0.023220300279728264,7.440553935924255,10.384534634296251,0.9645280498943883,0.446220036877689,0.0,0.010742417753704396,0.009748595077512225,0.0,0.0017462252770133644,27.427983522727274,0.0,-0.09861486855993144,0.81821934803845,0.2837363926145585,0.20538643595766462,0.0,-0.1409714889123548,0.0,0.13568734537593977,0.13859111845985828,0.11549043054712967,Banks—Regional,Financial Services,MPB
2015Q3,2015,Q3,2015-11-13,2015-09-30,1894000.0,9227000.0,0.0,0.43,0.0,0.0,915265000.0,75520000.0,0.0,0.0,839745000.0,0.0,22569000.0,68098842.5,100626842.5,18.020864304705327,0.0,0.06235898892670429,0.755760063559322,0.0,18.020864304705327,0.02507944915254237,7.380388262707272,8.98875956969377,0.9017325542902542,0.31573389651531153,0.0,0.008781353368818273,0.010081233304015776,0.0,0.002069346036393831,11.832987402258905,0.0,-0.06521739130434788,2.276454642321319,0.31848461967820824,0.2843552112693805,0.0,-0.07338551859099804,0.0,0.24489800575903797,0.12465189667196029,0.10334162340447196,Banks—Regional,Financial Services,MPB
2015Q2,2015,Q2,2015-08-14,2015-06-30,2044000.0,9594000.0,0.0,0.46,0.0,0.0,899342000.0,73385000.0,0.0,0.0,825957000.0,0.0,21273000.0,65689039.440000005,115879039.44,17.293597374606396,0.0,0.07383398084377245,0.9048443142331539,0.0,17.293597374606396,0.0278531034952647,6.846887579737336,8.034373708414874,0.8951289696804524,0.25146771037182,0.0,0.007824745260120369,0.010667799346633427,0.0,0.002272772760529365,31.280494971428574,0.0,1.0,1.11901602320224,0.32760200527167166,0.2546998513866779,0.0,1.122533748701973,0.0,0.23461298727129012,0.13332347823282026,0.08168129765170322,Banks—Regional,Financial Services,MPB
2015Q1,2015,Q1,2015-05-15,2015-03-31,963000.0,7955000.0,0.0,0.23,0.0,0.0,895149000.0,73083000.0,0.0,0.0,822066000.0,0.0,19743000.0,59529918.480000004,97144918.48,19.188457151739073,0.0,0.06378938031545586,0.7813171325752911,0.0,19.188457151739073,0.013176798981979394,7.483333561282213,15.454288286604363,0.8145522006485777,0.4537902388369678,0.0,0.007340846605506724,0.008886788679873407,0.0,0.0010757985542071767,42.704389153515066,0.0,0.0,0.19705588452942246,0.3669385815032433,0.41639322530818773,0.0,0.08445945945945946,0.0,-0.2230695771857892,0.13452068487171268,0.2300698733669365,Banks—Regional,Financial Services,MPB
2014Q4,2014,Q4,2015-03-20,2014-12-31,888000.0,7377000.0,0.0,0.23,0.0,0.0,755657000.0,59130000.0,0.0,0.0,696527000.0,0.0,19217000.0,54154569.95,92039569.95,16.978650201616087,0.0,0.07085092839740782,0.9054456282766785,0.0,16.978650201616087,0.015017757483510908,7.341001755456148,15.246219017454955,0.915856078978522,0.8873873873873874,0.0,0.014550941882237215,0.009762365729424858,0.0,0.0011751363383122237,39.413806368267835,0.0,-0.46511627906976744,1.2495861204052228,0.3115671708916957,0.26503013443344525,0.0,-0.4432601880877743,0.0,-0.3428314653598959,0.1183463763674147,0.10683888004637648,Banks—Regional,Financial Services,MPB
2014Q3,2014,Q3,2014-11-14,2014-09-30,1595000.0,7233000.0,0.0,0.43,0.0,0.0,764403000.0,58811000.0,0.0,0.0,705592000.0,0.0,19117000.0,53971625.4,87814625.4,16.780843513376936,0.0,0.07177104223819111,0.932852697624594,0.0,16.780843513376936,0.027120776725442518,7.461858896723351,8.459502413793103,0.9177131046912994,0.2746081504702194,0.0,0.00811537538019005,0.009462286254763521,0.0,0.002086595683167125,24.4880333030853,0.0,-0.06521739130434788,3.741559794527073,0.28726841935066433,0.1535686219079177,0.0,-0.06561218512009373,0.0,0.4003534690080033,0.12620391233091163,0.11269099746100224,Banks—Regional,Financial Services,MPB
2014Q2,2014,Q2,2014-08-14,2014-06-30,1707000.0,7555000.0,0.0,0.46,0.0,0.0,736480000.0,57560000.0,0.0,0.0,678920000.0,0.0,17960000.0,55286567.813,78209567.813,16.467408920723845,0.0,0.05522756897675429,0.706636553161918,0.0,16.467408920723845,0.029656011118832523,7.317877936863005,8.0970368794669,0.9605032629082697,0.2565905096660808,0.0,0.00792235831100026,0.0102582554855529,0.0,0.0023177818813817077,19.419237025992274,0.0,0.12195121951219524,1.3834182682370837,0.34500400781628787,0.1426540950797906,0.0,0.12971542025148908,0.0,0.6051472447452602,0.19513248420715093,0.12216240726736084,Banks—Regional,Financial Services,MPB
2014Q1,2014,Q1,2014-05-15,2014-03-31,1511000.0,7079000.0,0.0,0.41,0.0,0.0,718476000.0,55245000.0,0.0,0.0,663231000.0,0.0,16691000.0,50668916.0,82959916.0,15.809544849943109,0.0,0.07187992361609852,0.9348176305548014,0.0,15.809544849943109,0.027350891483392162,7.1576375194236475,8.383341495698213,0.9171674540682415,0.1727332892124421,0.0,0.00515108710831706,0.009852799536797333,0.0,0.0021030625936008995,40.99426860841424,0.0,0.02336234285714282,6.064200833475452,0.4395275636600793,0.09017969557765157,0.0,0.07928571428571428,0.0,0.505089021659749,0.2282367537701936,0.120637074063767,Banks—Regional,Financial Services,MPB
2013Q4,2013,Q4,2014-03-21,2013-12-31,1400000.0,6899000.0,0.0,0.4006401084246602,0.0,0.0,713125000.0,52916000.0,0.0,0.0,660209000.0,0.0,15441000.0,50109810.72,80951810.72,15.143051412428084,0.0,0.06587624890446976,0.8877844130319752,0.0,15.143051412428084,0.02645702623025172,7.263344067256124,8.948180485714285,0.9469689832942778,0.4357142857142857,0.0,0.012173264900330879,0.009674320771253287,0.0,0.00196319018404908,74.12693893491124,0.0,0.0016002710616504212,4.983431057914009,0.31889421775112564,0.035458586047140854,0.0,-0.05913978494623656,0.0,0.8794113877598854,0.17129902113556983,0.09352491622978991,Banks—Regional,Financial Services,MPB
2013Q3,2013,Q3,2013-11-14,2013-09-30,1488000.0,7303000.0,0.0,0.4,0.0,0.0,697988000.0,52553000.0,0.0,0.0,645435000.0,0.0,14651000.0,39986010.599999994,36343010.599999994,15.048559257872052,0.0,0.024978939466008012,0.3317603181550054,0.0,15.048559257872052,0.028314273209902385,5.475285581267971,6.718079737903225,0.7608701805796053,0.176747311827957,0.0,0.0065773003121246615,0.010462930594795326,0.0,0.0021318418081686216,8.485995458404073,0.0,0.08108108108108115,0.32147597495625113,0.3756084223388077,0.2867523966571164,0.0,0.08931185944363104,0.0,2.0889500914602372,0.252274746889054,0.07251767607492078,Banks—Regional,Financial Services,MPB
2013Q2,2013,Q2,2013-08-14,2013-06-30,1366000.0,6988000.0,0.0,0.37,0.0,0.0,705649000.0,51094000.0,0.0,0.0,654555000.0,0.0,13426000.0,39204355.763100006,54622355.763100006,14.635631664684944,0.0,0.05561688601556865,0.768113672838298,0.0,14.635631664684944,0.026735037382080086,5.610239805824271,7.175028507155931,0.7672986214252163,0.1910688140556369,0.0,0.0066574235163343485,0.009902940413718435,0.0,0.001935806612069173,-9.53181516243618,0.0,1.0555555555555556,0.286096769829225,0.38153650014337076,0.258492746948859,0.0,0.9941605839416059,0.0,0.7213436069804472,0.17539707123993348,0.06185685238600089,Banks—Regional,Financial Services,MPB
2013Q1,2013,Q1,2013-05-15,2013-03-31,685000.0,6328000.0,0.0,0.18,0.0,0.0,726430000.0,52519000.0,0.0,0.0,673911000.0,0.0,12321000.0,39259451.25,27384451.25,15.049592676107514,0.0,0.02997811213743926,0.41464993621356083,0.0,15.049592676107514,0.013042898760448599,6.204085216498104,14.328266879562044,0.747528537291266,0.06861313868613139,0.0,0.001197163956793716,0.008711093980149498,0.0,0.0009429676637804055,4.451689675700193,0.0,-0.4725850377833753,-0.4161783888774385,0.24192433664059532,0.2871812462997591,0.0,-0.4248530646515533,0.0,-0.07068420725252776,0.18675178976452428,0.11088353490444616,Banks—Regional,Financial Services,MPB
2012Q4,2012,Q4,2013-03-25,2012-12-31,1191000.0,6632000.0,0.0,0.34128724608701705,0.0,0.0,705200000.0,52220000.0,0.0,0.0,652980000.0,0.0,11741000.0,39050067.51,25524067.509999998,14.96391267058273,0.0,0.031920022688598976,0.4310608962083493,0.0,14.96391267058273,0.022807353504404444,5.888128394149578,8.196907537783375,0.7477990714285714,0.44920235096557515,0.0,0.013700360437609907,0.009404424276800908,0.0,0.0016888825865002835,-5.510098421052631,0.0,0.03420377602126373,-0.00610031918465502,0.3015869469975392,0.29083393301499505,0.0,-0.05924170616113744,0.0,1.3340659727675612,0.17670686496698662,0.11491786641059369,Banks—Regional,Financial Services,MPB
2012Q3,2012,Q3,2012-11-14,2012-09-30,1266000.0,6827000.0,0.0,0.33,0.0,0.0,723504000.0,56956000.0,0.0,0.0,666548000.0,0.0,11085000.0,36545604.480000004,49579604.480000004,16.332986921222215,0.0,0.031178818638183066,0.3960601165812206,0.0,16.332986921222215,0.022227684528407895,5.353098649480007,7.216746540284361,0.6416462616756795,0.23617693522906794,0.0,0.008181558473430947,0.009436022468431412,0.0,0.0017498175545677703,3.0574420212498956,0.0,-0.05714285714285704,0.048386949760308946,0.42307913654693485,0.43357551457422905,0.0,-0.06911764705882353,0.0,2.7823800090443274,0.2211006490236375,0.12278153355848749,Banks—Regional,Financial Services,MPB
2012Q2,2012,Q2,2012-08-14,2012-06-30,1360000.0,6954000.0,0.0,0.35,0.0,0.0,696934000.0,55731000.0,0.0,0.0,641203000.0,0.0,10118000.0,38170243.65,54005243.65,15.987701194566517,0.0,0.03737943621634186,0.46744181873643037,0.0,15.987701194566517,0.02440293552959753,5.488962273511648,7.01658890625,0.684901466867632,0.21985294117647058,0.0,0.007833326995281048,0.009977989307452355,0.0,0.0019514042936633884,6.835645352793696,0.0,0.20689655172413793,0.15709809821656354,0.43206138163479874,0.4334694482683364,0.0,0.19929453262786595,0.0,0.9041026313824448,0.24139073086627172,0.10936774138723951,Banks—Regional,Financial Services,MPB
2012Q1,2012,Q1,2012-05-15,2012-03-31,1134000.0,6415000.0,0.0,0.29,0.0,0.0,717625000.0,54357000.0,0.0,0.0,663268000.0,0.0,9057000.0,35193833.8,21805833.799999997,15.59948549850798,0.0,0.031568019508796376,0.41676325036333867,0.0,15.59948549850798,0.02086207848115238,5.4861783008573655,7.758781701940035,0.6474572511360083,0.263668430335097,0.0,0.0084958064443664,0.008939209197004007,0.0,0.001580212506531963,-17.2096986797066,0.0,-0.2525769082840237,0.05338536368760628,0.3415407731813791,0.404053735174946,0.0,-0.16124260355029585,0.0,4.316674025668923,0.30819697142149216,0.07569462077161677,Banks—Regional,Financial Services,MPB
2011Q4,2011,Q4,2012-03-26,2011-12-31,1352000.0,6600000.0,0.0,0.38799978648532457,0.0,0.0,715383000.0,53452000.0,0.0,0.0,661931000.0,0.0,8222000.0,26273416.52,37572416.519999996,15.339766706518914,0.0,0.03173265229953745,0.4246987951807229,0.0,15.339766706518914,0.02529372146972985,3.9808206848484846,4.858250096153847,0.4915328990496146,0.22115384615384615,0.0,0.011380324282241462,0.009225827284126126,0.0,0.0018898967406270487,-4.908166732673267,0.0,0.3379302982252572,-0.009182961545277974,0.3985275012705333,0.37707422894964926,0.0,0.19434628975265017,0.0,4.794651918523188,0.26530772870137126,0.04890967557497315,Banks—Regional,Financial Services,MPB
2011Q3,2011,Q3,2011-11-14,2011-09-30,1132000.0,6383000.0,0.0,0.29,0.0,0.0,720817000.0,52530000.0,0.0,0.0,668287000.0,0.0,7169000.0,27864944.0,41844944.0,15.081315074596956,0.0,0.032439578977743314,0.4451361126975062,0.0,15.081315074596956,0.021549590710070437,4.365493341688861,6.153918727915195,0.530457719398439,0.26413427561837455,0.0,0.010730328401162406,0.008855229552022219,0.0,0.0015704402088186045,4.646480573620144,0.0,0.07407407407407393,-0.08023363289732954,0.4159946137641213,0.3811594163743939,0.0,0.06893295561850803,0.0,0.00794577789108349,0.2054599123809838,0.2895532379172645,Banks—Regional,Financial Services,MPB
2011Q2,2011,Q2,2011-08-15,2011-06-30,1059000.0,6295000.0,0.0,0.27,0.0,0.0,687367000.0,51079000.0,0.0,0.0,636288000.0,0.0,6336000.0,28542149.999999996,42270150.0,14.674710910005027,0.0,0.035956046769775096,0.4838583370856908,0.0,14.674710910005027,0.020732590692848333,4.534098490865766,6.737995750708215,0.558784431958339,0.28234183191690276,0.0,0.010475735009450936,0.009158135319269036,0.0,0.0015406616843694854,-110.628488372093,0.0,0.08000000000000007,-0.042468969021394125,0.37257869615230177,0.3792964885287346,0.0,0.059,0.0,1.0382440348972636e-05,0.24821903847889684,0.26185310391317307,Banks—Regional,Financial Services,MPB
2011Q1,2011,Q1,2011-05-16,2011-03-31,1000000.0,5741000.0,0.0,0.25,0.0,0.0,680292000.0,49105000.0,0.0,0.0,631187000.0,0.0,5576000.0,30943760.82,-15014239.18,14.107640391204393,0.0,0.034596908386398784,0.4792994603400876,0.0,14.107640391204393,0.020364524997454433,5.389960080125414,7.735940205,0.6301549907341412,0.299,0.0,0.00966269102644906,0.008439023242960376,0.0,0.0014699570184567804,4.656698392776524,0.0,0.1727553908355796,-0.12556087057011858,0.2610437306602384,0.3291239249478947,0.0,0.3477088948787062,0.0,-0.14550413882522625,0.12963094755636695,0.20661671926366257,Banks—Regional,Financial Services,MPB
2010Q4,2010,Q4,2011-03-21,2010-12-31,742000.0,5867000.0,0.0,0.21317318338812055,0.0,0.0,637457000.0,48201000.0,0.0,0.0,589256000.0,0.0,4875000.0,26105535.0,-7154465.0,13.847925353761186,0.0,0.046189782212761016,0.6108586958776789,0.0,13.847925353761186,0.015393871496441983,4.449554286688256,8.795665431266848,0.5415973734984751,0.16846361185983827,0.0,0.0047882565900296626,0.009203758057406225,0.0,0.0011640000815741297,19.496292008961913,0.0,0.937938030801096,-0.4838821774705905,0.37133445963473877,0.32068882427729634,0.0,0.5458333333333333,0.0,-0.37919520475188395,0.154423405210452,0.19456537484574277,Banks—Regional,Financial Services,MPB
2010Q3,2010,Q3,2010-11-09,2010-09-30,480000.0,5811000.0,0.0,0.11,0.0,0.0,632552000.0,48825000.0,0.0,0.0,583727000.0,0.0,4258000.0,24010482.0,-2988518.0,14.031059434791855,0.0,0.04714711201608721,0.6108141321044547,0.0,14.031059434791855,0.009831029185867896,4.131901910170367,12.505459375000001,0.4917661443932412,0.2604166666666667,0.0,0.005206059586808794,0.009186596516966194,0.0,0.0007588308945351528,17.75923224852071,0.0,-0.42105263157894735,-0.5715931190727361,0.3571441766341837,0.35855626710741884,0.0,-0.393173198482933,0.0,-0.6016624780449453,0.21386979123231578,0.23153121632133952,Banks—Regional,Financial Services,MPB
2010Q2,2010,Q2,2010-08-09,2010-06-30,791000.0,5926000.0,0.0,0.19,0.0,0.0,615495000.0,47962000.0,0.0,0.0,567533000.0,0.0,3903000.0,31805189.200000003,13178189.200000003,13.783055250619292,0.0,0.04887448313958684,0.627204870522497,0.0,13.783055250619292,0.016492223009882824,5.367058589267635,10.052208975979772,0.6631330886952171,0.15802781289506954,0.0,0.003930176274505545,0.00962802297337915,0.0,0.0012851444772094005,15.855029511465604,0.0,0.11764705882352934,-0.2024345861954772,0.4724882011568954,0.34913304795771455,0.0,0.0761904761904762,0.0,-0.325834102261181,0.2224964858689941,0.23579921622953065,Banks—Regional,Financial Services,MPB
2010Q1,2010,Q1,2010-05-10,2010-03-31,735000.0,5317000.0,0.0,0.17,0.0,0.0,620255000.0,47142000.0,0.0,0.0,573113000.0,0.0,3237000.0,34797800.0,20949800.0,13.54740816948198,0.0,0.05008907626701921,0.6590301641848033,0.0,13.54740816948198,0.015591192567137584,6.544630430694,11.835986394557823,0.738148572398286,0.17006802721088435,0.0,0.003592181114898068,0.008572280755495723,0.0,0.0011849964933777237,35.29188640973631,0.0,1.166402981715893,-0.2699912487262486,0.3504320904867681,0.3524721416878235,0.0,1.2067510548523206,0.0,-0.3163166844814107,0.11344121628295259,0.2193536154843089,Banks—Regional,Financial Services,MPB
2009Q4,2009,Q4,2010-03-16,2009-12-31,-3555000.0,5620000.0,0.0,-1.0216163090770105,0.0,0.0,606010000.0,46704000.0,0.0,0.0,559306000.0,0.0,2627000.0,35806936.199999996,42343936.199999996,13.421538143215951,0.0,0.08927410438771638,1.1583804385063379,0.0,13.421538143215951,-0.07611767728674204,6.371340960854091,-2.5180686497890297,0.7666781474820142,-0.035161744022503515,0.0,0.003490943746256626,0.009273774360159073,0.0,-0.005866239831025891,-10.568753305785123,0.0,-18.026938484616842,-3.865828612322443,0.4433579525954906,0.337474997327691,0.0,-11.6437125748503,0.0,-3.608854130993223,0.19249566320932893,0.20487192820428987,Banks—Regional,Financial Services,MPB
2009Q3,2009,Q3,2009-11-09,2009-09-30,334000.0,5579000.0,0.0,0.06,0.0,0.0,598192000.0,50620000.0,0.0,0.0,547572000.0,0.0,6221000.0,53936590.0,118072590.0,14.546896642891218,0.0,0.11694405809505978,1.3819636507309363,0.0,14.546896642891218,0.006598182536546819,9.667788134074208,40.37169910179641,1.0655193599367838,2.038922155688623,0.0,0.01262593723481592,0.009326436996817076,0.0,0.0005583491587985128,52.41651117589893,0.0,-0.6470588235294118,-0.6806695616796271,0.4320552844779487,0.469178906440594,0.0,-0.5315568022440392,0.0,-0.7283598480956035,0.23882373706104276,0.33221693055114465,Banks—Regional,Financial Services,MPB
2009Q2,2009,Q2,2009-08-07,2009-06-30,713000.0,5592000.0,0.0,0.17,0.0,0.0,579416000.0,50149000.0,0.0,0.0,529267000.0,0.0,6655000.0,54980524.0,88935524.0,14.411543258481858,0.0,0.13935583415024783,1.6101018963488802,0.0,14.411543258481858,0.014217631458254401,9.831996423462089,19.277883590462835,1.0963433767373227,0.9565217391304348,0.0,0.012404392508154342,0.009651096966600853,0.0,0.0012305493807557954,42.32526866820631,0.0,7.500000000000001,-0.25931369643886654,0.42518773836268325,0.4968615964758515,0.0,2.347417840375587,0.0,-0.35513698262024435,0.2196345716215697,0.35456099493936644,Banks—Regional,Financial Services,MPB
2009Q1,2009,Q1,2009-05-11,2009-03-31,213000.0,4897000.0,0.0,0.02,0.0,0.0,565070000.0,50463000.0,0.0,0.0,514607000.0,0.0,6563000.0,66115820.0,76867820.0,14.501778848088097,0.0,0.10143522041516981,1.1358421021342369,0.0,14.501778848088097,0.004220914333273883,13.501290586073106,77.60072769953052,1.3101840952777282,3.6338028169014085,0.0,0.011706729191288862,0.008666182950784859,0.0,0.00037694444936025624,130.66367588932806,0.0,-0.7013064377682403,-0.8019229187632964,0.33953128571651586,0.45855289970178836,0.0,-0.08583690987124463,0.0,-0.8136931883960719,0.0759504001231639,0.3662569137581838,Banks—Regional,Financial Services,MPB
2008Q4,2008,Q4,2009-03-05,2008-12-31,233000.0,5209000.0,0.0,0.0669582559817,0.0,0.0,572300000.0,50890000.0,0.0,0.0,521410000.0,0.0,7168000.0,72953587.7,93629587.7,14.624487754973016,0.0,0.13838895684081776,1.5562978974258204,0.0,14.624487754973016,0.004578502652780507,14.005296160491458,78.27638165236051,1.433554484181568,2.9871244635193133,0.0,0.009540312162056974,0.009101869648785602,0.0,0.0004071291280796785,-69.94591342281879,0.0,-0.7907554500571876,-0.8055289315098243,0.4860572644650273,0.375619769359996,0.0,-0.7923351158645277,0.0,-0.8378860383450668,0.21787076522215973,0.39475026369398464,Banks—Regional,Financial Services,MPB
2008Q3,2008,Q3,2008-11-10,2008-09-30,1122000.0,5290000.0,0.0,0.32,0.0,0.0,552412000.0,40696000.0,0.0,0.0,511716000.0,0.0,7648000.0,81287664.27978,110434664.27978,11.694992212151343,0.0,0.157965431598155,2.1442402201690585,0.0,11.694992212151343,0.027570277177118144,15.36628814362571,18.112224661270055,1.9974362168218007,0.6203208556149733,0.0,0.008562184756649816,0.009576185890241342,0.0,0.0020310927351324735,57.44711256521555,0.0,0.06666666666666674,0.04320697990401306,0.5084718072454433,0.12316677297815663,0.0,0.05849056603773585,0.0,0.0014010841674792546,0.235465960143664,0.13236673520130088,Banks—Regional,Financial Services,MPB
2008Q2,2008,Q2,2008-06-30,2008-06-30,1060000.0,5048000.0,0.0,0.3,0.0,0.0,540699000.0,40518000.0,0.0,0.0,500181000.0,0.0,7222000.0,87798643.084073,110501643.084073,11.62949226379585,0.0,0.1685078019378619,2.248679599190483,0.0,11.62949226379585,0.02616121230070586,17.39275813868324,20.707227142470046,2.166904661732391,0.6575471698113208,0.0,0.007938619271513984,0.009336063133092534,0.0,0.001960425301322917,98.76112832854106,0.0,-0.11764705882352951,-0.15585558239432323,0.36882263654857167,0.10672217390763218,0.0,-0.09633418584825235,0.0,0.06748120235418158,0.2527778447370454,0.13833486543925708,Banks—Regional,Financial Services,MPB
2008Q1,2008,Q1,2008-03-31,2008-03-31,1173000.0,5094000.0,0.0,0.34,0.0,0.0,535974000.0,40791000.0,0.0,0.0,495183000.0,0.0,6859000.0,88267294.311174,100714294.311174,11.691898650147643,0.0,0.15517730337665633,2.0389546713735873,0.0,11.691898650147643,0.02875634331102449,17.32769813725442,18.812296315254475,2.1638914052407148,0.5950554134697357,0.0,0.007907798754307555,0.009504192367540217,0.0,0.0021885389962945966,29.530710709660088,0.0,-0.009849048414023348,0.12356344247619575,0.48525332942705257,0.14933263178177725,0.0,-0.020868113522537562,0.0,0.16201361593677024,0.29043908155928977,0.1672319169790545,Banks—Regional,Financial Services,MPB
2007Q4,2007,Q4,2008-03-10,2007-12-31,1198000.0,5094000.0,0.0,0.34338198580267404,0.0,0.0,509757000.0,40444000.0,0.0,0.0,469313000.0,0.0,6660000.0,93849419.39999999,128350419.39999999,11.592438258600458,0.0,0.1803408290616902,2.2730194837305904,0.0,11.592438258600458,0.02962120462862229,18.423521672555946,19.584603380634388,2.3204781772327165,0.5843071786310517,0.0,0.007458756851936369,0.009992996663115955,0.0,0.0023501393801360257,-2932.7943562499995,0.0,-0.018908611992359825,-0.04796504937662892,0.4899957928882131,0.15765037600396792,0.0,-0.009917355371900827,0.0,-0.0367480323816742,0.3048757252380615,0.1552026424616631,Banks—Regional,Financial Services,MPB
2007Q3,2007,Q3,2007-11-08,2007-09-30,1210000.0,4807000.0,0.0,0.35,0.0,0.0,503596000.0,39810000.0,0.0,0.0,463786000.0,0.0,6161000.0,87354875.0,127680875.0,11.393182120631504,0.0,0.1907163678821913,2.412559658377292,0.0,11.393182120631504,0.030394373273046973,18.172430830039527,18.04852789256198,2.194294775182115,0.5776859504132231,0.0,0.008001843056841419,0.00954534984392251,0.0,0.002402719640346627,40.95399671823723,0.0,0.029411764705882214,0.06304137334304014,0.4297852179258918,0.14709707514433903,0.0,0.026293469041560644,0.0,0.15208327083667456,0.22880280681852247,0.1506662389773531,Banks—Regional,Financial Services,MPB
2007Q2,2007,Q2,2007-06-30,2007-06-30,1179000.0,4871000.0,0.0,0.34,0.0,0.0,492160000.0,38999000.0,0.0,0.0,453161000.0,0.0,5651000.0,92662020.0,113747020.0,11.153150988938078,0.0,0.15116628738621588,1.907689940767712,0.0,11.153150988938078,0.030231544398574322,19.02320262779717,19.648435114503815,2.3760101541065155,0.5988125530110263,0.0,0.007619087086597076,0.009897187906371912,0.0,0.0023955624187256175,245.13761904761904,0.0,0.1156246513672966,0.2137276120772736,0.5082060312442886,0.17374118637279345,0.0,0.08763837638376384,0.0,0.21886185952034076,0.2354322732507576,0.158427178519723,Banks—Regional,Financial Services,MPB
2007Q1,2007,Q1,2007-03-31,2007-03-31,1084000.0,4815000.0,0.0,0.304762,0.0,0.0,492506000.0,38983000.0,0.0,0.0,453523000.0,0.0,8999000.0,80032236.558,93884236.558,11.110319432727604,0.0,0.137772940837269,1.7406048790498423,0.0,11.110319432727604,0.02780699279172973,16.62144061433022,18.457619132380074,2.053003528666342,0.6162361623616236,0.0,0.008346636664538233,0.009776530641251072,0.0,0.002200988414354343,71.39360977520072,0.0,-0.22174343184861722,-0.017909060008880245,0.4291289039735962,0.21877846917360566,0.0,-0.21106259097525473,0.0,-0.00026019992830696506,0.3062374294767405,0.11744833478510996,Banks—Regional,Financial Services,MPB
