Quarters,Year,Quarter,FillingDate,Date,NetIncome,Revenue,OperatingIncome,EPSDiluted,GrossProfit,GrossProfitRatio,TotalAssets,CommonStockEquity,CurrentAssets,CurrentLiability,TotalLiability,Inventory,RetainedEarnings,MarketCap,EnterpriseValue,bookValuePerShare,currentRatio,debtToAssets,debtToEquity,roic,shareholdersEquityPerShare,roe,priceToSalesRatio,peRatio,pbRatio,payoutRatio,inventoryTurnover,dividendYield,assetTurnover,quickRatio,returnOnAssets,priceToFreeCashFlowsRatio,grossProfitMargin,epsdilutedGrowth,fiveYNetIncomeGrowthPerShare,fiveYRevenueGrowthPerShare,fiveYShareholdersEquityGrowthPerShare,grossProfitGrowth,netIncomeGrowth,operatingIncomeGrowth,threeYNetIncomeGrowthPerShare,threeYRevenueGrowthPerShare,threeYShareholdersEquityGrowthPerShare,Industry,Sector,Symbol
2023Q1,2023,Q1,2023-03-31,2023-03-31,-8626905.0,54703405.0,-21119633.0,-0.0391,-2257288.0,-0.0412641224,728257378.0,432575480.0,305907703.0,83119357.0,295681898.0,174906519.0,-167563406.0,410646449.46000004,572295235.46,1.95932631064517,3.680342510349304,0.2713618481184821,0.4568480580545157,-0.01639963974345023,1.95932631064517,-0.019943120678037506,7.506780418147646,-11.90016725175483,0.9493058863623061,0.0,0.3256636363565157,0.0,0.07511548341635887,1.505547739018241,-0.011845956197096021,-4.725817357807368,-0.04126412240700556,-1.8145833333333334,-1.327816268401221,1.0787981476495612,-0.014690818435567559,0.5262494023780631,-1.7751581669836851,-0.03503040920236436,-1.327816268401221,1.0787981476495612,-0.014690818435567559,Farm & Heavy Construction Machinery,Industrials,LEV
2022Q4,2022,Q4,2022-12-31,2022-12-31,11129219.0,46768660.0,-20404843.0,0.048,-4764718.0,-0.1018784374,710410912.0,437116773.0,323497975.0,81091909.0,273294139.0,167191935.0,-151979960.0,519434944.00000006,605361522.0,1.8850129026359843,3.9892756131810883,0.24520113649380432,0.3985057855466919,0.0725587964446061,1.8850129026359843,0.025460516931479084,11.106474805991876,11.668270343139083,1.1883207785302718,0.0,0.30822885087130547,0.0,0.0658332511649258,1.8650261026658035,0.015665889715387706,-5.704688349701415,-0.10187843739803536,1.6986899563318778,0.0,0.0,0.0,-0.24742332277738682,1.8443372818670738,0.03833983140348654,0.0,0.0,0.0,Farm & Heavy Construction Machinery,Industrials,LEV
2022Q3,2022,Q3,2022-09-30,2022-09-30,-13181011.0,40978001.0,-21218351.0,-0.0687,-3819648.0,-0.0932121603,614138767.0,398293021.0,288234870.0,90518650.0,215845746.0,164089089.0,-147342148.0,548524327.78,603696071.78,2.0766955673055816,3.1842594868571283,0.1983023471957438,0.30576774530026224,-0.027825041513115996,2.0766955673055816,-0.033093753355020496,13.385824452002916,-10.403684660076529,1.3771878964959319,0.0,0.273008091354569,0.0,0.06672433528365748,1.330361610563127,-0.02146259397430288,-7.114133390686571,-0.09321216034915905,-1.1321153846153846,-3.605288665091488,0.0,-0.9440541495410955,-0.10676997085333743,-1.134230678400529,0.030082176982893286,-3.605288665091488,0.0,-0.9440541495410955,Farm & Heavy Construction Machinery,Industrials,LEV
2022Q2,2022,Q2,2022-06-30,2022-06-30,98196710.0,29521016.0,-21876442.0,0.52,-3451167.0,-0.1169054276,572643279.0,410630110.0,273525676.0,76595346.0,162013169.0,151710910.0,-130142467.0,799911678.54,790634726.54,2.161179552041698,3.5710482461950104,0.1287477958856826,0.17954494374511407,-0.1052903790838417,2.161179552041698,0.23913665269212722,27.096346499050032,2.036503255913564,1.9480102872631528,0.0,0.21733560888930137,0.0,0.05155219153458361,1.51546574383253,0.17147972149691465,-10.780017098725349,-0.11690542764517318,3.7272727272727275,0.0,0.0,0.0,-2.7851206222608282,3.335785135662299,-0.2671209775470537,0.0,0.0,0.0,Farm & Heavy Construction Machinery,Industrials,LEV
2022Q1,2022,Q1,2022-03-31,2022-03-31,22647965.0,22646793.0,-17264683.0,0.11,-911772.0,-0.0402605349,583662792.0,377827914.0,343604501.0,63708566.0,205834878.0,144746941.0,-167653289.0,1596022780.8,1514549791.8,1.9885395846349814,5.3933799263351805,0.1267626650423863,0.19582102925301598,-0.3626631547207549,1.9885395846349814,0.05994254040213662,70.474560384775,17.617728356609526,4.224205575239737,0.0,0.16275691104242404,0.0,0.03880115935161411,3.0516940688949115,0.038803167360375444,-18.765730620065327,-0.04026053490222655,0.0,0.0,0.0,0.0,0.0,0.0,0.0,0.0,0.0,0.0,Farm & Heavy Construction Machinery,Industrials,LEV
2021Q3,2021,Q3,2021-09-30,2021-09-30,123012973.0,11925381.0,-16404948.0,0.6,-1227321.0,-0.10291671184342036,550965234.0,332819436.0,443861426.0,57130693.0,218145798.0,89801661.0,-198021437.0,2385278675.7799997,2091568968.7799997,1.7608765487104001,7.769228810159891,0.043808602631359495,0.07252285891140084,-0.04460116032930382,1.7608765487104001,0.36960874184042547,200.0169785585886,4.847616104238046,7.166885156851236,0.0,0.14646390560637848,0.0,0.02164452539667866,6.085065833176573,0.22326812185031625,-52.75091587404314,-0.10291671184342036,0.0,44.612314956122404,0.0,-0.9525622640016702,0.0,0.0,0.0,44.612314956122404,0.0,-0.9525622640016702,Farm & Heavy Construction Machinery,Industrials,LEV
2020Q3,2020,Q3,2020-09-30,2020-09-30,-124414.0,0.0,-150782.0,-0.014923201539747565,0.0,0.0,321188925.0,309465475.0,1709117.0,542580.0,11723450.0,0.0,-125414.0,80868424.69999999,79328154.69999999,37.11974257735232,3.1499815695381326,0.0,0.0,-0.0004804410624471383,37.11974257735232,-0.000402028691568906,0.0,-162.49864303856478,0.2613164673700677,0.0,0.0,0.0,0.0,2.838788750046076,-0.00038735457643815087,-6.74260110388377,0.0,0.0,0.0,0.0,0.0,0.0,0.0,0.0,0.0,0.0,0.0,Farm & Heavy Construction Machinery,Industrials,LEV
2020Q2,2020,Q2,2020-06-30,2020-06-30,,,,,,,107486.0,24000.0,0.0,83486.0,83486.0,0.0,-1000.0,0.0,82486.0,0.0,0.0,0.7674115698788679,3.436916666666667,,0.0,,0.0,0.0,0.0,0.0,0.0,,,0.0,,0.0,0.0,0.0,0.0,0.0,0.0,0.0,0.0,0.0,0.0,0.0,0.0,Farm & Heavy Construction Machinery,Industrials,LEV
