Quarters,Year,Quarter,FillingDate,Date,NetIncome,Revenue,OperatingIncome,EPSDiluted,GrossProfit,GrossProfitRatio,TotalAssets,CommonStockEquity,CurrentAssets,CurrentLiability,TotalLiability,Inventory,RetainedEarnings,MarketCap,EnterpriseValue,bookValuePerShare,currentRatio,debtToAssets,debtToEquity,roic,shareholdersEquityPerShare,roe,priceToSalesRatio,peRatio,pbRatio,payoutRatio,inventoryTurnover,dividendYield,assetTurnover,quickRatio,returnOnAssets,priceToFreeCashFlowsRatio,grossProfitMargin,epsdilutedGrowth,fiveYNetIncomeGrowthPerShare,fiveYRevenueGrowthPerShare,fiveYShareholdersEquityGrowthPerShare,grossProfitGrowth,netIncomeGrowth,operatingIncomeGrowth,threeYNetIncomeGrowthPerShare,threeYRevenueGrowthPerShare,threeYShareholdersEquityGrowthPerShare,Industry,Sector,Symbol
2023Q1,2023,Q1,2023-04-20,2023-03-31,355300000.0,1696200000.0,294900000.0,1.0,1113000000.0,0.6561726212,13053200000.0,11294200000.0,8450500000.0,1759000000.0,1759000000.0,946600000.0,3397400000.0,89465594000.0,89094194000.0,32.25071387778412,4.804150085275725,0.0,0.0,0.022334655184865212,32.25071387778412,0.03145862478086097,52.7447199622686,62.95074162679426,7.921375042056986,0.0,0.6160997253327699,0.0,0.12994514755002604,2.1864127345082434,0.02721937915606901,504.60007896221094,0.6561726211531659,0.09890109890109887,0.19376966390753075,0.9339781566033065,0.9853452868316288,0.001890359168241966,0.0935672514619883,0.10739767179872324,0.13009708737864073,0.5382960272944793,0.3238916719905739,Medical Instruments & Supplies,Healthcare,ISRG
2022Q4,2022,Q4,2023-02-10,2022-12-31,324900000.0,1655000000.0,266300000.0,0.91,1110900000.0,0.6712386707,12974000000.0,11112600000.0,8576800000.0,1861400000.0,1861400000.0,893200000.0,3500100000.0,93164385000.00002,91583185000.00002,31.65081173454856,4.6077146234017405,0.0,0.0,0.02044238081217968,31.65081173454856,0.029237082230981048,56.29267975830817,71.68696906740536,8.383671238054102,0.0,0.6091580832960143,0.0,0.12756281794357946,2.7206941012141397,0.025042392477262216,310.3410559626916,0.6712386706948641,0.01111111111111112,9.027887317326694,0.7779589051046715,1.2546481058683328,0.05588822355289421,0.002777777777777778,-0.13846651569071497,-0.10126893018124984,0.2816460045171153,0.330561242598099,Medical Instruments & Supplies,Healthcare,ISRG
2022Q3,2022,Q3,2022-10-21,2022-09-30,324000000.0,1557400000.0,309100000.0,0.9,1052100000.0,0.6755489919,13260800000.0,11574000000.0,9078700000.0,1686800000.0,1686800000.0,837100000.0,4017800000.0,66597432000.0,65059432000.0,32.57528848860118,5.382202987906094,0.0,0.0,0.021528231445030802,32.57528848860118,0.027993779160186624,42.76193142416849,51.386907407407406,5.7540549507516845,0.0,0.603631585234739,0.0,0.11744389478764479,3.0641451268674413,0.024432915057915058,311.05759925268563,0.6755489919095929,0.05882352941176476,0.028077586227285616,0.8238079311727111,1.2037055525679894,0.028144239226033423,0.05263157894736842,-0.008023106546854942,-0.2043808957446229,0.34507323522401645,0.4530322976207551,Medical Instruments & Supplies,Healthcare,ISRG
2022Q2,2022,Q2,2022-07-22,2022-06-30,307800000.0,1522100000.0,311600000.0,0.85,1023300000.0,0.6722948558,13705200000.0,12082400000.0,9737900000.0,1622800000.0,1622800000.0,724000000.0,4682800000.0,71874251000.0,70338151000.0,33.74029600670204,6.0006778407690415,0.0,0.0,0.019876165477435054,33.74029600670204,0.025475071177911673,47.220452664082515,58.37739684860299,5.948673359597431,0.0,0.6889502762430939,0.0,0.11106003560692292,3.256408676361844,0.022458628841607566,227.30629664769134,0.672294855791341,-0.15841584158415845,0.2922150577760855,0.8717438956271087,1.48446997550622,0.013469347330890363,-0.16675690308608554,-0.03916127042861548,-0.06512247459560502,0.33908379705643027,0.6077643700219186,Medical Instruments & Supplies,Healthcare,ISRG
2022Q1,2022,Q1,2022-04-22,2022-03-31,369400000.0,1487700000.0,324300000.0,1.01,1009700000.0,0.6786986624,13678400000.0,12156900000.0,9960900000.0,1521500000.0,1521500000.0,653000000.0,4858000000.0,108122112000.0,107019012000.0,33.919921875,6.546763062767006,0.0,0.0,0.024488547333083158,33.919921875,0.03038603591376091,72.67736237144585,73.17414185165133,8.89388840905165,0.0,0.7320061255742726,0.0,0.10876272078605685,3.2214262241209335,0.027006082582758217,845.3644409695074,0.6786986623647241,-0.028846153846153872,0.9243787119617032,1.0668547395458108,1.7587929190642035,-0.0481711915535445,-0.03475307029004442,-0.28268082282680823,0.1601589810067582,0.47075822937909895,0.6660079506385069,Medical Instruments & Supplies,Healthcare,ISRG
2021Q4,2021,Q4,2022-02-03,2021-12-31,382700000.0,1550700000.0,452100000.0,1.04,1060800000.0,0.6840781583,13555000000.0,11901100000.0,5844900000.0,1149800000.0,1603500000.0,587100000.0,4760900000.0,128449750000.0,127158850000.0,33.28979020979021,5.0834058097060355,0.0,0.0,0.03200801448956347,33.28979020979021,0.03215669139827411,82.8333978203392,83.91021034753071,10.793098957239247,0.0,0.8344404701073072,0.0,0.11440059018812246,4.456340233084014,0.028233124308373294,308.1807821497121,0.6840781582511124,0.0,0.8324261620732207,1.0011860672027142,1.011975966848756,0.09203211859172329,0.005781865965834429,0.021464075915047447,0.26262865339788416,0.42998539921616846,0.7196169405248882,Medical Instruments & Supplies,Healthcare,ISRG
2021Q3,2021,Q3,2021-10-20,2021-09-30,380500000.0,1403300000.0,442600000.0,1.04,971400000.0,0.6922254685384451,12934600000.0,11410900000.0,5728000000.0,1027300000.0,1475100000.0,584900000.0,4390100000.0,118237561108.61671,116890861108.61671,31.98122206272764,5.5757811739511345,0.0,0.0,0.032571048301154155,31.98122206272764,0.03334531018587491,84.25679548821829,77.68565118831583,10.361808543464294,0.0,0.7384168233886135,0.0,0.10849195181915174,4.794704565365521,0.02941722202464707,273.00291181855624,0.6922254685384451,-0.2658825256746998,0.7603573413416176,1.0059589550904207,1.010007514606813,-0.05108918628504445,-0.26430781129157,-0.1341940532081377,0.24689548469507624,0.4606269643640781,0.741486155057296,Medical Instruments & Supplies,Healthcare,ISRG
2021Q2,2021,Q2,2021-07-21,2021-06-30,517200000.0,1464000000.0,511200000.0,1.416667,1023700000.0,0.6992486338797814,12297000000.0,10837500000.0,6016600000.0,1004600000.0,1417500000.0,569700000.0,4022700000.0,109069315860.0,107453815860.0,30.459527824620572,5.989050368305794,0.0,0.0,0.04688269620008444,30.459527824620572,0.04772318339100346,74.50089881147541,52.72105368329466,10.06406605397924,0.0,0.7728629103036686,0.0,0.11905342766528422,5.2095361337845905,0.042059038789948766,233.55313888650963,0.6992486338797814,0.2108264957264957,1.7157981326862173,1.1165902851579121,1.0263242769751446,0.1341679592288943,0.21323011963406052,0.22648752399232247,0.9421531657032793,0.543510759810235,0.7728125005934678,Medical Instruments & Supplies,Healthcare,ISRG
2021Q1,2021,Q1,2021-04-21,2021-03-31,426300000.0,1292100000.0,416800000.0,1.17,902600000.0,0.698552743595697,11540400000.0,10153500000.0,6066400000.0,904600000.0,1350200000.0,576800000.0,3514700000.0,87268802190.0,85867002190.0,28.657917019475022,6.706168472252929,0.0,0.0,0.03980594838919555,28.657917019475022,0.04198552223371251,67.54028495472487,51.17804491555243,8.594947770719456,0.0,0.6752773925104022,0.0,0.11196319018404909,5.848772938315277,0.036939794114588746,208.278764176611,0.698552743595697,0.16225127077772486,1.9930479165476844,1.081406827616117,1.0469078908529545,0.00759098012949319,0.16730558598028478,0.002405002405002405,0.4157470096179778,0.45618187676560296,0.7641736769188021,Medical Instruments & Supplies,Healthcare,ISRG
2020Q4,2020,Q4,2021-02-10,2020-12-31,365200000.0,1329100000.0,415800000.0,1.006667,895800000.0,0.673989917989617,11168900000.0,9731500000.0,6625900000.0,965200000.0,1409800000.0,601500000.0,3261300000.0,96208560000.0,94585960000.0,27.58361678004535,6.8647948611686695,0.0,0.0,0.035591338786627125,27.58361678004535,0.037527616503108464,72.38624633210443,65.86018619934282,9.886303242049015,0.0,0.7203657522859518,0.0,0.11900008058089874,6.110754247824286,0.03269793802433543,170.1,0.673989917989617,0.16153839940830794,0.8289419978517724,0.869444695838424,1.1437250036025521,0.23678033963827144,0.1634278432621854,0.5377218934911243,9.980170418682938,0.42096582021423545,0.964921147922472,Medical Instruments & Supplies,Healthcare,ISRG
2020Q3,2020,Q3,2020-10-19,2020-09-30,313900000.0,1077700000.0,270400000.0,0.866667,724300000.0,0.6720794284123597,10617500000.0,9257800000.0,6300300000.0,894700000.0,1330800000.0,662900000.0,2937200000.0,83229030270.0,82134130270.0,26.30804205740267,7.041801721247346,0.0,0.0,0.026050202809260035,26.30804205740267,0.033906543671282596,77.22838477312796,66.2862617633004,8.990152117133661,0.0,0.5331120832704782,0.0,0.10150223687308689,5.931373644797139,0.02956439839886979,395.951618791627,0.6720794284123597,3.5614052631578943,0.7898945643383787,0.7434071769988382,1.146094896644167,0.44024656989461125,3.6161764705882353,2.3548387096774195,0.005652961952044201,0.27424445719885443,0.7797287775172663,Medical Instruments & Supplies,Healthcare,ISRG
2020Q2,2020,Q2,2020-07-23,2020-06-30,68000000.0,852100000.0,80600000.0,0.19,502900000.0,0.5901889449595118,10103600000.0,8740500000.0,5899000000.0,924800000.0,1337200000.0,645500000.0,2633000000.0,66556132320.0,64520532320.0,24.944349315068493,6.3786764705882355,0.0,0.0,0.006038667141382498,24.944349315068493,0.007779875293175448,78.10835854946602,244.69166294117647,7.614682491848292,0.0,0.5409759876065066,0.0,0.08433627617878776,5.403438581314879,0.006730274357654697,555.0970168473729,0.5901889449595118,-0.7824426650544523,-0.5208280287212914,0.37791878869611767,1.184200808799601,-0.3187483066919534,-0.7830940988835726,-0.7151943462897526,-0.7082470082562851,0.07086328361345297,0.8367795860331708,Medical Instruments & Supplies,Healthcare,ISRG
2020Q1,2020,Q1,2020-04-17,2020-03-31,313500000.0,1099500000.0,283000000.0,0.873333,738200000.0,0.6713960891314233,9891100000.0,8506700000.0,4691500000.0,945900000.0,1360600000.0,620300000.0,2570900000.0,57642444000.0,56418644000.0,24.360538373424973,4.959826620150122,0.0,0.0,0.034142513177281446,24.360538373424973,0.03685330386636416,52.42605184174625,45.966861244019135,6.776122820835341,0.0,0.5824600999516363,0.0,0.11116053826166958,3.997251295062903,0.03169516029561929,232.80470113085622,0.6713960891314233,-0.12374644690754279,2.0570331597406737,0.9545028742368789,1.2441807956552318,-0.17611607142857144,-0.12356723511322337,-0.28822937625754524,0.6761966331433551,0.5677744833892479,0.9813041143449458,Medical Instruments & Supplies,Healthcare,ISRG
2019Q4,2019,Q4,2020-02-07,2019-12-31,357700000.0,1277700000.0,397600000.0,0.996667,896000000.0,0.7012600767003209,9733200000.0,8263800000.0,4662600000.0,1030200000.0,1448500000.0,595500000.0,2494500000.0,68455170000.00001,67287570000.00001,23.787564766839377,4.525917297612114,0.0,0.0,0.040423329789826073,23.787564766839377,0.043285171470751956,53.576872505282935,47.84398238747554,8.283739925942061,0.0,0.6409739714525609,0.0,0.13127234619652323,3.7535430013589592,0.03675050343155386,166.6792549306063,0.7012600767003209,-0.10210180180180191,1.3167098445595855,1.008943329069097,1.3249785886509577,0.14052953156822812,-0.0985383064516129,0.08722996992070002,0.7625165091943511,0.6968162336555505,0.43767828872240483,Medical Instruments & Supplies,Healthcare,ISRG
2019Q3,2019,Q3,2019-10-18,2019-09-30,396800000.0,1128200000.0,365700000.0,1.11,785600000.0,0.6963304378656267,9131300000.0,7761400000.0,4317000000.0,930900000.0,1354200000.0,579600000.0,2142600000.0,62307933540.0,61338333540.0,22.41883304448296,4.637447631324525,0.0,0.0,0.047082361119641425,22.41883304448296,0.05112479707269307,55.22773758198901,39.256510546875,8.027924541964078,0.0,0.5910973084886129,0.0,0.12355305378204637,3.7991191320227737,0.04345492974713348,201.25301531007753,0.6963304378656267,0.24719101123595516,2.010402816676451,0.9247179573778455,1.3616752662448979,0.03504611330698287,0.24662268300345586,0.018662952646239555,0.8919759829811001,0.6620932799334471,0.409015040130177,Medical Instruments & Supplies,Healthcare,ISRG
2019Q2,2019,Q2,2019-07-22,2019-06-30,318300000.0,1098900000.0,359000000.0,0.89,759000000.0,0.6906906906906907,8531600000.0,7265300000.0,4071600000.0,807500000.0,1252000000.0,512800000.0,1819000000.0,61082385540.0,60292085540.0,20.985846331600232,5.042229102167183,0.0,0.0,0.039903679146366,20.985846331600232,0.04381099197555503,55.585026426426424,47.97548345900094,8.407414083382655,0.0,0.6628315132605305,0.0,0.12880350696235174,4.150835913312694,0.03730835951052557,261.147437109876,0.6906906906906907,0.04296915740982712,1.9359260431942407,1.058071275775751,1.469316739910869,0.1335125448028674,0.038499184339314846,0.4234734337827121,0.7177283679249271,0.6327991864428522,0.3960863129407701,Medical Instruments & Supplies,Healthcare,ISRG
2019Q1,2019,Q1,2019-04-19,2019-03-31,306500000.0,973700000.0,252200000.0,0.853333,669600000.0,0.6876861456300709,8234900000.0,7024200000.0,4025000000.0,740200000.0,1194500000.0,468300000.0,1696000000.0,66187111500.0,65311411500.0,20.36,5.43771953526074,0.0,0.0,0.03902377965254336,20.36,0.043634862333077076,67.97485005648556,53.98622471451876,9.422725933202358,0.0,0.6493700619261157,0.0,0.11824065866009302,4.53431504998649,0.03721963836840763,303.05453983516486,0.6876861456300709,0.006495333333333355,6.075798375830144,1.1428964932002255,0.9645727257233496,-0.08984640478455892,0.04786324786324787,-0.24036144578313254,1.2099419864847636,0.6107868504772003,0.4542244863590434,Medical Instruments & Supplies,Healthcare,ISRG
2018Q4,2018,Q4,2019-02-04,2018-12-31,292500000.0,1046500000.0,332000000.0,0.8478260869565217,735700000.0,0.703010033444816,7846700000.0,6678800000.0,4333200000.0,820600000.0,1159200000.0,409000000.0,1521700000.0,55075799999.99999,54217899999.99999,19.358840579710144,5.280526444065318,0.0,0.0,0.04035781967120843,19.358840579710144,0.0437952925675271,52.62857142857142,47.07333333333333,8.246361621848235,0.0,0.7599022004889976,0.0,0.13336816750990863,4.564221301486717,0.03727681700587508,194.88959660297238,0.703010033444816,0.03815396845534556,0.7828118635222101,0.8398255392224921,0.9322680616389469,0.1454149151486844,0.0,0.05968720076603894,0.49797482837528606,0.5052328159645232,0.5045173706699143,Medical Instruments & Supplies,Healthcare,ISRG
2018Q3,2018,Q3,2018-10-22,2018-09-30,292500000.0,920900000.0,313300000.0,0.816667,642300000.0,0.6974698664350092,7318600000.0,6280600000.0,4252600000.0,703300000.0,1030100000.0,370100000.0,1234000000.0,65520360000.00001,64512060000.00001,18.364327485380116,6.046637281387744,0.0,0.0,0.04342507104310375,18.364327485380116,0.046571983568448876,71.14818112715822,56.00030769230769,10.43218163869694,0.0,0.7527695217508782,0.0,0.125830076790643,5.284089293331437,0.03996666029021944,240.17727272727276,0.6974698664350092,0.13953481882101446,0.8948878893662727,0.874630313258095,0.9544059579147298,0.015815277558121146,0.14571092831962398,0.12941600576784426,0.7161496838330135,0.5328744321376615,0.4980814387738397,Medical Instruments & Supplies,Healthcare,ISRG
2018Q2,2018,Q2,2018-07-20,2018-06-30,255300000.0,909300000.0,277400000.0,0.716667,632300000.0,0.6953700648850765,6849600000.0,5860600000.0,3986100000.0,666400000.0,980400000.0,331500000.0,948100000.0,54403164630.0,53199664630.0,17.181471709176193,5.981542617046819,0.0,0.0,0.04076790042649436,17.181471709176193,0.043562092618503225,59.82972025734081,53.27376089894242,9.282866025662903,0.0,0.8355957767722474,0.0,0.13275227750525578,5.199579831932773,0.03727224947442186,291.3934902517408,0.6953700648850765,-0.11885168805397042,0.6893293244155367,0.6547695226714527,0.6591014549761137,0.06483664533512967,-0.11230876216968011,0.002529815684857246,0.8480583809869447,0.5105065954057029,0.5044603460904933,Medical Instruments & Supplies,Healthcare,ISRG
2018Q1,2018,Q1,2018-04-18,2018-03-31,287600000.0,847500000.0,276700000.0,0.813333,593800000.0,0.7006489675516224,6426200000.0,5497100000.0,3381700000.0,581200000.0,919800000.0,283600000.0,698000000.0,46567224000.00001,45592524000.00001,16.2443853427896,5.818479008947006,0.0,0.0,0.04988419087341038,16.2443853427896,0.05231849520656346,54.94657699115045,40.4791585535466,8.471234650997799,0.0,0.8945698166431594,0.0,0.1318819831315552,5.1483138334480385,0.04475428713703277,193.94928779675138,0.7006489675516224,7.971405795983439,0.6318270389601611,0.48570119850500076,0.5619104405465744,-0.06237170377388283,8.412371134020619,-0.15382262996941895,1.8939789427506026,0.554621491720881,0.49649145945317236,Medical Instruments & Supplies,Healthcare,ISRG
2017Q4,2017,Q4,2018-02-02,2017-12-31,-38800000.0,892400000.0,327000000.0,-0.116667,633300000.0,0.7096593455849395,5758000000.0,4725200000.0,2810900000.0,704100000.0,1031200000.0,241200000.0,61400000.0,40946279220.0,40298079220.0,14.03802733214498,3.992188609572504,0.0,0.0,-0.007913624210106456,14.03802733214498,-0.008211292643697621,45.883324988794264,-263.829118685567,8.665512405824092,0.0,1.074212271973466,0.0,0.15498436957276832,3.511575060360744,-0.006738450850989927,136.03415023255815,0.7096593455849395,-1.137255294117647,-1.2372631572510495,0.566450849620543,0.41160577625546574,0.11732533521524348,-1.1304201680672268,0.17372577171572146,-1.2593582887700534,0.4481516887765976,0.3720661738200529,Medical Instruments & Supplies,Healthcare,ISRG
2017Q3,2017,Q3,2017-10-20,2017-09-30,297500000.0,806100000.0,278600000.0,0.85,566800000.0,0.7031385684158293,5644600000.0,4957900000.0,2928900000.0,615700000.0,684700000.0,225200000.0,776600000.0,38976465060.0,38101465060.0,14.782051282051283,4.757024524930973,0.0,0.0,0.05776593304009532,14.782051282051283,0.06000524415579177,48.35189810197246,32.75333198319328,7.861486730268863,0.0,1.0626110124333925,0.0,0.14280905644332637,4.246873477342862,0.052705240406760445,128.84781838016528,0.7031385684158293,0.3258234533489521,0.7377082058504051,0.6047983535918879,0.6117305648655278,0.07368819852244743,0.3431151241534989,0.08194174757281554,1.329721048818265,0.4194952031814674,0.5571909933008437,Medical Instruments & Supplies,Healthcare,ISRG
2017Q2,2017,Q2,2017-07-21,2017-06-30,221500000.0,756200000.0,257500000.0,0.641111,527900000.0,0.6980957418672309,5250800000.0,4522300000.0,2642200000.0,599800000.0,728500000.0,214200000.0,482300000.0,34608690000.0,33912190000.0,13.58048048048048,4.405135045015005,0.0,0.0,0.04713087315815163,13.58048048048048,0.04897950158105389,45.766582914572865,39.061726862302486,7.65289565044336,0.0,1.0658263305322129,0.0,0.1440161499200122,3.842114038012671,0.04218404814504456,214.69410669975187,0.6980957418672309,0.23554555984035108,0.5420323486818002,0.5199808569053675,0.5324128143981084,0.13258957305299293,0.23192436040044495,0.34464751958224543,1.1240514553014553,0.4723862089344324,0.5979583218422504,Medical Instruments & Supplies,Healthcare,ISRG
2017Q1,2017,Q1,2017-04-19,2017-03-31,179800000.0,674200000.0,191500000.0,0.518889,466100000.0,0.6913378819341441,4808000000.0,4127500000.0,2167700000.0,558200000.0,680500000.0,213500000.0,263300000.0,28589319810.000004,27880719810.000004,12.295204051236222,3.883375134360444,0.0,0.0,0.04166844663513349,12.295204051236222,0.043561477892186555,42.404805413823794,39.751557021690765,6.926546289521503,0.0,0.9747072599531615,0.0,0.14022462562396007,3.3638480831243283,0.03739600665557404,151.66747909814325,0.6913378819341441,-0.08966842105263143,0.3268628971238009,0.44177129938021625,0.4931660711968287,-0.11589529590288315,-0.11862745098039215,-0.2757186081694402,3.2658188757160507,0.5248689672184815,0.18638617565137117,Medical Instruments & Supplies,Healthcare,ISRG
2016Q4,2016,Q4,2017-02-06,2016-12-31,204000000.0,756900000.0,264400000.0,0.57,527200000.0,0.6965253005681068,6486900000.0,5777800000.0,3250400000.0,596500000.0,709100000.0,182300000.0,1574900000.0,24605784360.0,23569184360.0,16.54581901489118,5.449119865884326,0.0,0.0,0.0338113652339183,16.54581901489118,0.03530755650939804,32.50863305588585,30.1541475,4.258677067395895,0.0,1.2600109709270433,0.0,0.11668131156638764,5.003855825649623,0.03144799519030662,80.07088955418158,0.6965253005681068,-0.0338983050847458,0.3735477008672886,0.5510374645151651,1.2233287949024094,0.08254620123203285,-0.03317535545023697,0.031201248049921998,0.22844204535586252,0.3146821783896985,0.6514913434248295,Medical Instruments & Supplies,Healthcare,ISRG
2016Q3,2016,Q3,2016-10-19,2016-09-30,211000000.0,682900000.0,256400000.0,0.59,487000000.0,0.7131351588812418,6174700000.0,5541800000.0,2911400000.0,528100000.0,632900000.0,183500000.0,1402800000.0,28050932610.0,27029332610.0,15.910996267585414,5.512971028214353,0.0,0.0,0.03659011737048939,15.910996267585414,0.03807427189721751,41.076193600820034,33.23570214454976,5.061700640586091,0.0,1.067574931880109,0.0,0.11059646622507976,5.012876349176293,0.034171700649424264,114.72774073619632,0.7131351588812418,0.1273892531141738,0.7416738443870227,0.5445677141992759,1.3634780863500662,0.03418984922488851,0.14363143631436315,0.04482477587612062,0.3421860992458998,0.36500080263886947,0.6933125335781556,Medical Instruments & Supplies,Healthcare,ISRG
2016Q2,2016,Q2,2016-07-20,2016-06-30,184500000.0,670100000.0,245400000.0,0.523333,470900000.0,0.7027309356812416,5780800000.0,5181500000.0,2827400000.0,489500000.0,599300000.0,169200000.0,1193000000.0,25332003000.0,24138503000.0,15.031911807368726,5.776098059244126,0.0,0.0,0.03448329963295286,15.031911807368726,0.035607449580237385,37.80331741531115,34.325207317073165,4.888932355495513,0.0,1.177304964539007,0.0,0.11591821201217825,5.286210418794688,0.031915997785773594,106.3029920268569,0.7027309356812416,0.3305087546684363,0.6084796349095503,0.6111028310919014,1.3173513155515344,0.16271604938271605,0.3526392961876833,0.37094972067039106,0.20809284601864608,0.20673074102240646,0.4515326261229724,Medical Instruments & Supplies,Healthcare,ISRG
2016Q1,2016,Q1,2016-04-19,2016-03-31,136400000.0,594500000.0,179000000.0,0.393333,405000000.0,0.6812447434819175,5306300000.0,4750400000.0,2406400000.0,452900000.0,555900000.0,163000000.0,1009600000.0,22659573690.0,21679073690.0,14.00058944886531,5.313314197394568,0.0,0.0,0.02785741734143512,14.00058944886531,0.028713371505557427,38.11534682926829,41.531476704545454,4.77003487916807,0.0,1.1625766871165644,0.0,0.11203663569719013,4.712519319938176,0.025705293707479787,113.92445294117647,0.6812447434819175,-0.29058119485466527,0.35893613822660814,0.5887063207341487,1.2084393863712866,-0.11726242371403661,-0.28210526315789475,-0.272061813745425,-0.2281265402238003,0.03941772980045801,0.34616769871784325,Medical Instruments & Supplies,Healthcare,ISRG
2015Q4,2015,Q4,2016-02-02,2015-12-31,190000000.0,676500000.0,245900000.0,0.554444,458800000.0,0.6781966001478197,4907300000.0,4319500000.0,2195500000.0,491900000.0,587800000.0,167900000.0,899200000.0,20371753080.0,19657153080.0,12.867143282692881,4.463305549908518,0.0,0.0,0.04295591017736311,12.867143282692881,0.04398657251996759,30.113456141906873,26.804938263157894,4.716229443222595,0.0,1.296605122096486,0.0,0.13785584741099993,3.9725553974385037,0.03871782854115298,77.25351945392491,0.6781966001478197,0.13408974225233136,0.6433077624116298,0.8215928913448143,1.2224147055951826,0.15917129863567459,0.13568439928272563,0.2948920484465508,0.16497056150048203,0.19066005071525416,0.29386653494858733,Medical Instruments & Supplies,Healthcare,ISRG
2015Q3,2015,Q3,2015-10-21,2015-09-30,167300000.0,589700000.0,189900000.0,0.488889,395800000.0,0.6711887400373071,4682300000.0,4115200000.0,2398800000.0,478600000.0,567100000.0,194000000.0,785700000.0,17142319080.0,16274119080.0,12.25856419422103,5.012118679481822,0.0,0.0,0.03987719534834775,12.25856419422103,0.040654160186625196,29.069559233508564,25.616137298266587,4.1656101963452565,0.0,0.9994845360824742,0.0,0.12594237874548833,4.334308399498537,0.03573030348333084,113.3751261904762,0.6711887400373071,0.23595394836635014,1.0406355063804495,0.8086535078296014,1.1644609188222763,0.024062095730918498,0.24386617100371746,0.09263521288837745,-0.02366796400222906,0.17293621017809618,0.336587339348648,Medical Instruments & Supplies,Healthcare,ISRG
2015Q2,2015,Q2,2015-07-22,2015-06-30,134500000.0,586100000.0,173800000.0,0.395556,386500000.0,0.6594437809247569,4354500000.0,3792700000.0,2163200000.0,474400000.0,561800000.0,201300000.0,651300000.0,17878038930.0,16962638930.0,11.420355314664258,4.559865092748735,0.0,0.0,0.0345484616955324,11.420355314664258,0.03546286286814143,30.503393499402833,33.23055563197026,4.713802549634825,0.0,0.9915548931942375,0.0,0.1345963945343897,3.969224283305228,0.030887587553105982,104.24512495626823,0.6594437809247569,0.3852134082281586,0.6149714484743493,0.7799267898581465,1.0990332959866702,0.14756532066508313,0.3865979381443299,0.3328220858895706,-0.06110420045452871,0.18126823206722267,0.2886656590924883,Medical Instruments & Supplies,Healthcare,ISRG
2015Q1,2015,Q1,2015-04-22,2015-03-31,97000000.0,532100000.0,130400000.0,0.285556,336800000.0,0.6329637286224394,4126200000.0,3585400000.0,1959300000.0,456900000.0,540800000.0,202400000.0,562300000.0,18534586320.0,17833486320.0,10.854980320920376,4.288246881155614,0.0,0.0,0.026190519672934065,10.854980320920376,0.027054164110001673,34.83290043224958,47.76955237113402,5.169461237239918,0.0,0.9649209486166008,0.0,0.12895642479763464,3.6213613482162397,0.023508312733265473,177.3644623923445,0.6329637286224394,-0.357499,0.20223222414239228,0.7119511228380331,1.1415588294154777,-0.14387391967463142,-0.33923705722070846,-0.29930145083288556,-0.2724700699712329,0.1564947198830847,0.31826102691462893,Medical Instruments & Supplies,Healthcare,ISRG
2014Q4,2014,Q4,2015-02-06,2014-12-31,146800000.0,604700000.0,186100000.0,0.4444444444444444,393400000.0,0.6505705308417397,3959400000.0,3379400000.0,1847000000.0,501200000.0,580000000.0,181700000.0,487700000.0,19412094330.0,18811794330.0,10.231304874356645,3.6851556264964085,0.0,0.0,0.04374524589651536,10.231304874356645,0.04343966384565307,32.10202468992889,33.05874375,5.7442428626383375,0.0,1.162905888827738,0.0,0.152725160377835,3.0877893056664005,0.03707632469566096,150.48135139534884,0.6505705308417397,0.1940305636003364,1.0012378791004743,0.9790283570286473,1.3240819433541777,0.09095951192457016,0.18674211802748586,0.16970458830923948,0.044973544973544936,0.3100546494842195,0.3748219242643587,Medical Instruments & Supplies,Healthcare,ISRG
2014Q3,2014,Q3,2014-10-23,2014-09-30,123700000.0,550100000.0,159100000.0,0.372222,360600000.0,0.6555171786947828,3651500000.0,3084200000.0,1591900000.0,480500000.0,567300000.0,198900000.0,341000000.0,16671691170.0,16178691170.0,9.492767005232379,3.313007284079084,0.0,0.0,0.03960972306701974,9.492767005232379,0.040107645418585046,30.306655462643157,33.693797837510104,5.405515585889372,0.0,0.9527400703871292,0.0,0.1506504176365877,2.650156087408949,0.03387648911406271,121.8690875,0.6555171786947828,0.2093846863648474,1.022424733711573,1.0715707641062242,1.3402908320463207,0.047038327526132406,0.18942307692307692,0.11258741258741259,0.09460603262542316,0.33381392755863715,0.4100906328160718,Medical Instruments & Supplies,Healthcare,ISRG
2014Q2,2014,Q2,2014-07-24,2014-06-30,104000000.0,512200000.0,143000000.0,0.307778,344400000.0,0.6723935962514642,3404600000.0,2822400000.0,1533400000.0,495900000.0,582200000.0,202400000.0,312200000.0,15195434760.0,14687834760.0,8.498644986449865,3.092155676547691,0.0,0.0,0.036951433214707105,8.498644986449865,0.036848072562358274,29.666994845763373,36.52748740384615,5.3838700255102045,0.0,0.8290513833992095,0.0,0.1504435175938436,2.5200645291389394,0.030546907125653527,102.67185648648649,0.6723935962514642,1.4513205262990219,0.7120275197109863,1.0183832514701843,1.2802822734265178,0.09194673430564362,1.347629796839729,1.5265017667844523,-0.05892346828067932,0.27819061606166906,0.31016908508608787,Medical Instruments & Supplies,Healthcare,ISRG
2014Q1,2014,Q1,2014-04-25,2014-03-31,44300000.0,464700000.0,56600000.0,0.125556,315400000.0,0.6787174521196471,4194200000.0,3656600000.0,2077600000.0,459500000.0,537600000.0,185500000.0,1023700000.0,17170774068.6848,16356774068.6848,10.363576635985064,4.521436343852013,0.0,0.0,0.011334107509889283,10.363576635985064,0.012115079582125472,36.95023470773574,96.90053086165237,4.695830571756495,0.0,0.8048517520215633,0.0,0.11079586095083686,3.9138193688792167,0.010562204949692433,117.85019951053397,0.6787174521196471,-0.7359806205788593,0.5612888227806556,1.4467568155875055,2.0862401737976253,-0.20753768844221104,-0.733453670276775,-0.7286673058485139,-0.5755715653124293,0.19420945380653487,0.6347405164745816,Medical Instruments & Supplies,Healthcare,ISRG
2013Q4,2013,Q4,2014-02-03,2013-12-31,166200000.0,576200000.0,208600000.0,0.475556,398000000.0,0.6907323845886845,3950300000.0,3501400000.0,1932400000.0,380900000.0,448900000.0,179600000.0,979400000.0,14914523930.763601,14132423930.763601,10.018713740623546,5.073247571541087,0.0,0.0,0.04616111597319115,10.018713740623546,0.04746672759467641,25.884283114827493,22.434602783940434,4.2595887161602795,0.0,0.9922048997772829,0.0,0.14586233956914665,4.475977946967708,0.04207275396805306,74.49812153228572,0.6907323845886845,0.07268351329587466,2.278680013926083,1.4917838229048068,1.7676925473133855,0.11578357162881973,0.05994897959183673,0.19747416762342135,0.3807590771260703,0.49031597775224106,0.730433574813697,Medical Instruments & Supplies,Healthcare,ISRG
2013Q3,2013,Q3,2013-10-18,2013-09-30,156800000.0,499000000.0,174200000.0,0.443333,356700000.0,0.7148296593186373,3697400000.0,3264300000.0,1733500000.0,367300000.0,433100000.0,200100000.0,813200000.0,14524029720.0,13937229720.0,9.396373056994818,4.719575279063436,0.0,0.0,0.046982943772834684,9.396373056994818,0.04803480072297277,29.106271983967936,23.15693514030612,4.44935505927764,0.0,0.711144427786107,0.0,0.13495970141180288,4.066158453580179,0.04240817872018175,85.53609964664311,0.7148296593186373,0.023076940828415913,1.7517762806682695,1.1372118392702169,1.7879984700107447,-0.11969397828232971,-0.014456316781898177,-0.20274599542334096,0.8481494334023384,0.47892557756073495,0.6590917123987267,Medical Instruments & Supplies,Healthcare,ISRG
2013Q2,2013,Q2,2013-07-22,2013-06-30,159100000.0,578500000.0,218500000.0,0.433333,405200000.0,0.7004321521175454,4201300000.0,3718800000.0,1861000000.0,390900000.0,482500000.0,169300000.0,1292900000.0,20011852980.0,19579152980.0,10.355889724310776,4.760808390892811,0.0,0.0,0.04195692120139139,10.355889724310776,0.04278261804883296,34.59265856525497,31.445400659962292,5.381266263310746,0.0,1.0236266981689308,0.0,0.13769547521005404,4.2179585571757485,0.03786923095232428,121.94913455210238,0.7004321521175454,-0.1447380626723271,2.020712805420217,1.564726844324769,2.364808149936932,-0.06700437485609026,-0.15775542615140287,-0.1301751592356688,0.76671385340465,0.6247526429418285,0.9033871313077955,Medical Instruments & Supplies,Healthcare,ISRG
2013Q1,2013,Q1,2013-04-19,2013-03-31,188900000.0,611400000.0,251200000.0,0.506667,434300000.0,0.7103369316323193,4235800000.0,3772200000.0,1894700000.0,377600000.0,463600000.0,135500000.0,1385600000.0,19528565940.0,19101065940.0,10.400330851943755,5.017743644067797,0.0,0.0,0.04923409709367251,10.400330851943755,0.05007687821430465,31.94073591756624,25.845111090524085,5.176969922061397,0.0,1.3070110701107012,0.0,0.1443410925917182,4.510858050847458,0.044596062137022524,80.93065039370079,0.7103369316323193,0.07294238726700579,3.038479297898796,2.1102790265185143,2.678294584565915,-0.00822105503539621,0.08004574042309891,0.012494961708988311,1.132109995665568,0.7913669390707853,1.0518618833326325,Medical Instruments & Supplies,Healthcare,ISRG
2012Q4,2012,Q4,2013-02-04,2012-12-31,174900000.0,609300000.0,248100000.0,0.472222,437900000.0,0.7186935827999343,4059200000.0,3580100000.0,1892800000.0,401600000.0,479100000.0,121500000.0,1333400000.0,19614816000.0,19061116000.0,9.944722222222222,4.713147410358566,0.0,0.0,0.04813552250338719,9.944722222222222,0.048853383983687604,32.19237813884786,28.037186963979416,5.478845842294908,0.0,1.4106995884773663,0.0,0.1501034686637761,4.219870517928287,0.04308730784391013,152.64448249027237,0.7186935827999343,-0.04708650485515264,2.432136288731105,2.102204929109086,2.8857730225031895,0.12253268392719815,-0.04582651391162029,0.17360454115421003,1.187603156591706,0.8295711340461492,1.2589835443441446,Medical Instruments & Supplies,Healthcare,ISRG
2012Q3,2012,Q3,2012-10-18,2012-09-30,183300000.0,537800000.0,211400000.0,0.495556,390100000.0,0.7253625883227965,3732200000.0,3293500000.0,1653100000.0,364900000.0,438700000.0,125800000.0,1208800000.0,19942008030.0,19545808030.0,9.171539961013645,4.530282269114826,0.0,0.0,0.054545588911272744,9.171539961013645,0.05565507818430242,37.080714075864634,27.198592512274956,6.0549591710945805,0.0,1.1740858505564389,0.0,0.1440973152564171,4.049328583173472,0.04911312362681528,88.82854356347438,0.7253625883227965,0.18933344853324113,3.2699731194601034,2.267190595414759,2.9234977073515975,0.009575569358178054,0.18334409296320206,-0.06169551708832668,1.7114365092571489,0.8323702514512703,1.261097409709496,Medical Instruments & Supplies,Healthcare,ISRG
2012Q2,2012,Q2,2012-07-23,2012-06-30,154900000.0,536500000.0,225300000.0,0.416667,386400000.0,0.7202236719478099,3626100000.0,3182400000.0,1703300000.0,346800000.0,443700000.0,119400000.0,1185800000.0,22096213020.0,21611813020.0,8.862155388471178,4.911476355247982,0.0,0.0,0.04782486898613986,8.862155388471178,0.04867395676219206,41.18585837837838,35.66206103938025,6.943254468325792,0.0,1.2571189279731994,0.0,0.147955103279005,4.428200692041522,0.04271807175753564,109.00943769116921,0.7202236719478099,0.07142912244882223,3.7650486487555677,2.608282376255579,3.219904325168815,0.08569822983984265,0.0794425087108014,0.16554578375581996,1.358208988201092,0.9551822974004478,1.377816212925926,Medical Instruments & Supplies,Healthcare,ISRG
2012Q1,2012,Q1,2012-04-19,2012-03-31,143500000.0,495200000.0,193300000.0,0.388889,355900000.0,0.7186995153473344,3332900000.0,2927300000.0,1436100000.0,313600000.0,405600000.0,118800000.0,1045400000.0,21399109200.0,21073209200.0,8.234317862165964,4.579400510204081,0.0,0.0,0.048076173972261306,8.234317862165964,0.04902128241041233,43.21306381260097,37.28067804878049,7.3101865883237105,0.0,1.1725589225589226,0.0,0.14857931531099042,4.052933673469388,0.043055597227639596,183.36854498714652,0.7186995153473344,-0.08564788690476192,4.691439077026821,3.0924925956531246,3.2961608318887,-0.019289060347203086,-0.05092592592592592,-0.03107769423558897,4.019490216434016,1.5877776454723178,1.4521536803997828,Medical Instruments & Supplies,Healthcare,ISRG
2011Q4,2011,Q4,2012-02-06,2011-12-31,151200000.0,496800000.0,199500000.0,0.4253164556962025,362900000.0,0.730475040257649,3063100000.0,2645600000.0,1466300000.0,320600000.0,417500000.0,112100000.0,901900000.0,18288910800.0,17823110800.0,7.441912798874824,4.573611977542108,0.0,0.0,0.056138471770413145,7.441912798874824,0.057151496824916846,36.813427536231885,30.23960119047619,6.912953885697006,0.0,1.1944692239072257,0.0,0.16218863243119716,4.1394260761072985,0.049361757696451306,85.2629874125874,0.730475040257649,0.25503175286362945,5.037673019250508,3.166334513802356,3.2351911162618427,0.11490015360983102,0.23529411764705882,0.11514812744550028,1.932310526843433,1.112072634813311,1.0558454033561433,Medical Instruments & Supplies,Healthcare,ISRG
2011Q3,2011,Q3,2011-10-19,2011-09-30,122400000.0,446700000.0,178900000.0,0.338889,325500000.0,0.7286769644056413,2746000000.0,2369000000.0,1311900000.0,284100000.0,377000000.0,108600000.0,750700000.0,14243363640.0,13945163640.0,6.73202614379085,4.617740232312566,0.0,0.0,0.05112440557794821,6.73202614379085,0.05166737019839595,31.885748018804566,29.0918375,6.012394951456311,0.0,1.1160220994475138,0.0,0.16267297887836854,4.138331573389651,0.044573925710123814,103.89032560175055,0.7286769644056413,0.04811138980555655,5.6868321038461245,3.396030249227709,3.109643364377901,0.06164383561643835,0.04258943781942078,0.06424747174301011,1.1206013307545624,0.8887458602133897,0.9974599215161379,Medical Instruments & Supplies,Healthcare,ISRG
2011Q2,2011,Q2,2011-07-20,2011-06-30,117400000.0,425700000.0,168100000.0,0.323333,306600000.0,0.7202255109231853,2649900000.0,2288500000.0,1365300000.0,274000000.0,361400000.0,100100000.0,798500000.0,14586727680.0,14204727680.0,6.486678004535148,4.982846715328467,0.0,0.0,0.05007855010039847,6.486678004535148,0.051299978151627706,34.26527526427061,31.0620265758092,6.373925138737163,0.0,1.1898101898101898,0.0,0.16064757160647572,4.540875912408759,0.044303558624853766,92.614144,0.7202255109231853,0.12355009764471227,5.585831239341438,3.5777306544565546,3.2570927768805653,0.09971305595408896,0.12776176753121998,0.1335131490222522,1.268789390243222,0.9210038401301424,1.1076341672930599,Medical Instruments & Supplies,Healthcare,ISRG
2011Q1,2011,Q1,2011-04-20,2011-03-31,104100000.0,388100000.0,148300000.0,0.287778,278800000.0,0.7183715537232672,2568300000.0,2230900000.0,1483600000.0,252300000.0,337400000.0,93300000.0,812000000.0,13038282090.0,12588482090.0,6.339585109406081,5.880301228695997,0.0,0.0,0.04505267282823076,6.339585109406081,0.0466627818369268,33.59516127286782,31.311916642651294,5.844404540768299,0.0,1.1714898177920685,0.0,0.15111163026126231,5.349583828775268,0.04053264805513375,152.31637955607476,0.7183715537232672,-0.1644465495049506,5.699100737686621,3.673843657604814,3.428610534991614,-0.011697979439914925,-0.14108910891089108,-0.03513337670787248,1.293849504930817,1.0349130123029433,1.242126900411534,Medical Instruments & Supplies,Healthcare,ISRG
2010Q4,2010,Q4,2011-02-01,2010-12-31,121200000.0,389300000.0,153700000.0,0.34441602728047743,282100000.0,0.7246339583868482,2390400000.0,2037400000.0,1275800000.0,273800000.0,353000000.0,86800000.0,718900000.0,10078028910.0,9798228910.0,5.7897129866439325,4.659605551497443,0.0,0.0,0.05816311314300445,5.7897129866439325,0.05948758221262393,25.88756462882096,20.78801342821782,4.946514631392952,0.0,1.2350230414746544,0.0,0.16285977242302543,4.226442658875091,0.05070281124497992,88.01771973799127,0.7246339583868482,0.4484772656868064,1.2768969007779427,4.024111636860572,3.282996533300669,0.12569832402234637,0.3995381062355658,0.1635124905374716,1.4331034215778982,1.0277151364459025,1.2622563032746155,Medical Instruments & Supplies,Healthcare,ISRG
2010Q3,2010,Q3,2010-10-20,2010-09-30,86600000.0,344400000.0,132100000.0,0.237778,250600000.0,0.7276422764227642,2351800000.0,2008300000.0,1301500000.0,267300000.0,343500000.0,85000000.0,720100000.0,11179367820.0,10797367820.0,5.663564579808234,4.869060980172091,0.0,0.0,0.041548434681701864,5.663564579808234,0.04312104765224319,32.46041759581882,32.27300178983834,5.566582592242195,0.0,1.1035294117647059,0.0,0.14644102389658983,4.447437336326225,0.03682285908665703,177.73239777424484,0.7276422764227642,-0.022828798395614257,2.729122650569351,4.047889382562533,3.707797695188373,-0.024143302180685357,-0.02367531003382187,-0.05440229062276306,1.0429476681863623,1.1188171965087903,1.4228191491038809,Medical Instruments & Supplies,Healthcare,ISRG
2010Q2,2010,Q2,2010-07-23,2010-06-30,88700000.0,350700000.0,139700000.0,0.243333,256800000.0,0.7322497861420018,2243100000.0,1924400000.0,1264100000.0,243300000.0,318700000.0,74000000.0,685700000.0,12403869930.0,11983869930.0,5.440769013288097,5.1956432387998355,0.0,0.0,0.044653902248401496,5.440769013288097,0.046092288505508214,35.36889059024808,34.96017454904171,6.445577806069424,0.0,1.268918918918919,0.0,0.15634612812625384,4.778462803123715,0.039543488921581736,79.92184233247423,0.7322497861420018,0.03301550374433258,4.311210868224228,4.884719743899468,3.895144351457246,0.06777546777546778,0.03985932004689332,0.07710100231303008,1.7702558860547468,1.3946767741713908,1.5907382216844297,Medical Instruments & Supplies,Healthcare,ISRG
2010Q1,2010,Q1,2010-04-20,2010-03-31,85300000.0,328600000.0,129700000.0,0.235556,240500000.0,0.7318928788800974,2016600000.0,1770000000.0,1019500000.0,173800000.0,246600000.0,68500000.0,597000000.0,13507440120.0,13193840120.0,5.0687285223367695,5.865937859608746,0.0,0.0,0.046715352199505115,5.0687285223367695,0.048192090395480225,41.10602592818016,39.58804255568582,7.6313221016949155,0.0,1.2861313868613138,0.0,0.16294753545571755,5.314154200230149,0.042298918972528014,135.88973963782695,0.7318928788800974,0.060658077161130516,7.3352398062254265,6.024726388175273,3.7687160139234592,0.03148495232866842,0.0999071590674644,0.010266236699848889,2.444170094863379,1.764650237319445,1.6445509281581598,Medical Instruments & Supplies,Healthcare,ISRG
2009Q4,2009,Q4,2010-01-29,2009-12-31,77552000.0,323038000.0,128382000.0,0.2220847651775487,233159000.0,0.7217695750964283,1809716000.0,1537283000.0,846628000.0,202768000.0,272433000.0,57600000.0,511716000.0,11773068480.0,11551631480.0,4.402299541809851,4.175353112917225,0.0,0.0,0.04887773229741093,4.402299541809851,0.0504474452654456,36.44484079272407,37.95217557251908,7.65836119959695,0.0,1.5603993055555556,0.0,0.17850204120425525,3.752165035903101,0.04285313275674194,109.09575573367928,0.7217695750964283,0.21875934397355257,4.905777996635939,5.358785108095272,3.3424852335166184,0.17162971598560833,0.201909367057219,0.22864170119914634,2.152652987536505,1.7579826644365477,1.505347807006771,Medical Instruments & Supplies,Healthcare,ISRG
2009Q3,2009,Q3,2009-10-21,2009-09-30,64524000.0,280134000.0,104491000.0,0.182222,199004000.0,0.7103885997415522,1637811000.0,1390262000.0,781225000.0,185599000.0,247549000.0,56646000.0,434164000.0,9987270558.3,9781175558.3,4.056233898473218,4.20920910134214,0.0,0.0,0.044551580227174786,4.056233898473218,0.04641139583761909,35.651761508064,38.69595250720662,7.183732676502702,0.0,1.4322282244112559,0.0,0.17104171360431697,3.7679459479846336,0.0393964871404576,109.81659858485897,0.7103885997415522,0.012344444444444455,8.374494521357624,6.0097751315339325,3.1189228963570454,0.046370639114546364,0.034237353337180226,0.04973879847297569,2.6191442074536937,1.8304542977650953,1.476174983455777,Medical Instruments & Supplies,Healthcare,ISRG
2009Q2,2009,Q2,2009-07-23,2009-06-30,62388000.0,260624000.0,99540000.0,0.18,190185000.0,0.7297294186260667,1501282000.0,1271184000.0,638058000.0,179000000.0,230098000.0,59247000.0,369640000.0,6202207861.2,6028786861.2,3.727014451451742,3.564569832402235,0.0,0.0,0.04665497647959952,3.727014451451742,0.04907865423101612,23.797531544293694,24.85336868147721,4.87907955197674,0.0,1.1889040795314532,0.0,0.17360096237748804,3.105463687150838,0.04155648305914545,88.43242120481928,0.7297294186260667,1.2499999999999998,10.438211222081689,6.431202282965372,2.8960495273422735,0.4776930009945301,1.2169000071068155,1.210722693554835,2.6201352781142586,1.898960027101991,1.445974085581532,Medical Instruments & Supplies,Healthcare,ISRG
2009Q1,2009,Q1,2009-04-17,2009-03-31,28142000.0,188372000.0,45026000.0,0.08,128704000.0,0.6832437941944662,1386053000.0,1175120000.0,564504000.0,162977000.0,210933000.0,64383000.0,307252000.0,3707898433.2,3611293433.2,3.3579942105518836,3.4637034673604252,0.0,0.0,0.02154772624258609,3.3579942105518836,0.023948192525018723,19.68391498311851,32.93918727524696,3.155335993941044,5.330111577002345,0.9267663824301446,0.04045418252477499,0.13590533695320453,2.9412555145818122,0.020303696900479274,59.190001168507756,0.6832437941944662,-0.4484463532842114,27.239407373531904,4.958737544138783,2.5397824069268187,-0.22157977500907222,-0.4455652310965759,-0.4557936594268586,0.8211165022284508,1.2812027112654278,1.3457763056491436,Medical Instruments & Supplies,Healthcare,ISRG
2008Q4,2008,Q4,2009-02-06,2008-12-31,50758000.0,231545000.0,82737000.0,0.14504482107290534,165340000.0,0.7140728584076529,1474624000.0,1266766000.0,703890000.0,164516000.0,207858000.0,63460000.0,397824000.0,4937752170.0,4743129170.0,3.6198795817652387,4.278550414549345,0.0,0.0,0.03756073726856806,3.6198795817652387,0.04006896301290057,21.325237729167117,24.3200686098743,3.8979197184010306,0.0,1.043255594075008,0.0,0.15701968773056724,3.7776021785115126,0.03442097782214314,71.25389145429882,0.7140728584076529,-0.09346986829434165,9.948802392283401,6.182413398390095,2.8869484908526974,-0.02497420020639835,-0.11869291940132652,-0.026989839119390346,-0.041124461650425895,2.0048809923228723,1.6778411529952901,Medical Instruments & Supplies,Healthcare,ISRG
2008Q3,2008,Q3,2008-10-17,2008-09-30,57594000.0,235992000.0,85032000.0,0.16,169575000.0,0.7185624936438524,1364671000.0,1183428000.0,651564000.0,146842000.0,181243000.0,52498000.0,347066000.0,9401850306.0,9174236306.0,3.370293476867871,4.437177374320698,0.0,0.0,0.046172541601199574,3.370293476867871,0.04866709254808911,39.839699252517036,40.810893087821654,7.944590043500746,0.0,1.2651339098632328,0.0,0.17292959255380969,3.9629669985426514,0.0422035787380255,185.02480233793835,0.7185624936438524,0.12500175781524672,12.833385883724318,5.949870278166428,2.9838391603165046,0.08662915876352079,0.1252784181938963,0.0874352580088241,1.504555316562237,2.493080369196433,1.8015324340212975,Medical Instruments & Supplies,Healthcare,ISRG
2008Q2,2008,Q2,2008-07-25,2008-06-30,51182000.0,219189000.0,78195000.0,0.142222,156056000.0,0.7119700349926319,1231387000.0,1073987000.0,559540000.0,129417000.0,157400000.0,42594000.0,289472000.0,10445434568.1,10222411568.1,3.077705849144737,4.323543274840245,0.0,0.0,0.04441451239605123,3.077705849144737,0.04765607032487358,47.6549214061837,51.0210355598648,9.72584823475517,0.0,1.482204066300418,0.0,0.17800171676329213,3.8768090745419843,0.04156451221265126,529.8216874511793,0.7119700349926319,0.14285943878370985,26.934380281419557,3.8960633334398858,1.5157104063721203,0.20221559700170252,0.14294008619727117,0.20537365889752127,2.1063495352514128,2.7279657980067884,1.7690597351389579,Medical Instruments & Supplies,Healthcare,ISRG
2008Q1,2008,Q1,2008-04-18,2008-03-31,44781000.0,188194000.0,64872000.0,0.124444,129807000.0,0.6897510016259817,1123285000.0,981811000.0,582012000.0,119264000.0,141474000.0,38832000.0,238290000.0,12514075558.199999,12283267558.199999,2.8274871989816783,4.880030855916287,0.0,0.0,0.04030419113033656,2.8274871989816783,0.04561061141095384,66.49561387823204,69.86264017217123,12.745910932144781,0.0,1.5035795220436754,0.0,0.16753895939142782,4.3823618191575,0.03986610699866908,385.82011895174963,0.6897510016259817,-0.12087389026102166,10.329403894442642,3.6738820131283316,6.521300038164208,-0.03988905325443787,-0.08894675808190751,-0.11595644649159864,3.40057922702966,3.0458950790280177,1.6601313180472728,Medical Instruments & Supplies,Healthcare,ISRG
2007Q4,2007,Q4,2008-02-14,2007-12-31,49153000.0,189446000.0,73381000.0,0.1415542077767986,135200000.0,0.7136598291861533,1039998000.0,888674000.0,609591000.0,131770000.0,151324000.0,32416000.0,193509000.0,12461989858.2,12339164858.2,2.559264827006261,4.626174394778781,0.0,0.0,0.049609958440667803,2.559264827006261,0.05531049631248354,65.78122450830317,63.383668637723034,14.023128681833832,0.0,1.6734328726554788,0.0,0.18215996569224172,4.233414282461865,0.04726259088959787,175.08450564367703,0.7136598291861533,0.22498362505450695,10.031104012233685,3.2799817076487034,5.666587472345659,0.2464275836636858,0.20122681394951,0.35920945395273024,2.764273181688565,2.750187349716682,1.5244919420826588,Medical Instruments & Supplies,Healthcare,ISRG
2007Q3,2007,Q3,2007-10-19,2007-09-30,40919000.0,156904000.0,53988000.0,0.115556,108470000.0,0.6913144343037781,912247000.0,800151000.0,538702000.0,103664000.0,112096000.0,26773000.0,144356000.0,8800832396.699999,8714439396.699999,2.3375927922242963,5.196615990121932,0.0,0.0,0.041700362427181524,2.3375927922242963,0.05113909749534775,56.090554713072954,53.76984039627067,10.998964441336698,0.0,1.8090613677959138,0.0,0.1719972770532542,4.721156814323198,0.04485517628449313,200.54306475333254,0.6913144343037781,0.31645742669005916,4.037484361304396,3.4076906808901715,4.828828385967232,0.1526118927190037,0.3344747741577797,0.19885417360602226,4.9528118772452805,2.9313603064393994,1.3737202329175358,Medical Instruments & Supplies,Healthcare,ISRG
2007Q2,2007,Q2,2007-07-20,2007-06-30,30663000.0,140249000.0,45033000.0,0.087778,94108000.0,0.6710065668917425,808698000.0,711349000.0,455500000.0,91439000.0,97349000.0,24040000.0,103437000.0,5222751483.6,5157039483.6,2.100084434524864,4.981463051870646,0.0,0.0,0.038618651998881016,2.100084434524864,0.04310542363874835,37.2391352779699,42.58186970942178,7.342038132618447,0.0,1.919342762063228,0.0,0.17342567930179129,4.500650707028729,0.03791650282305632,145.26204271012963,0.6710065668917425,0.2741947190407756,4.962854177192959,2.496666509431275,3.8751300748061985,0.23004130287028807,0.28825308797580035,0.3114243280235301,4.660738116472334,3.0266679924128406,1.195331699162692,Medical Instruments & Supplies,Healthcare,ISRG
2007Q1,2007,Q1,2007-04-23,2007-03-31,23802000.0,114229000.0,34339000.0,0.068889,76508000.0,0.6697773770233478,724168000.0,643236000.0,407378000.0,77057000.0,80932000.0,26261000.0,72774000.0,4533231187.8,4481876187.8,1.916668901463345,5.286709838171743,0.0,0.0,0.03262546734376208,1.916668901463345,0.0370035259220566,39.685466806152554,47.61397348752205,7.047539608790553,0.0,1.4363885609839686,0.0,0.157738259630362,4.739102223029705,0.03286806376420941,147.83561139446908,0.6697773770233478,-0.022071093058669274,3.063006618599624,2.8595273940390395,3.264525011023519,0.020855293882180267,0.006810202614102618,-0.031230604299497828,23.905375795287636,2.7678474552006094,1.0204295873960598,Medical Instruments & Supplies,Healthcare,ISRG
