Quarters,Year,Quarter,FillingDate,Date,NetIncome,Revenue,OperatingIncome,EPSDiluted,GrossProfit,GrossProfitRatio,TotalAssets,CommonStockEquity,CurrentAssets,CurrentLiability,TotalLiability,Inventory,RetainedEarnings,MarketCap,EnterpriseValue,bookValuePerShare,currentRatio,debtToAssets,debtToEquity,roic,shareholdersEquityPerShare,roe,priceToSalesRatio,peRatio,pbRatio,payoutRatio,inventoryTurnover,dividendYield,assetTurnover,quickRatio,returnOnAssets,priceToFreeCashFlowsRatio,grossProfitMargin,epsdilutedGrowth,fiveYNetIncomeGrowthPerShare,fiveYRevenueGrowthPerShare,fiveYShareholdersEquityGrowthPerShare,grossProfitGrowth,netIncomeGrowth,operatingIncomeGrowth,threeYNetIncomeGrowthPerShare,threeYRevenueGrowthPerShare,threeYShareholdersEquityGrowthPerShare,Industry,Sector,Symbol
2023Q3,2023,Q3,2023-05-10,2023-03-31,-11423000.0,124234000.0,-10193000.0,-0.57,28671000.0,0.2307822335,325047000.0,73843000.0,150307000.0,90732000.0,251204000.0,82255000.0,20296000.0,76905007.22,208484007.22,3.706312375533771,1.6566040647180709,0.4271228468498402,1.880137589209539,-0.042588345800330066,3.706312375533771,-0.1546930650163184,0.6190334950174671,-1.6831175527444628,1.0414664520672237,0.0,1.161789556865844,0.0,0.3822031890772719,0.6762112595335714,-0.03514261014560971,-5.806342560966402,0.2307822335270538,0.21917808219178087,-1.458872901499232,-0.33824909787614377,-0.6989034166109709,-0.0565336141366942,0.1605673133450911,-0.5297913852618941,0.7516362139622631,-0.16800030020585743,-0.5677220171182044,Packaged Foods,Consumer Defensive,FARM
2023Q2,2023,Q2,2023-02-08,2022-12-31,-13608000.0,132692000.0,-6663000.0,-0.73,30389000.0,0.2290190818,338994000.0,82938000.0,160216000.0,93626000.0,256056000.0,83537000.0,31719000.0,86317441.77000001,209409441.77,4.429512415564723,1.7112340589152586,0.4150987923090084,1.6966408642600497,-0.026507275821685664,4.429512415564723,-0.16407436880561382,0.6505097652458325,-1.585784864969136,1.0407466031252262,0.0,1.2246429725750267,0.0,0.3914287568511537,0.725621088159272,-0.04014230340360006,7.0428722070822465,0.22901908178337804,-0.8717948717948717,0.3524015608791598,-0.29187978786462565,-0.6471518432758321,0.14257247057938865,-0.8454027664768105,0.4195993031358885,-2.608294499245082,-0.20259736823470692,-0.5917142139771382,Packaged Foods,Consumer Defensive,FARM
2023Q1,2023,Q1,2022-11-04,2022-09-30,-7374000.0,121380000.0,-11480000.0,-0.39,26597000.0,0.2191217664,339278000.0,96849000.0,158329000.0,78837000.0,242429000.0,95759000.0,45327000.0,88868244.57000001,222513244.57,5.111182427399219,2.0083082816444056,0.41620146310695066,1.4580222821092628,-0.04336490114102695,5.111182427399219,-0.07613914444134684,0.7321489913494811,-3.0128913944263633,0.9175958922652789,0.0,0.9898077465303522,0.0,0.3577597132734807,0.6961071578066137,-0.021734388908210965,-5.416483486926312,0.21912176635360026,-0.95,-5.645112866052225,-0.18781198843556995,-0.6057776675868645,-0.23808296092586226,-0.9523431294678316,-2.54320987654321,-2.4298659414508084,-0.20968091392074284,-0.4590518110383492,Packaged Foods,Consumer Defensive,FARM
2022Q4,2022,Q4,2022-09-02,2022-06-30,-3777000.0,122988000.0,-3240000.0,-0.2,34908000.0,0.283832569,350071000.0,104748000.0,165092000.0,87603000.0,245323000.0,99618000.0,52701000.0,86510853.59,212097853.59,5.6786876977108784,1.8845473328538977,0.38679582141908353,1.2926833925230077,-0.010457750953797156,5.6786876977108784,-0.03605796769389392,0.7034088983478063,-5.726161873841674,0.8258950394279605,0.0,0.8841775582726014,0.0,0.35132301733077004,0.6478545255299476,-0.010789239897049456,-10.688269531751915,0.28383256903112497,0.09090909090909087,-4.074700282479648,-0.1679159141656567,-0.5592470184546109,-0.018335208098987626,0.0650990099009901,-0.2471131639722864,0.6017233288144793,-0.20023298015117186,-0.3856388902072502,Packaged Foods,Consumer Defensive,FARM
2022Q3,2022,Q3,2022-05-06,2022-03-31,-4040000.0,119398000.0,-2598000.0,-0.22,35560000.0,0.2978274343,358789000.0,100706000.0,169563000.0,97357000.0,258083000.0,100645000.0,53983000.0,130223482.8,248165482.8,5.5061245835455415,1.7416621300985033,0.35764753100011426,1.2742041189204218,-0.010293141004946159,5.5061245835455415,-0.040116775564514526,1.0906672038057588,-8.058383836633663,1.2931055031477767,0.0,0.8330071041780516,0.0,0.33278054789862566,0.5939069609786661,-0.0112600999473228,-32.22555872308834,0.29782743429538183,0.26666666666666666,-3.301136257345271,-0.21552492227297904,-0.5605855905050475,0.01617420129165,0.25461254612546125,0.07379679144385026,0.9274226833883736,-0.24325316106065092,-0.43527861219605607,Packaged Foods,Consumer Defensive,FARM
2022Q2,2022,Q2,2022-02-04,2021-12-31,-5420000.0,118445000.0,-2805000.0,-0.3,34994000.0,0.2954451433,346658000.0,105310000.0,153760000.0,88175000.0,241348000.0,87221000.0,58172000.0,134890824.95000002,248844824.95000002,5.81625548135548,1.743804933371137,0.33917578708698487,1.1164941600987561,-0.011418893975022272,5.81625548135548,-0.05146709714177191,1.1388477770273124,-6.221901519833948,1.2808928397113284,0.0,0.9567764643835773,0.0,0.34167681115104803,0.5908931102920328,-0.015635006259771878,-25.915624390009608,0.2954451433154629,-1.1428571428571426,-1.2472794502570372,-0.21964942351576244,-0.5308127216812578,0.112545304253831,-1.2359735973597359,-0.5758426966292135,0.49659057721531336,-0.304564638297495,-0.5475093896579255,Packaged Foods,Consumer Defensive,FARM
2022Q1,2022,Q1,2021-11-05,2021-09-30,-2424000.0,108362000.0,-1780000.0,-0.14,31454000.0,0.29026780605747404,345736000.0,108033000.0,148340000.0,81820000.0,237703000.0,83862000.0,63740000.0,151125126.54,262020126.54,6.011955462346771,1.813004155463212,0.33814529004789784,1.0821600807160774,-0.00716308634259952,6.011955462346771,-0.02243758851462053,1.3946321269448698,-15.586337308168318,1.3988792918830357,0.0,0.9170780568076125,0.0,0.3134241155101002,0.6036543632363726,-0.007011129879445589,-16.290301448744206,0.29026780605747404,0.4166666666666666,-2.3808674701804002,-0.2345720124752817,-0.46454770156070374,0.10835476937171852,0.38957441450516245,0.7114605284486951,0.23713554231636305,-0.30933689132410525,-0.5439008548474781,Packaged Foods,Consumer Defensive,FARM
2021Q4,2021,Q4,2021-09-10,2021-06-30,-3971000.0,102857000.0,-6169000.0,-0.24,28379000.0,0.27590732764906617,338006000.0,104959000.0,139086000.0,76240000.0,233047000.0,76791000.0,66311000.0,220043825.91,325624825.90999997,6.05302014038227,1.824317943336831,0.34272764388797833,1.1037071618441487,-0.023751701512827763,6.05302014038227,-0.03783382082527463,2.1393179453999243,-13.853174635482246,2.0964741080802978,0.0,0.9698792827284447,0.0,0.30430524901924816,0.6634837355718782,-0.01174831216013917,-689.7925577115988,0.27590732764906617,0.6923076923076923,-1.044995015658024,-0.2682174446274523,-0.4513303916652651,0.1884998743613368,0.7098070739549839,0.40654160654160654,-1.7181664775390557,-0.33136978805867684,-0.5545657383346976,Packaged Foods,Consumer Defensive,FARM
2021Q3,2021,Q3,2021-05-07,2021-03-31,-13684000.0,93152000.0,-10395000.0,-0.78,23878000.0,0.256333734111989,340261000.0,81989000.0,133019000.0,74400000.0,258272000.0,75151000.0,70428000.0,185379102.35999998,291497102.36,4.617376765250186,1.7878897849462365,0.3367767684218879,1.3976509043896133,-0.046374875983674284,4.617376765250186,-0.16690043786361586,1.9900710919787012,-3.386785705203157,2.2610240685945677,0.0,0.9217974478050858,0.0,0.2737663146819647,0.6125537634408602,-0.04021618698587261,-65.62092118938052,0.256333734111989,0.23529411764705882,-11.692970258341674,-0.3547399357559618,-0.2833037149699843,-0.09036190476190477,0.22798307475317348,-0.022727272727272728,-2.3050345651252337,-0.443258886654353,-0.6248895863677719,Packaged Foods,Consumer Defensive,FARM
2021Q2,2021,Q2,2021-02-05,2020-12-31,-17725000.0,104571000.0,-10164000.0,-1.02,26250000.0,0.25102561895745473,356083000.0,96193000.0,140413000.0,81512000.0,259890000.0,80617000.0,84256000.0,81872203.07,185814203.07,5.486859925045865,1.72260526057513,0.308352266185131,1.1414448036759433,-0.19159362099757246,5.486859925045865,-0.18426496730531328,0.7829341124212257,-1.154756037658674,0.8511243340991548,0.0,0.9715196546634085,0.0,0.2936702959703215,0.5854475414662872,-0.049777720362949085,-4.528830792676181,0.25102561895745473,-1.7567567567567568,-3.965895840075712,-0.31623393376719827,-0.12889299721108086,0.17088184129532985,-1.8269537480063796,0.11177138862186489,0.09910168340286622,-0.4039927389194949,-0.5629251644146677,Packaged Foods,Consumer Defensive,FARM
2021Q1,2021,Q1,2020-11-06,2020-09-30,-6270000.0,97270000.0,-11443000.0,-0.37,22419000.0,0.2304821630513005,355021000.0,103628000.0,133864000.0,79749000.0,251393000.0,71729000.0,102124000.0,76998353.64,143404353.64,5.9486435533610456,1.6785665024012841,0.21810259111432845,0.7472015285444088,-0.055618603097190085,5.9486435533610456,-0.06050488285019493,0.7915940540762825,-3.070109794258373,0.7430265337553557,0.0,1.0435249341270616,0.0,0.27398379250804883,0.6663406437698278,-0.017660927100087036,16.669918519159992,0.2304821630513005,0.35087719298245607,-4.452237584060838,-0.31924925926340997,0.06544399875003844,0.44201453656654016,0.3548055155381766,0.15829349025376976,-5.145841535609139,-0.2920494127455803,-0.5411848100492018,Packaged Foods,Consumer Defensive,FARM
2020Q4,2020,Q4,2020-09-11,2020-06-30,-9718000.0,81083000.0,-13595000.0,-0.57,15547000.0,0.1917417954441745,392699000.0,111913000.0,176713000.0,64292000.0,280786000.0,67408000.0,108536000.0,127275152.25999999,195116152.26,6.454059613473842,2.7486001368755053,0.32557760523963647,1.142441003279333,-0.058185766372201866,6.454059613473842,-0.08683530957082734,1.5696897285497575,-3.274211572854497,1.1372687021168228,0.0,0.9722288155708522,0.0,0.20647620696767754,1.5822497355814098,-0.02474668893987507,-11.511862541606368,0.1917417954441745,0.7543103448275863,-3.1657547925497056,-0.42666185929452966,0.1656026929535113,-0.5903185854699728,0.7556879603791136,0.6990192388585091,-9.415557404288844,-0.41644139871022695,-0.49906630384745837,Packaged Foods,Consumer Defensive,FARM
2020Q3,2020,Q3,2020-05-08,2020-03-31,-39777000.0,129139000.0,-45169000.0,-2.32,37949000.0,0.2938616529475991,395323000.0,147736000.0,173295000.0,87814000.0,247587000.0,85934000.0,118394000.0,119926917.84,179568917.84,8.573909665316553,1.9734324822921174,0.2176220457701677,0.5823292900850165,-0.17208530812164785,8.573909665316553,-0.26924378621324524,0.9286653748286731,-0.7537453669205822,0.8117650257215573,0.0,1.0611632182837991,0.0,0.32666705453515227,0.8916345912952377,-0.10061898751147795,19.490804134568503,0.2938616529475991,-6.395348837209302,-13.561665730904801,-0.08236790731814543,0.3640084673205019,-0.13722860065931566,-6.129868454990972,-6.092333709131905,-25.048881118522445,-0.09938039254610789,-0.3157620399823674,Packaged Foods,Consumer Defensive,FARM
2020Q2,2020,Q2,2020-02-07,2019-12-31,7754000.0,152498000.0,8870000.0,0.43,43985000.0,0.28843001219688125,436709000.0,186160000.0,171170000.0,89770000.0,250549000.0,85134000.0,158310000.0,258416166.48000002,324857166.48,10.849048796709013,1.9067617244068173,0.17304658250688673,0.40594649763644175,0.03182487840328758,10.849048796709013,0.04165234207133649,1.6945544628782019,8.33170513541398,1.3881401293510958,0.0,1.2746141377123124,0.0,0.3491982075020208,0.7927481341205302,0.0177555305707004,-126.73671725355567,0.28843001219688125,0.6538461538461537,1.5013276174585297,-0.01618841441886947,0.5631561519939828,0.0822814399251987,0.6660936828534594,0.2869994196169472,-0.6267103343028163,0.06015313385728523,-0.12482598235371083,Packaged Foods,Consumer Defensive,FARM
2020Q1,2020,Q1,2019-11-08,2019-09-30,4654000.0,138600000.0,6892000.0,0.26,40641000.0,0.2932251082251082,439598000.0,161569000.0,167896000.0,102726000.0,278029000.0,91730000.0,150694000.0,221443070.45,303350070.45,9.44856186173786,1.6344060899869557,0.2032129354546654,0.5529030940341279,0.02638409117849046,9.44856186173786,0.028805030668011808,1.597713351010101,11.895308898259561,1.3705789504793617,0.0,1.0679058105309058,0.0,0.3152880586353896,0.6486283900862488,0.010586945345520226,-24.167092704354467,0.2932251082251082,1.5,0.7318857267203285,-0.04609250344063761,0.2831944163746411,0.07735333881186544,1.5312785388127854,1.9812072892938497,1.7860834331087483,0.028818847462996896,-0.15846779013919546,Packaged Foods,Consumer Defensive,FARM
2019Q4,2019,Q4,2019-09-11,2019-06-30,-8760000.0,142050000.0,-7024000.0,-0.52,37723000.0,0.2655614220344949,424610000.0,157494000.0,159908000.0,96106000.0,267116000.0,87910000.0,146177000.0,282503784.82,367554784.82,9.243240835388395,1.6638711422803987,0.2167494877652434,0.5843651186711875,-0.03161770923545111,9.243240835388395,-0.05562116652062936,1.988763004716649,-8.062322626141551,1.793743157326628,0.0,1.1867478102604936,0.0,0.3345422858623207,0.6589494932678501,-0.020630696403758742,11.979128389941907,0.2655614220344949,0.8295081967213115,-3.6685632279586593,0.01167498297603823,0.2994317663998993,-0.05456140350877193,0.830721366596456,-0.15109800065552279,-1.101012808776106,0.02848333283774875,-0.1621562110685633,Packaged Foods,Consumer Defensive,FARM
2019Q3,2019,Q3,2019-05-08,2019-03-31,-51749000.0,146679000.0,-6102000.0,-3.05,39900000.0,0.27202257991941586,452855000.0,165784000.0,185891000.0,91789000.0,287071000.0,100370000.0,155072000.0,335643286.44,446506286.44,9.750161234298991,2.0251990979311247,0.2717359861324265,0.7422730782222651,-0.1272707415466365,9.750161234298991,-0.3121471312068716,2.2882845290736915,-1.6214964851494713,2.0245819044057325,0.0,1.0638537411577165,0.0,0.323898378068035,0.8529889202409875,-0.11427278047057005,57.150227556615015,0.27202257991941586,-4.083333333333333,-20.377291213847872,0.10464331598466046,0.257698909216035,-0.25061978814514313,-4.1236633663366336,-13.155378486055778,-43.22957541712424,0.061060148372883545,0.513392709829502,Packaged Foods,Consumer Defensive,FARM
2019Q2,2019,Q2,2019-02-11,2018-12-31,-10100000.0,159773000.0,502000.0,-0.6,53244000.0,0.3332477953095955,528057000.0,218325000.0,215982000.0,108052000.0,309732000.0,115540000.0,206955000.0,396263712.80999994,513033712.80999994,12.853869999553138,1.9988709140043683,0.2463805990641162,0.5959143478758732,0.0011342729687116209,12.853869999553138,-0.04626130768349937,2.480166941911336,-9.808507742821782,1.8150175784266576,0.0,0.9220096936126017,0.0,0.30256771522771214,0.8616869655351127,-0.019126723062093676,-17.919943599240263,0.3332477953095955,-2.3333333333333335,-3.0012273488862826,0.04871436445520142,1.2341258158628883,0.10384575515704364,-2.3824514400535834,1.2415784408084696,-2.7443798265793102,0.07832507272574511,1.040711139432914,Packaged Foods,Consumer Defensive,FARM
2019Q1,2019,Q1,2018-11-09,2018-09-30,-2986000.0,147440000.0,-2078000.0,-0.18,48235000.0,0.3271500271296799,503251000.0,222588000.0,194144000.0,212962000.0,280663000.0,115572000.0,217189000.0,426220762.32,522720762.32,13.181246942123389,0.9116368178360459,0.20259671615158242,0.4580525455100904,-0.00447162453197783,13.181246942123389,-0.013414919043254803,2.8908082088985347,-35.6849265170797,1.9148416011644833,0.0,0.8583826532378085,0.0,0.2929750760554872,0.3208506681943257,-0.005933420897325589,-64.06444646324967,0.3271500271296799,-1.5644757804651164,-2.5471886160238926,0.07319164806754061,1.4901927572352747,0.4310508514804486,-1.5555348837209302,-1.7410841654778888,-1.6786190536523657,0.06448230845578971,1.3608542560249255,Packaged Foods,Consumer Defensive,FARM
2018Q4,2018,Q4,2018-09-13,2018-06-30,5375000.0,149538000.0,2804000.0,0.3188799346744049,33706000.0,0.22540090144311145,475531000.0,229055000.0,173514000.0,178457000.0,246476000.0,104431000.0,220307000.0,514946950.7,602543950.7,13.589031337087594,0.9723014507696532,0.18921374211145014,0.39281831874440637,0.02155463377073301,13.589031337087594,0.023465979786514157,3.443585915954473,23.951020962790697,2.2481366951168935,0.0,1.1091725637023488,0.0,0.3144653029981221,0.34316950301753363,0.011303153737611218,-56.88135984756434,0.22540090144311145,2.328666394476687,2.8984932656473075,0.07758402995318107,1.597020837030597,-0.4268661792212209,2.375383828045036,1.979050279329609,3.3702358666979575,0.08774947382729853,1.4541780630708376,Packaged Foods,Consumer Defensive,FARM
2018Q3,2018,Q3,2018-05-09,2018-03-31,-3908000.0,157927000.0,-2864000.0,-0.24,58810000.0,0.3723872422068424,458214000.0,206307000.0,153039000.0,175034000.0,251907000.0,75080000.0,199252000.0,506156379.0,585383379.0,12.309380378272383,0.8743386999097318,0.18795584595843864,0.41745553955997616,-0.010587846272113947,12.309380378272383,-0.01894264372997523,3.205002178221583,-32.37950223899693,2.4534135002690167,0.0,1.3201518380394246,0.0,0.34465773634153474,0.3948832798199207,-0.008528766035084043,-380.5687060150376,0.3723872422068424,0.7876106194690266,-1.5706683793280005,0.16346451185194705,1.8775823634278055,-0.10239777774386057,0.7917732310315431,-2.1728091728091727,-0.47083260372602614,0.15371149957250746,0.958278045703258,Packaged Foods,Consumer Defensive,FARM
2018Q2,2018,Q2,2018-02-07,2017-12-31,-18768000.0,167366000.0,2442000.0,-1.13,65519000.0,0.39147138606407517,454256000.0,209940000.0,150355000.0,166062000.0,244316000.0,73284000.0,203289000.0,537660460.6999999,617280460.6999999,12.553593751737825,0.90541484505787,0.18693864252756154,0.40448699628465273,-0.07241733769002927,12.553593751737825,-0.089396970563018,3.2124831847567603,-7.16193068920503,2.5610196279889488,0.0,1.389757655149828,0.0,0.36843982247895457,0.4088533198443955,-0.04131590997146983,-31.421919274151126,0.39147138606407517,-17.833333333333332,-1.3922263558627137,0.14662504192614412,1.947604211692174,0.33693145877119596,-18.190184049079754,2.9411764705882355,-7.211984472089966,0.10785419489424812,0.8087509486190881,Packaged Foods,Consumer Defensive,FARM
2018Q1,2018,Q1,2017-11-07,2017-09-30,-978000.0,131713000.0,-1258000.0,-0.06,49007000.0,0.3720741308754641,402359000.0,216517000.0,127789000.0,106885000.0,185842000.0,64789000.0,222186000.0,548589152.7,572314152.7,12.965228012609955,1.1955746830705898,0.07664548326245964,0.14243223395853444,-0.002935326002021492,12.965228012609955,-0.004516966335206935,4.165034223652943,-140.2324009969325,2.5337001376335344,0.0,1.276543857753631,0.0,0.327351941922512,0.5139168264957665,-0.00243066515226452,-817.569527123696,0.3720741308754641,-1.857142857142857,-1.31564717009101,0.025353148678948067,1.7728305153051611,-0.08604837656888159,-1.879496402877698,-1.7430596574128765,-1.3726594965411558,-0.07177735924369527,0.7607873490437389,Packaged Foods,Consumer Defensive,FARM
2017Q4,2017,Q4,2017-09-28,2017-06-30,1112000.0,133800000.0,1693000.0,0.07,53621000.0,0.40075485799701044,392736000.0,215135000.0,117164000.0,97267000.0,177601000.0,56251000.0,221182000.0,505107391.25,527682391.25,12.884059633130542,1.204560642355578,0.07276898476330156,0.1328421688707091,0.006649655805353082,12.884059633130542,0.0051688474678690125,3.775092610239163,113.55831637814748,2.347862464266623,0.0,1.4253791043714779,0.0,0.34068687362503053,0.5487267007309776,0.0028314185610690133,57.5096654047592,0.40075485799701044,-0.3,1.0855760789527789,0.03302066404229859,1.9228308075005038,-0.00369751021924935,-0.30238393977415307,-0.17735665694849367,-0.6543316806078,-0.027617160375013126,0.8112647572031993,Packaged Foods,Consumer Defensive,FARM
2017Q3,2017,Q3,2017-05-10,2017-03-31,1594000.0,138187000.0,2058000.0,0.1,53820000.0,0.38947223689637955,422934000.0,208080000.0,148488000.0,116103000.0,214854000.0,60712000.0,220070000.0,587013403.9,626981403.9,12.530596322214578,1.2789333608950673,0.10712309722084297,0.21773356401384084,0.004282616176426682,12.530596322214578,0.007660515186466744,4.247964019046654,92.0660922051443,2.8210947899846213,0.0,1.3896264329951244,0.0,0.32673419493348843,0.7147705054994272,0.0037689095698146755,-41.087240421362075,0.38947223689637955,-0.9166666666666666,1.2720808675009023,0.0676913959340767,0.7223415603055339,-0.023159576012777697,-0.9206017134887428,-0.9426900584795321,-0.3888446218627771,0.06559833608602968,0.6163545348190145,Packaged Foods,Consumer Defensive,FARM
2017Q2,2017,Q2,2017-02-09,2016-12-31,20076000.0,139025000.0,35910000.0,1.2,55096000.0,0.39630282323323146,402686000.0,205584000.0,146200000.0,98536000.0,197102000.0,56559000.0,218476000.0,608636690.2,620388690.2,12.396447538384042,1.4837216854753592,0.04903572510591379,0.09604833060938595,0.09482853581462158,12.396447538384042,0.09765351389213169,4.377893833483187,7.579157827754534,2.9605255768931436,0.0,1.4839194469492034,0.0,0.34524418529573914,0.864496224730048,0.04985522218304088,-36.6538205480277,0.39630282323323146,10.999999999999998,5.490904548348486,-0.029993114323591905,0.6031900799338594,0.07613578655416227,11.407911001236094,13.335329341317365,3.074081786887593,-0.0654033259598071,1.1546214075182462,Packaged Foods,Consumer Defensive,FARM
2017Q1,2017,Q1,2016-11-09,2016-09-30,1618000.0,130488000.0,2505000.0,0.1,51198000.0,0.39235791796946845,389965000.0,185966000.0,155770000.0,103604000.0,203999000.0,51102000.0,198400000.0,588814081.1999999,617237081.1999999,11.227807742855997,1.5035133778618586,0.1134101778364725,0.23781766559478615,0.0054583335001569325,11.227807742855997,0.008700515147930268,4.512400229906198,90.97868992583435,3.1662458793542902,0.0,1.5516026769989433,0.0,0.33461464490402987,0.8656712096058067,0.0041490903029759085,-28.406700173678114,0.39235791796946845,-0.9801980198019803,1.1955576468525613,-0.013099623430684217,0.40505129070629114,-0.02346074616617075,-0.9807927444532817,-0.18536585365853658,-0.14525091655380468,-0.03163472992892355,1.121150270809365,Packaged Foods,Consumer Defensive,FARM
2016Q4,2016,Q4,2016-09-14,2016-06-30,84239000.0,134162000.0,3075000.0,5.05,52428000.0,0.39078129425619773,368990000.0,182594000.0,153365000.0,56837000.0,186397000.0,46378000.0,196782000.0,530626342.40000004,540109342.4000001,11.032176829975638,2.6983303130003344,0.0038808639800536598,0.007842535899317611,0.3077599842828326,11.032176829975638,0.46134593688730186,3.955116518835438,1.5747644867579151,2.906044790080726,0.0,1.7623442149294923,0.0,0.36359250928209436,1.6062951950314055,0.22829615978752812,-206.0684824854369,0.39078129425619773,71.14285714285712,4.44119810428671,0.026593483722833922,0.3004342373131739,-0.002511415525114155,69.67030201342281,9.049019607843137,31.30189458281472,-0.015410748667855165,1.1083764099548643,Packaged Foods,Consumer Defensive,FARM
2016Q3,2016,Q3,2016-05-06,2016-03-31,1192000.0,134468000.0,306000.0,0.07,52560000.0,0.3908736651099146,270301000.0,106557000.0,154323000.0,60558000.0,163744000.0,54550000.0,112543000.0,460955279.73,470204279.73,6.44258504152398,2.548350341821064,0.00805768384134724,0.020439764633013318,0.002254427236619831,6.44258504152398,0.011186501121465508,3.4279923827973944,96.67686235947986,4.325903316816352,0.0,1.5015215398716775,0.0,0.49747503708828306,1.4088477162389774,0.004409898594529802,-64.81373449521935,0.3908736651099146,-0.7941176470588235,1.082478221018099,0.05180287966791983,-0.27424822556695055,-0.006577455205261964,-0.7856500629383204,-0.9429210968102966,1.794554519828164,0.0038565278721842617,0.5060927943291937,Packaged Foods,Consumer Defensive,FARM
2016Q2,2016,Q2,2016-02-09,2015-12-31,5561000.0,142307000.0,5361000.0,0.34,52908000.0,0.3717877546431307,254421000.0,102753000.0,141041000.0,58665000.0,151668000.0,53036000.0,111351000.0,526430578.24000007,525733578.24000007,6.298720946427065,2.4041762550072447,0.01063984498134981,0.026344729594269752,0.0427846228725111,6.298720946427065,0.05412007435306025,3.699259897545448,23.666183161301927,5.123262369371211,0.0,1.6856286296100762,0.0,0.5593366899744912,1.4243245546748486,0.021857472457069187,-25.32377228401001,0.3717877546431307,5.857142857142857,1.576739986254448,0.10319933777260648,-0.3506923762914951,0.04604677830720259,6.177839851024209,10.522202486678507,1.7266447687727964,-0.0005399734299705943,0.4789499132383487,Packaged Foods,Consumer Defensive,FARM
2016Q1,2016,Q1,2015-11-09,2015-09-30,-1074000.0,133445000.0,-563000.0,-0.07,50579000.0,0.37902506650680057,256350000.0,90836000.0,151075000.0,76962000.0,165514000.0,56744000.0,105790000.0,443340278.0,428460278.0,5.5832531417323645,1.9629817312439906,0.011929003315779209,0.03366506671363777,-0.00512042476707039,5.5832531417323645,-0.011823506098903518,3.322269684139533,-103.19838873370577,4.880667114359945,0.0,1.4603482306499365,0.0,0.5205578310903062,1.1612484083053976,-0.004189584552369807,58.12774065818802,0.37902506650680057,0.4615384615384615,0.8998715353135669,0.12954466457243138,-0.4604665364454547,0.02794488252987562,0.5089163237311386,0.602681721947777,-1.3558020828391628,0.06632181254035459,0.1940719184430631,Packaged Foods,Consumer Defensive,FARM
2015Q4,2015,Q4,2015-09-14,2015-06-30,-2187000.0,132582000.0,-1417000.0,-0.13,49204000.0,0.3711212683471361,240943000.0,90011000.0,135685000.0,64874000.0,150932000.0,50522000.0,106864000.0,382015530.0,372781530.0,5.537100808440956,2.0915158615161697,0.013808245103613719,0.036962149070669144,-0.015490390239614417,5.537100808440956,-0.02429703036295564,2.881352898583518,-43.66889917695474,4.244098276877271,0.0,1.650330549067733,0.0,0.5502629252561809,1.2257761198631192,-0.00907683560012119,22.786491500149122,0.3711212683471361,0.1875,0.9045840613187818,0.13530948894140238,-0.5021302909532769,0.05658270523309498,0.14968895800933127,-0.008540925266903915,0.8271212683595631,0.05143553343616683,0.25612650732623277,Packaged Foods,Consumer Defensive,FARM
2015Q3,2015,Q3,2015-05-11,2015-03-31,-2572000.0,132507000.0,-1405000.0,-0.16,46569000.0,0.35144558400688264,250058000.0,101981000.0,146525000.0,77227000.0,148077000.0,57351000.0,109051000.0,401543529.75,408985529.75,6.285818505334788,1.8973286544861254,0.054343392332978746,0.13325031133250312,-0.01058807989988254,6.285818505334788,-0.025220384189211714,3.0303571113224206,-39.03028088549767,3.9374347157803906,0.0,1.4984568708479364,0.0,0.52990506202561,1.0145674440286427,-0.010285613737612874,-193.7016544862518,0.35144558400688264,-1.8888888888888888,0.6409968400147952,0.09554717142826823,-0.5128801293318609,-0.12368747883030372,-1.888121546961326,-1.4008559201141226,0.5506530256860191,0.04789687888720111,-0.1360086803624409,Packaged Foods,Consumer Defensive,FARM
2015Q2,2015,Q2,2015-02-09,2014-12-31,2896000.0,144809000.0,3505000.0,0.18,53142000.0,0.36697995290347973,255388000.0,111257000.0,151160000.0,72021000.0,144131000.0,70677000.0,111623000.0,472088418.15,476497418.15,6.940476665027881,2.098832285027978,0.019574138174072393,0.04493200427838248,0.02598956889998972,6.940476665027881,0.026029822842607655,3.260076501805827,40.753489135877075,4.243224409700064,0.0,1.2969848748532053,0.0,0.5670156781054709,1.039196900903903,0.011339608752173163,265.965306,0.36697995290347973,0.12499999999999993,0.8769374678738189,0.1061699729151561,-0.4876911937374898,0.10434114004280876,0.15149105367793242,0.3475586312956555,1.6702073913989246,0.04527722054172287,-0.10241193657037007,Packaged Foods,Consumer Defensive,FARM
2015Q1,2015,Q1,2014-11-10,2014-09-30,2515000.0,135984000.0,2601000.0,0.16,48121000.0,0.3538725144134604,258825000.0,117841000.0,152238000.0,68077000.0,140984000.0,71931000.0,108727000.0,463310067.9,469337067.9,7.363312792797611,2.2362618799300793,0.02228532792427316,0.0489473103588734,0.01821169646704283,7.363312792797611,0.0213423171901121,3.4070925101482525,46.05467871769383,3.9316542451269085,0.0,1.2214900390652152,0.0,0.525389742103738,1.0754733610470497,0.009716990244373612,-52.93157407745915,0.3538725144134604,-0.15789473684210525,0.05399688539529212,0.11764576491727681,-0.45264338108115065,0.11355116397463785,-0.1915782706525233,0.1177481736140954,1.3145934582793841,0.06440269276115874,-0.07855278783364898,Packaged Foods,Consumer Defensive,FARM
2014Q4,2014,Q4,2014-09-16,2014-06-30,3111000.0,133068000.0,2327000.0,0.19,43214000.0,0.3247512549974449,266177000.0,114864000.0,157460000.0,76870000.0,151313000.0,71044000.0,106212000.0,348953785.12,346741785.12,7.113294498715367,2.0483933914400936,0.014490357919730105,0.03357884106421507,0.019357926255439573,7.113294498715367,0.027084203928123694,2.622371908497911,28.041930658952108,3.037973474021451,0.0,1.2647654974382072,0.0,0.4999229835785962,1.0027709119292312,0.011687711560352698,26.60925614762849,0.3247512549974449,0.1875,1.1091866046536427,0.05919505033820111,-0.4738811333206613,-0.09575224942456581,0.24142059058260176,2.12144578313253,1.1302592655205383,0.043649695184548316,-0.16150984082428446,Packaged Foods,Consumer Defensive,FARM
2014Q3,2014,Q3,2014-05-08,2014-03-31,2506000.0,124600000.0,-2075000.0,0.16,47790000.0,0.3835473515248796,270580000.0,123691000.0,160817000.0,72458000.0,146889000.0,67018000.0,103101000.0,314317971.9,329049971.9,7.752381084894624,2.219451268320958,0.0483812550816764,0.10583631792127156,-0.01306469522406027,7.752381084894624,0.020260164442037012,2.522616146869984,31.35654149042298,2.541154747718104,0.0,1.1461100002984272,0.0,0.46049227585187374,0.9946727759529659,0.009261586222189372,50.574090410297664,0.3835473515248796,-0.44827586206896547,2.588446675476365,0.32578263237515626,-0.5626096015945525,-0.13795591471553809,-0.4678275642386919,-1.3625720775816879,1.1797475310824115,0.010304505907105665,-0.12670080531640263,Packaged Foods,Consumer Defensive,FARM
2014Q2,2014,Q2,2014-02-10,2013-12-31,4709000.0,142151000.0,5723000.0,0.29,55438000.0,0.3899937390521347,252238000.0,91180000.0,144577000.0,75215000.0,161058000.0,62568000.0,100593000.0,368623503.08000004,382695503.08000004,5.753422617601586,1.9221830751844713,0.08696548497847272,0.24057907435841194,0.04245940623843742,5.753422617601586,0.05164509760912481,2.593182623266808,19.570158371204077,4.042810957227462,0.0,1.3859001406469762,0.0,0.5635590196560392,0.9963837000598285,0.018668876220077863,63.742608175687366,0.3899937390521347,1.6363636363636362,41.59263067382573,0.6972373409001015,-0.6788072689847735,0.12059346701164295,1.6074197120708749,0.9795918367346939,1.5027182932332872,0.13434844267879478,-0.40690479864094586,Packaged Foods,Consumer Defensive,FARM
2014Q1,2014,Q1,2013-10-09,2013-09-30,1806000.0,128561000.0,2891000.0,0.11,49472000.0,0.3848134348674948,248266000.0,83645000.0,146111000.0,79395000.0,164621000.0,68682000.0,95885000.0,237980529.6,256618529.6,5.293263705721243,1.8403048050884816,0.09493043751460127,0.28176220933707935,0.02074842651766939,5.293263705721243,0.021591248729750732,1.851109820240975,32.94304119601329,2.8451255855101922,0.0,1.1515244168777845,0.0,0.5178357084739755,0.8617797090496883,0.007274455624209517,94.5868559618442,0.3848134348674948,1.5789473684210527,1.2710061642280754,0.7646268901803369,-0.7061240358169029,0.041735102126763526,1.687476208602969,2.2270797962648556,1.1733505601995045,0.12037799978509656,-0.4884894472527486,Packaged Foods,Consumer Defensive,FARM
2013Q4,2013,Q4,2013-10-09,2013-06-30,-2627000.0,128763000.0,-2356000.0,-0.19,47490000.0,0.36881712914424175,244136000.0,81838000.0,139749000.0,76550000.0,162298000.0,60867000.0,94080000.0,234446403.13,254831403.13,5.232546132600588,1.8255911169170478,0.09446783759871547,0.2818128497763875,-0.013916311992182328,5.232546132600588,-0.03210000244385249,1.8207590932954343,-22.311229837266843,2.8647621292064813,0.0,1.3352555571984819,0.0,0.5274232395058492,0.8824951012410189,-0.010760395844938887,-140.47118222288796,0.36881712914424175,-1.1111111111111112,0.4038865861351244,0.7611793765999276,-0.7189211442324124,-0.024345146379044683,-0.8565371024734982,-2.8061389337641356,0.8808748578627347,0.1460194888753177,-0.5295143955768219,Packaged Foods,Consumer Defensive,FARM
2013Q3,2013,Q3,2013-05-06,2013-03-31,-1415000.0,126343000.0,-619000.0,-0.09,48675000.0,0.3852607584116255,247353000.0,66732000.0,143050000.0,78963000.0,180621000.0,67273000.0,94620000.0,234936602.4,252758602.4,4.277681339278617,1.8116079682889454,0.09438737351073162,0.34986213510759456,-0.0057772211803903345,4.277681339278617,-0.021204219864532758,1.8595141986497077,-41.50823363957597,3.520598849127855,0.0,1.1545196438392817,0.0,0.5107801401236289,0.8766890822283855,-0.0057205693886874225,58.83711555221638,0.3852607584116255,0.8085106382978724,0.5209284043277739,0.7230754558308458,-0.7798398982622325,-0.03332472742438385,0.8060049355634769,-2.4633569739952716,0.7945928938975226,0.08636349207509439,-0.668500835813119,Packaged Foods,Consumer Defensive,FARM
2013Q2,2013,Q2,2013-02-06,2012-12-31,-7294000.0,135705000.0,423000.0,-0.47,50353000.0,0.3710474927231863,250137000.0,66218000.0,141143000.0,81737000.0,183919000.0,68385000.0,96035000.0,224358996.42,247741996.42,4.258914308081749,1.7267944749623794,0.11434134094516205,0.43192183394243255,0.0038719656968176698,4.258914308081749,-0.11015131837264792,1.653284672045982,-7.689847697422539,3.3881874478238547,0.0,1.2481099656357388,0.0,0.5425226975617362,0.8566255184310655,-0.02916002030887074,61.82391744833287,0.3710474927231863,-3.4736842105263155,-28.460584566324247,0.7436067925669743,-0.7703132245451408,0.12845969386611686,-3.5379262352122476,1.2741412832145171,-5.873914367234379,0.06876703364293629,-0.685629761405023,Packaged Foods,Consumer Defensive,FARM
2013Q1,2013,Q1,2012-11-05,2012-09-30,2874000.0,119153000.0,-1543000.0,0.19,44621000.0,0.3744849059612431,254257000.0,72430000.0,139678000.0,89212000.0,181827000.0,69924000.0,103329000.0,146848660.20000002,184350660.20000002,4.675809769492197,1.5656862305519437,0.11279532126942425,0.39595471489714207,-0.011582675344018294,4.675809769492197,0.03967969073588292,1.232437791746746,12.773891805845512,2.027456305398316,0.0,1.0659001201304272,0.0,0.4686321320553613,0.7472425234273417,0.01130352360013687,1835.6082525000002,0.3744849059612431,1.2441515815065107,3.7640217657161554,0.7919618012969537,-0.7492647763334758,-0.018261424391102506,1.2368551178506675,0.8527812231657285,0.24437025224748823,0.011772485097664978,-0.6524206565500823,Packaged Foods,Consumer Defensive,FARM
2012Q4,2012,Q4,2012-09-10,2012-06-30,-12134000.0,120948000.0,-10481000.0,-0.7782050758288183,45451000.0,0.37578959552865693,255359000.0,68732000.0,135851000.0,92689000.0,186627000.0,65981000.0,100455000.0,124114636.36,165201636.36,4.408075760002171,1.4656647498624433,0.1286933297827764,0.4781324564977012,-0.08795312353708501,4.408075760002171,-0.1765407670371879,1.026181800112445,-2.557166564199769,1.8057765867427107,0.0,1.1442233370212638,0.0,0.47363907283471507,0.716643830443742,-0.04751741665655019,795.6066433333333,0.37578959552865693,-1.2234430737966238,-9.229275960721749,0.8864057723082849,-0.7658932852043726,0.053398845806197415,-1.2057807671332486,-1.5519844168492818,0.5589614458546112,-0.0029791981756346272,-0.6739665673187241,Packaged Foods,Consumer Defensive,FARM
2012Q3,2012,Q3,2012-05-08,2012-03-31,-5501000.0,121527000.0,-4107000.0,-0.35,43147000.0,0.355040443687411,267177000.0,113439000.0,143242000.0,92397000.0,153738000.0,75762000.0,112589000.0,169800048.99,207543048.99,7.275325992825557,1.5502884292780068,0.11770099971180153,0.27721506712858895,-0.023617205943422967,7.275325992825557,-0.048493022681793736,1.3972207739020959,-7.7167809939101994,1.4968401430724882,0.0,1.034555581954014,0.0,0.4548557697706015,0.7001093109083628,-0.020589347136916725,-49.765547769636576,0.355040443687411,-0.2962962962962961,-4.298974029375177,1.0263135306194502,-0.6245874433720573,-0.031297007251745584,-0.33844282238442824,0.27296866702071165,-2.5680117367986317,0.3231836207078993,-0.5895251149699212,Packaged Foods,Consumer Defensive,FARM
2012Q2,2012,Q2,2012-02-08,2011-12-31,-4110000.0,131770000.0,-5649000.0,-0.27,44541000.0,0.33802079380739164,271826000.0,117897000.0,149318000.0,95389000.0,153929000.0,78185000.0,118089000.0,116488722.6,146266722.6,7.732362926606597,1.5653586891570306,0.10170108819612546,0.23448433802386828,-0.037353807837941545,7.732362926606597,-0.03486093793735209,0.8840306792137815,-7.0856887226277365,0.9880550192116847,0.0,1.115674362089915,0.0,0.484758632360407,0.7122100032498506,-0.015119966449125544,17.045467164179104,0.33802079380739164,0.45999999999999996,-2.284849889146299,1.192731335184955,-0.6004982813406704,0.12236361345596573,0.45806962025316456,-0.2200863930885529,-35.825030576725375,0.635279498821227,-0.5683302043553016,Packaged Foods,Consumer Defensive,FARM
2012Q1,2012,Q1,2011-11-08,2011-09-30,-7584000.0,121197000.0,-4630000.0,-0.5,39685000.0,0.3274420984017756,277949000.0,121321000.0,151117000.0,101283000.0,156628000.0,83408000.0,122200000.0,83653629.97,120751629.97,7.991030517620466,1.4920272898709557,0.12587201249150023,0.2883754667370035,-0.02948078863164871,7.991030517620466,-0.0625118487318766,0.6902285532645197,-2.75756955333597,0.6895230831430667,0.0,0.9772683675426818,0.0,0.43604042468222587,0.6463078700275465,-0.027285581167768188,-28.424610931022766,0.3274420984017756,0.6619415741404011,-7.9138491719233395,1.3189937575795045,-0.5848014320697604,0.5059578020643595,0.660458452722063,0.8525336815619327,-0.1845216702615612,0.731485199169084,-0.5563470991169357,Packaged Foods,Consumer Defensive,FARM
2011Q4,2011,Q4,2011-09-13,2011-06-30,-22336000.0,119243000.0,-31397000.0,-1.4790342785529567,26352000.0,0.22099410447573442,290053000.0,128115000.0,157410000.0,103462000.0,161938000.0,79759000.0,129784000.0,153131704.44,179982704.44,8.48345615136157,1.5214281571978117,0.11353787066501639,0.25705030636537485,-0.13472726781006422,8.48345615136157,-0.17434336338445927,1.2841986904053069,-1.7139562191081663,1.1952675677321158,0.0,1.1646459960631401,0.0,0.41110762515816074,0.7239759525236319,-0.07700661603224239,72.574267507109,0.22099410447573442,-0.7000394006355823,-24.977449936362767,1.174217777275909,-0.5616670495722631,-0.3704880437638852,-0.6926341315550166,-1.1708497545460832,-4.24915023166893,0.6891187323533633,-0.5442906593555249,Packaged Foods,Consumer Defensive,FARM
2011Q3,2011,Q3,2011-05-10,2011-03-31,-13196000.0,116732000.0,-14463000.0,-0.87,41861000.0,0.35860775108796217,311942000.0,134060000.0,166952000.0,92912000.0,177882000.0,88001000.0,152120000.0,183033161.51999998,218038161.51999998,8.877119241708872,1.7968830721542965,0.10011797064838976,0.232962852454125,-0.0833193079372688,8.877119241708872,-0.09843353722213934,1.5679776027139085,-3.4675879342224913,1.3653077839773236,-0.0735071233707184,0.850797150032386,0.005299586107482541,0.37421059043027227,0.8023183227139659,-0.042302735764981954,118.85270228571427,0.35860775108796217,-0.47457627118644075,-5.93507994342982,1.0075092119157445,-0.5418271523297832,-0.07008619157632842,-0.48070017953321365,-0.37181068007208573,-3.6151395721681276,0.6445291962865224,-0.5431199006229614,Packaged Foods,Consumer Defensive,FARM
2011Q2,2011,Q2,2011-02-09,2010-12-31,-8912000.0,119227000.0,-10543000.0,-0.59,45016000.0,0.37756548432821424,322089000.0,146267000.0,174009000.0,90990000.0,175822000.0,89241000.0,165313000.0,268388862.8,303865862.8,9.700673019133937,1.9123969666996372,0.0985193533464353,0.2169457225484901,-0.05701761018815956,9.700673019133937,-0.06092966971360594,2.2510745284205758,-7.528861725763016,1.8349242330805993,-0.20803411131059246,0.8315796550912697,0.00690788723741334,0.37016787285501834,0.8901197933838884,-0.02766937088817066,84.1344397492163,0.37756548432821424,0.10606060606060615,-2.9694886984618116,0.9966224758154397,-0.4964835247988332,0.02437137330754352,0.09733616935075458,0.12280555786671105,-36.11790437686684,0.5796467887165042,-0.47683467092100523,Packaged Foods,Consumer Defensive,FARM
2011Q1,2011,Q1,2010-11-09,2010-09-30,-9873000.0,108743000.0,-12019000.0,-0.66,43945000.0,0.4041179662139172,322739000.0,154968000.0,172370000.0,87293000.0,167771000.0,79567000.0,175195000.0,239603456.0,268244456.0,10.348298148086812,1.9746142302361014,0.1011343531460406,0.21062412885240825,-0.06609874064594064,10.348298148086812,-0.063709927210779,2.2033919976458254,-6.067139066139977,1.5461479531258067,-0.1856578547553935,0.8143828471602549,0.007650140071435363,0.33693789718627126,1.0412862428831635,-0.030591282739303276,31.194304908215077,0.4041179662139172,0.5319101371820519,-7.4390090249149035,1.0711159260808842,-0.45815658238326673,0.024191856806581678,0.5297227779365533,0.4611038873694122,-8.821829430166435,0.6916621501508734,-0.4450837440698077,Packaged Foods,Consumer Defensive,FARM
2010Q4,2010,Q4,2010-09-13,2010-06-30,-20994000.0,106964000.0,-22303000.0,-1.4099856724662518,42907000.0,0.4011349612953891,339121000.0,165595000.0,189956000.0,98546000.0,173526000.0,83712000.0,186900000.0,224682751.17,258420751.17,11.121586045158093,1.927587116676476,0.1117211850637383,0.2287931398894894,-0.10993027533267079,11.121586045158093,-0.12677919019294062,2.100545521577353,-2.6755591022434984,1.3568208651831275,-0.08731066018862532,0.7652068998470948,0.008158169643441437,0.3154154416860059,1.050544923183082,-0.061907106902845885,-154.20916346602607,0.4011349612953891,-2.204512891968754,-4.199261391974801,0.9579730327133521,-0.42529808924459295,-0.12898641927691276,-2.193003802281369,-1.4012704565030147,-15.910158722661638,0.7470426159596719,-0.40934817954499625,Packaged Foods,Consumer Defensive,FARM
2010Q3,2010,Q3,2010-05-10,2010-03-31,-6575000.0,111002000.0,-9288000.0,-0.44,49261000.0,0.4437847966703303,349103000.0,192135000.0,205704000.0,93627000.0,156968000.0,83919000.0,209726000.0,279029473.62,309293473.62,12.904048641483438,2.197058540805537,0.0982002446269439,0.17842662711114582,-0.039665815733031934,12.904048641483438,-0.03422073021573373,2.5137337491216374,-10.609485688973383,1.4522573899601843,-0.2570342205323194,0.7357213503497421,0.006056707838332337,0.31796346636952416,1.2407959242526194,-0.01883398309381472,-38.35983965081111,0.4437847966703303,-5.4,-8.06116596492488,1.0298675748982244,-0.34232720017856816,-0.03583731308228294,-5.6400846859562455,-0.8204625637005096,-5.1291669925725145,0.9381800069957609,-0.3341409173791255,Packaged Foods,Consumer Defensive,FARM
2010Q2,2010,Q2,2010-02-09,2009-12-31,1417000.0,120225000.0,-5102000.0,0.1,51092000.0,0.42496984820128925,343584000.0,199442000.0,198243000.0,82767000.0,144142000.0,79934000.0,217992000.0,290459930.2,311887930.2,13.547447516394122,2.3951937366341656,0.067281945608643,0.11590838439245495,0.02257054998747176,13.547447516394122,0.007104822454648469,2.4159694755666457,51.24557695836274,1.4563629035007672,1.1016231474947071,0.864876022718743,0.005374235265171182,0.3499144314054205,1.3504174369011803,0.004124173419018348,-24.194912969596,0.42496984820128925,-0.33333333333333326,1.3221545829721544,1.1708540174916413,-0.3100462769721159,-0.059148497348261636,-0.3556161891768986,-1.0416166466586634,-0.5412122634434889,1.072025250691441,-0.3000550261779147,Packaged Foods,Consumer Defensive,FARM
2010Q1,2010,Q1,2009-11-09,2009-09-30,2199000.0,112127000.0,-2499000.0,0.15,54304000.0,0.4843079722100832,327347000.0,198405000.0,181564000.0,69746000.0,128942000.0,79274000.0,218285000.0,305295274.8,313019274.8,13.452496120978287,2.603217388810828,0.02723409715072996,0.04493334341372445,-0.010164051850915342,13.452496120978287,0.011083390035533379,2.722763248816075,34.70842141882674,1.5387478884100703,0.8435652569349704,0.7294068673209375,0.006076084869689572,0.34253254192034754,1.4193215381527255,0.0067176421351043385,-34.7123677998863,0.4843079722100832,1.085010731973638,0.350638119446136,1.2072651421180136,-0.32775442516513553,0.10174684006573474,1.0857543969114378,0.7384889074926747,1.0636225316754,1.2085201568733526,-0.30103418924490594,Packaged Foods,Consumer Defensive,FARM
2009Q4,2009,Q4,2009-09-14,2009-06-30,-25643000.0,113067000.0,-9556000.0,-1.7644831013396667,49289000.0,0.43592737049713887,330017000.0,196489000.0,186546000.0,76457000.0,133528000.0,68961000.0,217792000.0,332512019.84,329564019.84,13.52031821936317,2.4398812404358003,0.05178521106488453,0.08697687911282566,-0.26900585805796196,13.52031821936317,-0.13050603341662892,2.940840562144569,-3.241742579261397,1.6922678615087867,-0.053581874195686933,0.9248415771233016,0.00413218144914325,0.3426096231406261,1.476267706030841,-0.0777020577727814,-16.511670465786075,0.43592737049713887,-16.644831013396665,-12.825288067558914,1.2114520469951218,-0.32536771361509537,0.15544563739509587,-16.84481558803062,-4.950186799501868,-29.991013591283796,1.1423077079092259,-0.30141667852386156,Packaged Foods,Consumer Defensive,FARM
2009Q3,2009,Q3,2009-05-11,2009-03-31,-1437000.0,85604000.0,-1606000.0,-0.1,42658000.0,0.4983178356151582,348665000.0,257583000.0,195335000.0,70640000.0,91082000.0,72945000.0,244808000.0,258685050.4,259919050.4,17.724168416034605,2.765218006795017,0.07519825620581361,0.1017885497101905,-0.002782005870181358,17.724168416034605,-0.005578784314182224,3.0218804074575956,-45.00435810716771,1.0042784283124275,-1.1871955462769659,0.5887449448214408,0.0065948921182806776,0.245519338046549,1.5078425821064552,-0.004121434614888216,7.586739314309177,0.4983178356151582,-12.661293396226416,-1.2374885909965139,0.6154497600514092,-0.10656164175068736,0.14309448523500723,-12.556603773584905,-8.539906103286384,-1.558450245274875,0.529810055525438,-0.08520630458515442,Packaged Foods,Consumer Defensive,FARM
2009Q2,2009,Q2,2009-02-10,2008-12-31,-106000.0,76530000.0,213000.0,-0.007319951127586679,37318000.0,0.4876257676728081,305131000.0,259393000.0,192607000.0,25919000.0,45738000.0,55872000.0,247951000.0,361155416.74,322629416.74,17.91268002677445,7.431112311431768,0.0,0.0,-0.00011392888790731587,17.91268002677445,-0.00040864633972389385,4.7191351984842544,-851.7816432547171,1.3923098030401746,-17.0,0.7018184421534936,0.004989541666759164,0.2508103077039042,4.354951965739419,-0.00034739177599129553,-66.30354630805948,0.4876257676728081,0.9825715449343175,-1.0499773159119072,0.7967438400194506,0.20127547502734885,0.20571225485444736,0.9825801150369762,1.0500587544065805,-1.0243910774098064,0.33444247394273685,-0.07023672577172935,Packaged Foods,Consumer Defensive,FARM
2009Q1,2009,Q1,2008-11-10,2008-09-30,-6085000.0,66524000.0,-4255000.0,-0.42,30951000.0,0.4652606578077085,306998000.0,259895000.0,196810000.0,29449000.0,47103000.0,57371000.0,249859000.0,358851070.38,310796070.38,18.011897367772875,6.683079221705321,0.0,0.0,-0.00791857547027236,18.011897367772875,-0.023413301525616114,5.394309878840719,-14.743265011503699,1.3807540367456088,-0.2874281018898932,0.6200519426190932,0.00487388820701558,0.21669196541997016,4.1485279635980845,-0.01982097603241715,9.009341226180613,0.4652606578077085,-0.4905963501115795,-3.9943958661541727,0.8000734965437751,-0.1348015714966954,1.9499618757148303,-0.5088023803620134,0.46166497975708504,-4.398057812317905,0.31497073488913063,-0.05688569387419018,Packaged Foods,Consumer Defensive,FARM
2008Q4,2008,Q4,2008-09-15,2008-06-30,-4033000.0,66909000.0,-7904000.0,-0.28176642185428713,10492000.0,0.156809995665755,312984000.0,266455000.0,217750000.0,28909000.0,46529000.0,54253000.0,257693000.0,302725745.09999996,292752745.09999996,18.615936507608254,7.532256390743367,0.0,0.0,-0.01757242637430417,18.615936507608254,-0.01513576401268507,4.524439837689997,-18.765543336226134,1.1361233420277344,-0.45896355070667,1.0398871951781468,0.006114445269227285,0.21377770109654168,5.0501227991282995,-0.012885642716560591,-17.440128188731418,0.156809995665755,-0.4829811676541428,-1.8774634166475734,0.7617976505600744,-0.09180130627090145,-0.706747163061099,-0.4881918819188192,-6.872509960159363,-0.039001535483293485,0.2740753633589328,-0.038031604666533714,Packaged Foods,Consumer Defensive,FARM
2008Q3,2008,Q3,2008-05-09,2008-03-31,-2710000.0,67276000.0,-1004000.0,-0.19,35778000.0,0.5318092633331352,327740000.0,278105000.0,227823000.0,30675000.0,49635000.0,59141000.0,263578000.0,331209160.36,303282160.36,19.429866290549597,7.426992665036675,0.0,0.0,-0.003242790533023891,19.429866290549597,-0.009744520954315815,4.92313990665319,-30.554350586715866,1.190950038151058,-0.5915129151291513,0.5325916031179723,0.004839841984616781,0.20527247208152805,5.263537082314588,-0.00826874961860011,16.868304576521517,0.5318092633331352,-8.5,-1.5379012186870218,0.7181379608079687,-0.04478796739538344,-0.08954882052065043,-10.938325991189428,-2.2724968314321927,-4.027550954110163,0.27978958765513284,-0.00972982057879105,Packaged Foods,Consumer Defensive,FARM
2008Q2,2008,Q2,2008-02-11,2007-12-31,-227000.0,71359000.0,789000.0,-0.02,39297000.0,0.5506943763225381,337466000.0,264327000.0,231031000.0,27019000.0,73139000.0,53551000.0,267890000.0,327731048.26,317861048.26,18.542270444816108,8.55068655390651,0.0,0.0,0.0002866248637306441,18.542270444816108,-0.0008587847628127282,4.592707973205902,-360.93727781938327,1.2398697380895634,-7.061674008810573,0.5987189781703423,0.004891205787522111,0.21145537624531063,6.282912024871387,-0.0006726603568952132,-16.161104998274077,0.5506943763225381,0.7142857142857143,-1.0491912396379406,0.6855720572862338,-0.08141502590761245,0.16101870180518213,0.7618048268625394,1.3121044303797469,0.94670323506706,0.3306539172921195,-0.055666500179516805,Packaged Foods,Consumer Defensive,FARM
2008Q1,2008,Q1,2007-11-09,2007-09-30,-953000.0,60943000.0,-2528000.0,-0.07,33847000.0,0.5553878214068884,336932000.0,264759000.0,232103000.0,27076000.0,72173000.0,50214000.0,269720000.0,361182212.16,329499212.16,18.648396109319627,8.572278032205643,0.0,0.0,-0.0029016376926848603,18.648396109319627,-0.003599499922571093,5.926557802536797,-94.74874400839455,1.364192386887698,-1.6925498426023085,0.5396104672003824,0.004465889918425599,0.18087625989813969,6.4837863790811054,-0.0028284639036957014,17.494052705608837,0.5553878214068884,-1.740228167539267,-1.2215788412199131,0.5769992278367826,-0.08445149783366744,-0.020063694267515923,-1.712789827973074,-9.89655172413793,-1.6080610211673914,0.24625990157482808,-0.0681059002345088,Packaged Foods,Consumer Defensive,FARM
2007Q4,2007,Q4,2007-09-13,2007-06-30,1337000.0,58137000.0,-232000.0,0.09456543680673526,34540000.0,0.5941139033661867,337609000.0,266216000.0,239362000.0,27096000.0,71393000.0,44996000.0,272406000.0,319809657.96000004,307223657.96000004,18.829343548946774,8.833850014762326,0.0,0.0,-0.0008573650617446354,18.829343548946774,0.005022237581512757,5.500965959027814,59.799861249065074,1.2013164421372118,1.1458489154824234,0.5244243932794026,0.004790349390235156,0.17220216285703285,6.948885444346029,0.003960202482753718,11.073741619113575,0.5941139033661867,-0.14031421084786125,-0.7381063630797746,0.5063004615204417,-0.06806073194284094,0.09082870136432541,-0.11574074074074074,0.8967512238540276,-0.3662373243330287,0.16881729554572303,-0.06045975520307365,Packaged Foods,Consumer Defensive,FARM
2007Q3,2007,Q3,2007-05-08,2007-03-31,1512000.0,54382000.0,-2247000.0,0.11,31664000.0,0.5822514802692067,331461000.0,273995000.0,257657000.0,23141000.0,57466000.0,44577000.0,272602000.0,320940726.59999996,312593726.59999996,19.379548883965168,11.134220647335898,0.0,0.0,-0.023133824481490428,19.379548883965168,0.00551834887497947,5.9015984443382,53.06559632936508,1.1713378952170659,1.0145502645502646,0.5096350135720215,0.00477969878192455,0.16406756752679802,8.86863143338663,0.004561622634337071,76.12446076850094,0.5822514802692067,-0.47619047619047616,-0.6917601025977095,0.384454658339402,-0.025141901518412335,-0.025153166466549675,-0.48797832712495764,-2.971052631578947,-0.7431437554566559,0.05488939903741312,-0.02311736539141597,Packaged Foods,Consumer Defensive,FARM
2007Q2,2007,Q2,2007-02-09,2006-12-31,2953000.0,55476000.0,1140000.0,0.21,32481000.0,0.5854964308890331,324444000.0,272432000.0,252652000.0,18807000.0,52012000.0,46434000.0,272623000.0,,,,,,,,,,,,,,,,,,,,,,,,,,,,,,,Packaged Foods,Consumer Defensive,FARM
2007Q1,2007,Q1,2006-11-09,2006-09-30,1013000.0,48264000.0,-2737000.0,0.07,28083000.0,0.5818622575832919,321352000.0,269843000.0,249524000.0,19461000.0,51509000.0,48528000.0,271203000.0,,,,,,,,,,,,,,,,,,,,,,,,,,,,,,,Packaged Foods,Consumer Defensive,FARM
