Quarters,Year,Quarter,FillingDate,Date,NetIncome,Revenue,OperatingIncome,EPSDiluted,GrossProfit,GrossProfitRatio,TotalAssets,CommonStockEquity,CurrentAssets,CurrentLiability,TotalLiability,Inventory,RetainedEarnings,MarketCap,EnterpriseValue,bookValuePerShare,currentRatio,debtToAssets,debtToEquity,roic,shareholdersEquityPerShare,roe,priceToSalesRatio,peRatio,pbRatio,payoutRatio,inventoryTurnover,dividendYield,assetTurnover,quickRatio,returnOnAssets,priceToFreeCashFlowsRatio,grossProfitMargin,epsdilutedGrowth,fiveYNetIncomeGrowthPerShare,fiveYRevenueGrowthPerShare,fiveYShareholdersEquityGrowthPerShare,grossProfitGrowth,netIncomeGrowth,operatingIncomeGrowth,threeYNetIncomeGrowthPerShare,threeYRevenueGrowthPerShare,threeYShareholdersEquityGrowthPerShare,Industry,Sector,Symbol
2023Q1,2023,Q1,2023-05-09,2023-03-31,25200000.0,154300000.0,32200000.0,0.33,7100000.0,0.0460142579,3132800000.0,2725400000.0,313200000.0,123800000.0,414200000.0,0.0,1210600000.0,1535698000.0,1623298000.0,35.813403416557165,2.529886914378029,0.08695097037793667,0.0999486313935569,0.009212665848762142,35.813403416557165,0.009246349159756365,9.952676604018146,15.235099206349206,0.5634761869817274,0.0,0.0,0.0,0.04925306435137896,2.3408723747980615,0.008043922369765066,-69.17558558558558,0.04601425793907971,-0.5657894736842105,14.752183659271857,-0.5129356038843251,1.3873347948342327,-0.1839080459770115,-0.5736040609137056,-0.6180308422301305,-0.9595593180519282,-0.07293187394134563,0.29917001157976225,Restaurants,Consumer Cyclical,CNNE
2022Q4,2022,Q4,2023-03-01,2022-12-31,59100000.0,155700000.0,84300000.0,0.76,8700000.0,0.0558766859,3125500000.0,2718800000.0,310600000.0,122700000.0,410600000.0,0.0,1214700000.0,1600375000.0,1623875000.0,35.08129032258064,2.5313773431132844,0.086770116781315,0.0997498896572017,0.019537590016842202,35.08129032258064,0.02173753126379285,10.278580603725112,6.769775803722504,0.5886328527291452,0.0,0.0,0.0,0.04981602943529035,2.3186634066829668,0.018908974564069748,-71.4453125,0.055876685934489405,-0.5449101796407185,12.45493479752917,-0.5531264101469602,1.3378696401493235,-0.20909090909090908,-0.5559729526671675,-0.4515289525048796,1.2939670836076367,-0.38305967741935487,0.736977559136173,Restaurants,Consumer Cyclical,CNNE
2022Q3,2022,Q3,2022-11-09,2022-09-30,133100000.0,164500000.0,153700000.0,1.67,11000000.0,0.0668693009,3181100000.0,2727500000.0,398500000.0,166300000.0,455600000.0,0.0,1187200000.0,1644536000.0,1557036000.0,34.265075376884425,2.396271797955502,0.0891515513501619,0.10397800183318057,0.042778490840799585,34.265075376884425,0.04879926672777268,9.997179331306992,3.0889105935386927,0.6029462878093491,0.0,0.0,0.0,0.05171167206312282,2.2315093205051113,0.041840872654113355,-29.158439716312056,0.0668693009118541,1.8882978723404256,8.846533023811109,-0.47943751268339563,1.49251576938821,0.03773584905660377,1.8499361430395913,6.692592592592592,1.5914094280928455,-0.4527835181826291,1.0240734237974793,Restaurants,Consumer Cyclical,CNNE
2022Q2,2022,Q2,2022-08-08,2022-06-30,-156600000.0,174500000.0,-27000000.0,-1.88,10600000.0,0.0607449857,3188100000.0,2703400000.0,128600000.0,186600000.0,482000000.0,0.0,1131900000.0,1614890000.0,1800990000.0,32.376047904191616,0.6891747052518756,0.08992817038361406,0.10605163867722128,-0.0059783727466627004,32.376047904191616,-0.05792705481985648,9.254383954154727,-2.5780491698595145,0.5973551823629504,0.0,0.0,0.0,0.05473479501897682,0.5391211146838156,-0.049120165615884066,-16.461671763506626,0.06074498567335244,0.4250764525993884,-2.051351587375881,-0.49888057576218126,0.0,10.777777777777779,0.44329896907216493,0.6428571428571429,-7.8862643942883475,-0.47516261759189443,0.9553985912611721,Restaurants,Consumer Cyclical,CNNE
2022Q1,2022,Q1,2022-05-09,2022-03-31,-281300000.0,167400000.0,-75600000.0,-3.27,900000.0,0.0053763441,3492700000.0,3038700000.0,76300000.0,229700000.0,450000000.0,0.0,1395200000.0,2054728000.0000002,2203628000.0,35.374854481955765,0.33217239878101873,0.05714776533913591,0.06568598413795373,-0.018104565334741224,35.374854481955765,-0.0925724816533386,12.27436081242533,-1.82610024884465,0.6761865271333136,0.0,0.0,0.0,0.04792853666218112,0.22072268175881585,-0.08053941077103674,-48.346541176470595,0.005376344086021506,-1.9727272727272724,-465.0837165518044,-0.49841349332530455,0.0,-0.8363636363636363,-1.8733401430030643,0.43157894736842106,-46.9747540459723,-0.4916849558197675,1.1940744810360644,Restaurants,Consumer Cyclical,CNNE
2021Q4,2021,Q4,2022-02-25,2021-12-31,-97900000.0,181900000.0,-133000000.0,-1.1,5500000.0,0.0302363936,3889600000.0,3335300000.0,121600000.0,179500000.0,548500000.0,0.0,1642800000.0,3121320000.0,3271320000.0,37.55968468468468,0.6774373259052925,0.06062320032908268,0.07069828801007405,-0.027591066018459807,37.55968468468468,-0.029352681917668575,17.159538207806488,-7.970684371807967,0.935843852127245,0.0,0.0,0.0,0.046765734265734264,0.47799442896935934,-0.025169683257918553,-77.06962962962963,0.030236393622869707,0.19117647058823528,-15.982501468125735,-0.5209654129983944,1.9786340329292638,-0.40860215053763443,0.19090909090909092,-4.362903225806452,-2.6795188805827106,-0.5330559786147179,1.3913155107802093,Restaurants,Consumer Cyclical,CNNE
2021Q3,2021,Q3,2021-11-09,2021-09-30,-121000000.0,186000000.0,-24800000.0,-1.36,9300000.0,0.05,4313500000.0,3499400000.0,326000000.0,176600000.0,805700000.0,0.0,1752100000.0,2762568000.0,2949268000.0,39.40765765765766,1.8459796149490373,0.0975773733626985,0.12027776190204036,-0.004954004136881786,39.40765765765766,-0.03457735611819169,14.852516129032258,-5.707785123966942,0.7894404755100874,0.0,0.0,0.0,0.043120435840964415,1.3261608154020386,-0.028051466326648893,-35.784559585492225,0.05,-1.7010309278350515,-2.6572802787162164,-0.47350449339903933,0.0,-0.4745762711864407,-1.6859410430839001,0.3149171270718232,-89.69369369369369,-0.4890188314379115,1.5860033803393716,Restaurants,Consumer Cyclical,CNNE
2021Q2,2021,Q2,2021-08-06,2021-06-30,176400000.0,202400000.0,-36200000.0,1.94,17700000.0,0.08745059288537549,4439600000.0,3627300000.0,416500000.0,318900000.0,806100000.0,0.0,1873100000.0,3075636999.9999995,3050636999.9999995,39.9922822491731,1.306052053935403,0.05545544643661591,0.06787417638463872,-0.007037871133476182,39.9922822491731,0.04863121329914813,15.195834980237152,4.358895975056689,0.8479135996471203,0.0,0.0,0.0,0.04558969276511397,0.8504233301975541,0.03973330930714479,-40.36269028871391,0.08745059288537549,1.7607843137254904,0.09026980946366517,-0.4648993206364487,0.0,0.45081967213114754,1.7567567567567568,-0.005555555555555556,8.35534495296629,-0.47791391078058015,1.6328252480705627,Restaurants,Consumer Cyclical,CNNE
2021Q1,2021,Q1,2021-05-10,2021-03-31,-233100000.0,171900000.0,-36000000.0,-2.55,12200000.0,0.07097149505526469,4305400000.0,3545200000.0,592900000.0,237100000.0,755100000.0,0.0,1696700000.0,3625230000.0,3445230000.0,38.74535519125683,2.500632644453817,0.0603195986435639,0.0732539772086201,-0.007395287355774422,38.74535519125683,-0.06575087442175336,21.089179755671903,-3.888063063063063,1.0225741848132686,0.0,0.0,0.0,0.03992660379987922,2.005482918599747,-0.054141310911878106,884.2024390243903,0.07097149505526469,-1.438198757763975,-362.02804662950814,-0.5164533958304801,0.0,4.128205128205129,-1.4387351778656126,0.41080196399345337,-104.79787849566056,-0.5487056487374429,1.582779790862744,Restaurants,Consumer Cyclical,CNNE
2020Q4,2020,Q4,2021-02-26,2020-12-31,531300000.0,170400000.0,-61100000.0,5.819277108433735,-3900000.0,-0.022887323943661973,4613400000.0,3779600000.0,844200000.0,202000000.0,828200000.0,0.0,1929800000.0,4041851000.0000005,3406851000.0000005,41.397590361445786,4.179207920792079,0.019443360645077384,0.023732670123822627,-0.011333073121384553,41.397590361445786,0.14057043073341094,23.71978286384977,1.9018685300207039,1.0693859138533177,0.0,0.0,0.0,0.036935882429444664,3.761881188118812,0.11516452074391989,55.36782191780823,-0.022887323943661973,3.041164658634538,90.63981945783134,-0.5635384899742987,2.2829953863309984,-4.0,3.028051554207733,-1.1514084507042253,88.41297103306846,-0.584858078127944,1.758797318782398,Restaurants,Consumer Cyclical,CNNE
2020Q3,2020,Q3,2020-11-09,2020-09-30,131900000.0,139700000.0,-28400000.0,1.44,1300000.0,0.009305654974946313,3868600000.0,3260000000.0,493100000.0,159000000.0,596600000.0,6400000.0,1398500000.0,3401838000.0,3092938000.0,35.70646221248631,3.10125786163522,0.025073670061520965,0.029754601226993867,-0.006368065538343364,35.70646221248631,0.0404601226993865,24.351023622047244,6.447759666413949,1.0435085889570552,0.0,21.625,0.0,0.03611125471746885,2.5886792452830187,0.03409502145478985,-30.455129811996418,0.009305654974946313,-0.7546848381601362,4.877571883276909,-0.6153902237826795,0.0,1.0604651162790697,-0.7224910582789817,0.3785557986870897,7.779330974735788,-0.6145698687676409,1.5973653685211489,Restaurants,Consumer Cyclical,CNNE
2020Q2,2020,Q2,2020-08-07,2020-06-30,475300000.0,102600000.0,-45700000.0,5.87,-21500000.0,-0.20955165692007796,3788600000.0,3117900000.0,1083400000.0,188800000.0,654800000.0,6600000.0,1266600000.0,3320880000.0,2495680000.0,38.58787128712871,5.7383474576271185,0.025735100036952965,0.03127104782064851,-0.010253041419843477,38.58787128712871,0.15244234901696654,32.3672514619883,1.7467283820744792,1.0651015106321562,0.0,18.803030303030305,0.0,0.02708124373119358,5.439088983050848,0.12545531330834608,-66.95322580645161,-0.20955165692007796,-0.28151774785801714,2.29760889599848,-0.6955133323365331,0.0,-1.3118279569892473,-0.2661726107765941,0.1425891181988743,2.29760889599848,-0.6955133323365331,0.0,Restaurants,Consumer Cyclical,CNNE
2020Q1,2020,Q1,2020-05-08,2020-03-31,647700000.0,173000000.0,-53300000.0,8.17,-9300000.0,-0.05375722543352601,2705100000.0,2180500000.0,491400000.0,152100000.0,500100000.0,8100000.0,791300000.0,2649059000.0,2280359000.0,27.56637168141593,3.230769230769231,0.027947210823999112,0.03467094703049759,-0.01767866370504702,27.56637168141593,0.29704196285255674,15.312479768786128,1.02248687664042,1.2148860353130015,0.0,22.506172839506174,0.0,0.06395327344645299,2.947403024326101,0.23943661971830985,-55.303945720250525,-0.05375722543352601,23.757575757575758,1159.425264756005,-0.4370715803883409,0.0,-5.65,25.43673469387755,0.029143897996357013,1159.425264756005,-0.4370715803883409,0.0,Restaurants,Consumer Cyclical,CNNE
2019Q4,2019,Q4,2020-03-02,2019-12-31,24500000.0,240000000.0,-54900000.0,0.33,2000000.0,0.008333333333333333,2092200000.0,1488500000.0,630900000.0,198700000.0,562400000.0,16300000.0,143600000.0,2740903000.0,2375803000.0,20.19674355495251,3.175138399597383,0.080585030111844,0.11326839099764864,-0.026372795304904235,20.19674355495251,0.01645952300974135,11.420429166666667,27.968397959183672,1.8413859590191468,0.0,14.60122699386503,0.0,0.11471178663607685,2.7689984901862106,0.011710161552432846,-50.38424632352941,0.008333333333333333,-0.484375,6.120714127485104,-0.2384632051264828,0.6016829803594328,-0.8958333333333334,-0.4696969696969697,-1.326271186440678,6.120714127485104,-0.2384632051264828,0.6016829803594328,Restaurants,Consumer Cyclical,CNNE
2019Q3,2019,Q3,2019-11-12,2019-09-30,46200000.0,270400000.0,-23600000.0,0.64,19200000.0,0.07100591715976332,1893700000.0,1212100000.0,240800000.0,184900000.0,619000000.0,32500000.0,119100000.0,1966852000.0,2058052000.0,16.928770949720672,1.302325581395349,0.12905951312245867,0.20163352858675027,-0.010512943890317726,16.928770949720672,0.038115667024172926,7.273860946745562,10.643138528138529,1.622681296922696,0.0,7.729230769230769,0.0,0.1427892485610181,1.0156841535965386,0.02439668374082484,-84.41424892703863,0.07100591715976332,0.9393939393939393,2.7318680202513965,-0.05073306101256249,0.0,-0.1504424778761062,1.3692307692307693,0.036734693877551024,2.7318680202513965,-0.05073306101256249,0.0,Restaurants,Consumer Cyclical,CNNE
2019Q2,2019,Q2,2019-08-08,2019-06-30,19500000.0,285100000.0,-24500000.0,0.33,22600000.0,0.07927043142756927,1872400000.0,1185500000.0,165300000.0,176500000.0,620000000.0,32500000.0,90900000.0,2080696000.0,2251096000.0,16.557262569832403,0.9365439093484419,0.130367442854091,0.20590468156895825,-0.011808211855532335,16.557262569832403,0.016448755799240825,7.298126972991932,26.675589743589743,1.7551210459721636,0.0,8.076923076923077,0.0,0.152264473403119,0.6152974504249292,0.010414441358684043,-55.337659574468084,0.07927043142756927,3.645882352941177,-0.8473262821206952,-0.04519106101295984,0.0,-0.021645021645021644,2.823529411764706,-0.678082191780822,-0.8473262821206952,-0.04519106101295984,0.0,Restaurants,Consumer Cyclical,CNNE
2019Q1,2019,Q1,2019-05-09,2019-03-31,5100000.0,274500000.0,-14600000.0,0.07103064066852367,23100000.0,0.08415300546448087,1981100000.0,1154400000.0,222800000.0,188100000.0,755100000.0,31000000.0,71400000.0,1767804000.0,2001504000.0,16.122905027932962,1.1844763423710791,0.17914290040886377,0.30743243243243246,-0.0012929851129590765,16.122905027932962,0.004417879417879418,6.440087431693989,86.65705882352943,1.5313617463617464,0.0,8.109677419354838,0.0,0.13855938619958608,0.8654970760233918,0.002574327393872091,631.3585714285714,0.08415300546448087,-0.8923778171689035,9.094316460893854,-0.013236943471520145,0.0,0.008733624454148471,-0.8914893617021277,0.7074148296593187,9.094316460893854,-0.013236943471520145,0.0,Restaurants,Consumer Cyclical,CNNE
2018Q4,2018,Q4,2019-03-18,2018-12-31,47000000.0,314100000.0,-49900000.0,0.66,22900000.0,0.07290671760585801,1459500000.0,1124600000.0,451700000.0,160000000.0,259800000.0,22300000.0,45800000.0,1225792000.0,950892000.0,15.706703910614525,2.823125,0.03295649194929771,0.042770762937933485,-0.025629993129184795,15.706703910614525,0.04179263738218033,3.9025533269659345,6.520170212765958,1.089980437488885,0.0,13.058295964125561,0.0,0.21521068859198356,2.52625,0.03220280918122645,60.38384236453202,0.07290671760585801,41.96,11.111527571654117,0.025892965885834514,0.24560478092555482,0.24456521739130435,41.72727272727273,-0.9266409266409267,11.111527571654117,0.025892965885834514,0.24560478092555482,Restaurants,Consumer Cyclical,CNNE
2018Q3,2018,Q3,2018-11-08,2018-09-30,1100000.0,293500000.0,-25900000.0,0.015363128491620111,18400000.0,0.06269165247018739,1364700000.0,1091100000.0,252400000.0,119300000.0,192200000.0,43300000.0,1200000.0,1487848000.0,1442148000.0,15.238826815642458,2.115674769488684,0.008866417527661758,0.011089725964622857,-0.021549928024850368,15.238826815642458,0.0010081569058748051,5.0693287904599655,338.14727272727276,1.3636220328109248,0.0,6.353348729792148,0.0,0.21506558217923352,1.0427493713327745,0.0008060379570601598,-275.5274074074074,0.06269165247018739,1.0590889557370005,1.0412349528631286,0.03036185870123134,0.0,1.6943396226415095,1.0585106382978724,0.6128550074738416,1.0412349528631286,0.03036185870123134,0.0,Restaurants,Consumer Cyclical,CNNE
2018Q2,2018,Q2,2018-08-13,2018-06-30,-18800000.0,303900000.0,-66900000.0,-0.26,-26500000.0,-0.08719973675551168,1359900000.0,1080000000.0,195400000.0,115700000.0,188900000.0,41400000.0,100000.0,1318905000.0,1253605000.0,15.189873417721518,1.6888504753673292,0.009118317523347306,0.011481481481481481,0.11023434639326253,15.189873417721518,-0.017407407407407406,4.339930898321817,-17.538630319148936,1.2212083333333335,0.0,7.980676328502415,0.0,0.22347231414074564,1.1408815903197926,-0.0138245459224943,-33.55992366412214,-0.08719973675551168,-12.0,-1.1482282362602148,0.024928053845659527,0.0,-1.9137931034482758,-10.058823529411764,-8.422535211267606,-1.1482282362602148,0.024928053845659527,0.0,Restaurants,Consumer Cyclical,CNNE
2018Q1,2018,Q1,2018-05-10,2018-03-31,-1700000.0,293900000.0,-7100000.0,-0.02,29000000.0,0.09867301803334468,1340600000.0,1059100000.0,217500000.0,118000000.0,192000000.0,38600000.0,2800000.0,1331516000.0,1239816000.0,15.001416430594901,1.8432203389830508,0.009324183201551544,0.011802473798508167,-0.003613967219790288,15.001416430594901,-0.0016051364365971107,4.53050697516162,-195.81117647058824,1.257214616183552,0.0,6.862694300518135,0.0,0.2192301954348799,1.3194915254237287,-0.00126808891541101,-92.46638888888889,0.09867301803334468,0.7142857142857143,-4.412431815864022,0.07146611256430033,0.0,-0.036544850498338874,0.6382978723404256,0.5534591194968553,-4.412431815864022,0.07146611256430033,0.0,Restaurants,Consumer Cyclical,CNNE
2017Q4,2017,Q4,2018-03-26,2017-12-31,-4700000.0,317400000.0,-15900000.0,-0.07,30100000.0,0.09483301827347196,1487200000.0,1059400000.0,350200000.0,249800000.0,334100000.0,29700000.0,200000.0,1202318000.0,1091618000.0,15.005665722379604,1.4019215372297837,0.0907073695535234,0.12733622805361525,-0.021989633063556956,15.005665722379604,-0.004436473475552199,3.7880214240705734,-63.953085106382986,1.134904663016802,0.0,9.673400673400673,0.0,0.21342119419042496,1.1973578863090473,-0.0031603012372243143,119.04138613861386,0.09483301827347196,0.6715188032022223,-0.025475034179086066,0.05135493919165286,0.19000963353841324,0.5279187817258884,0.6887417218543046,0.23557692307692307,-0.025475034179086066,0.05135493919165286,0.19000963353841324,Restaurants,Consumer Cyclical,CNNE
2017Q3,2017,Q3,2017-11-28,2017-09-30,-15100000.0,281300000.0,-20800000.0,-0.213102,19700000.0,0.07003199431212229,1361000000.0,974100000.0,424200000.0,114200000.0,287300000.0,37700000.0,0.0,1303081249.77,1096081249.77,13.747184991850549,3.714535901926445,0.0944158706833211,0.13191664100195052,-0.016550931075434053,13.747184991850549,-0.015501488553536598,4.632354247316033,-21.574192876986757,1.337728415737604,0.0,6.938992042440319,0.0,0.20668626010286553,3.2189141856392296,-0.01109478324761205,-36.50087534369748,0.07003199431212229,-1.1194621060338168,0.428030303030303,-0.002128414331323161,0.0,6.035714285714286,-1.1194620253164558,0.41076487252124644,0.428030303030303,-0.002128414331323161,0.0,Restaurants,Consumer Cyclical,CNNE
2017Q2,2017,Q2,2017-06-30,2017-06-30,126400000.0,295500000.0,-35300000.0,1.783846,2800000.0,0.009475465313028765,,,,,,,,1303081249.77,,,0.0,0.0,0.0,0.0,,0.0,4.409750422233502,2.57729677565269,0.0,0.0,0.0,0.0,0.0,0.0,0.0,-11.624275198661909,0.009475465313028765,251.81264172335602,0.0,0.0,0.0,-0.8766519823788547,251.8,-4.693548387096774,0.0,0.0,0.0,Restaurants,Consumer Cyclical,CNNE
2017Q1,2017,Q1,2017-03-31,2017-03-31,500000.0,275300000.0,-6200000.0,0.007056,22700000.0,0.08245550308754086,,,,,,,,1303081249.77,,,0.0,0.0,0.0,0.0,,0.0,4.7333136569923715,651.5406248849999,0.0,0.0,0.0,0.0,0.0,0.0,0.0,188.85235503913043,0.08245550308754086,1.1086902297843477,0.0,0.0,0.0,-0.21453287197231835,1.108695652173913,-0.8235294117647058,0.0,0.0,0.0,Restaurants,Consumer Cyclical,CNNE
2016Q4,2016,Q4,2016-12-31,2016-12-31,-4600000.0,303000000.0,-3400000.0,-0.06491843852018532,28900000.0,0.09537953795379538,1473300000.0,893500000.0,272600000.0,159500000.0,463500000.0,23900000.0,0.0,1303081249.77,1266081249.77,12.609701047344693,1.709090909090909,0.07106495622072898,0.11717963066592053,0.003115054027158761,12.609701047344693,-0.0051482932288752095,4.300598184059406,-70.81963313967391,1.4584009510576386,0.0,11.468619246861925,0.0,0.2056607615556913,1.368025078369906,-0.0031222425846738613,37.99070699037901,0.09537953795379538,0.82575739510116,0.0,0.0,0.0,0.04332129963898917,0.8257575757575758,0.08108108108108109,0.0,0.0,0.0,Restaurants,Consumer Cyclical,CNNE
2016Q3,2016,Q3,2016-09-30,2016-09-30,-26400000.0,281900000.0,-3700000.0,-0.372575,27700000.0,0.09826179496275275,,,,,,,,1303081249.77,,,0.0,0.0,0.0,0.0,,0.0,4.622494678148279,-12.33978456221591,0.0,,0.0,,0.0,0.0,0.0,0.0,0.09826179496275275,0.0,0.0,0.0,0.0,0.0,0.0,0.0,0.0,0.0,0.0,Restaurants,Consumer Cyclical,CNNE
