Quarters,Year,Quarter,FillingDate,Date,NetIncome,Revenue,OperatingIncome,EPSDiluted,GrossProfit,GrossProfitRatio,TotalAssets,CommonStockEquity,CurrentAssets,CurrentLiability,TotalLiability,Inventory,RetainedEarnings,MarketCap,EnterpriseValue,bookValuePerShare,currentRatio,debtToAssets,debtToEquity,roic,shareholdersEquityPerShare,roe,priceToSalesRatio,peRatio,pbRatio,payoutRatio,inventoryTurnover,dividendYield,assetTurnover,quickRatio,returnOnAssets,priceToFreeCashFlowsRatio,grossProfitMargin,epsdilutedGrowth,fiveYNetIncomeGrowthPerShare,fiveYRevenueGrowthPerShare,fiveYShareholdersEquityGrowthPerShare,grossProfitGrowth,netIncomeGrowth,operatingIncomeGrowth,threeYNetIncomeGrowthPerShare,threeYRevenueGrowthPerShare,threeYShareholdersEquityGrowthPerShare,Industry,Sector,Symbol
2023Q1,2023,Q1,2023-05-02,2023-03-31,232500000.0,1831000000.0,327300000.0,1.11,1330200000.0,0.7264882578,21243500000.0,12157600000.0,4411900000.0,2335800000.0,9085900000.0,2241300000.0,9741700000.0,27054479999.999996,32514079999.999996,58.05921680993314,1.8888175357479235,0.27254454303669357,0.47622886095939987,0.014796592021603995,58.05921680993314,0.019123840231624663,14.775794647733477,29.09083870967742,2.2253142067513325,0.21634408602150537,0.22344175255432117,0.00185921148733962,0.0861910702097112,0.7325541570339926,0.010944524207404618,103.65701149425286,0.7264882577826325,2.7903225806451615,0.2901773486435198,-0.12022293596674005,-0.017700609046503855,0.019466584917228694,2.7857142857142856,0.01362650975534221,1.4503635552148604,0.012244820812763272,0.009313241564762981,Medical Devices,Healthcare,ZBH
2022Q4,2022,Q4,2023-02-24,2022-12-31,-130200000.0,1825100000.0,322900000.0,-0.62,1304800000.0,0.7149197304,21066000000.0,12021300000.0,4427300000.0,2358200000.0,9039000000.0,2147200000.0,9559300000.0,26749500000.0,32070300000.0,57.29885605338418,1.8774064964803663,0.27041203835564415,0.47386721901957357,0.03172251682241304,57.29885605338418,-0.010830775373711661,14.65645718042847,-51.36232718894009,2.225175313817973,-0.3870967741935484,0.24231557377049182,0.0018841473672405091,0.08663723535554922,0.7451446018149436,-0.006180575334662489,147.9507743362832,0.7149197304257301,-1.6739130434782608,-1.1020543165621899,-0.15075178749126752,-0.011314239267003883,0.10426540284360189,-1.6711340206185568,0.3163473298002446,-1.3982464479066437,-0.15778188336815682,-0.04811031749933697,Medical Devices,Healthcare,ZBH
2022Q3,2022,Q3,2022-11-02,2022-09-30,194000000.0,1669800000.0,245300000.0,0.92,1181600000.0,0.7076296562,21333300000.0,12244700000.0,4534400000.0,2295700000.0,9082200000.0,2128600000.0,9739900000.0,21934590000.0,27283290000.0,58.36367969494757,1.975170971816875,0.27628636919745186,0.4813592819750586,0.014787517107819444,58.36367969494757,0.01584358947136312,13.136058210564139,28.266224226804123,1.7913538102199318,0.25927835051546394,0.22935262613924645,0.0022931816824476774,0.07827199729999579,0.7944853421614323,0.009093764209006577,54.34734886025768,0.7076296562462571,0.2602739726027398,0.8933686603397106,-0.11440105843847823,0.12987544281114405,-0.07019200503619767,0.26219908913467793,-0.12673549305802778,-0.5596407001045278,-0.13655439579803338,-0.008230481200783304,Medical Devices,Healthcare,ZBH
2022Q2,2022,Q2,2022-08-02,2022-06-30,153700000.0,1781800000.0,280900000.0,0.73,1270800000.0,0.7132113593,21452700000.0,12118400000.0,4462900000.0,2463600000.0,9328100000.0,2122700000.0,9606500000.0,22020576000.0,27785676000.0,57.81679389312977,1.8115359636304595,0.28674712273979497,0.5076165170319514,0.01186843319992437,57.81679389312977,0.012683192500660153,12.358612638904479,35.81746258945999,1.817119091629258,0.3272608978529603,0.24073114429735715,0.00228422726090362,0.08305714432215991,0.6772609189803539,0.007164599327823537,70.66937098844673,0.7132113592995847,1.0857142857142859,-0.19663274651681295,-0.12224081188502431,0.13508536979964664,0.09250343878954607,1.099726775956284,0.4158266129032258,0.12326217405950425,-0.12451200852492797,0.015591202521033087,Medical Devices,Healthcare,ZBH
2022Q1,2022,Q1,2022-05-05,2022-03-31,73200000.0,1663200000.0,198400000.0,0.35,1163200000.0,0.6993746994,21617500000.0,12015700000.0,4516800000.0,2674100000.0,9596100000.0,2132100000.0,9503100000.0,26756680000.0,32621680000.0,57.43642447418738,1.6890916570060954,0.2914675610038164,0.524380602045657,0.007834833039477462,57.43642447418738,0.006092029594613714,16.087469937469937,91.38210382513661,2.2268099236831813,0.6857923497267759,0.23451057642699685,0.0018761669982972477,0.0769376662426275,0.6319883325230918,0.0033861454839828843,133.2503984063745,0.6993746993746994,1.875,-0.7649773734850198,-0.1914212932462222,0.16279068211881964,-0.15489683231618714,1.8724672228843862,0.2958850424559112,-0.7093845636285518,-0.17740388593927622,0.017825388622199744,Medical Devices,Healthcare,ZBH
2021Q4,2021,Q4,2022-02-25,2021-12-31,-83900000.0,2037900000.0,153100000.0,-0.4,1376400000.0,0.6754011482,23456400000.0,12660700000.0,4885000000.0,3467900000.0,10790000000.0,2148000000.0,10292200000.0,25765726000.0,32466926000.0,60.606510292005744,1.4086334669396465,0.3018067563650006,0.5591554969314493,0.004691519676486466,60.606510292005744,-0.006626805784830223,12.643272977084253,-76.7751072705602,2.0350948999660368,-0.5983313468414779,0.3079608938547486,0.0019483246852815246,0.0868803396940707,0.47224545113757604,-0.0035768489623301102,87.57894629503738,0.6754011482408362,-1.5797101449275361,-2.1564104257110315,-0.02887128085572765,0.2561454418308134,0.025251396648044693,-1.5762362637362637,-0.28757561656584457,0.9090385862365723,-0.03717973639946566,0.09907204170645564,Medical Devices,Healthcare,ZBH
2021Q3,2021,Q3,2021-11-04,2021-09-30,145600000.0,1924000000.0,214900000.0,0.69,1342500000.0,0.6977650728,24008600000.0,12708600000.0,5312400000.0,2939100000.0,11294400000.0,2517400000.0,10426300000.0,29670480000.0,36264080000.0,60.86494252873563,1.8074920894151272,0.312937863932091,0.5911902176478919,0.009529137364779576,60.86494252873563,0.011456808775160128,15.4212474012474,50.9451923076923,2.3346773051319576,0.3440934065934066,0.23099229363629142,0.0016885470002507544,0.08013795056771324,0.7864992684835493,0.006064493556475596,78.30688836104513,0.6977650727650727,0.029850746268656577,-0.12132661628883294,0.006019933071438987,0.24971268790723927,-0.07112710163979796,0.026074700493305146,-0.025396825396825397,-0.12426832206584741,0.021944654612313826,0.014847488139565867,Medical Devices,Healthcare,ZBH
2021Q2,2021,Q2,2021-08-03,2021-06-30,141900000.0,2026900000.0,220500000.0,0.67,1445300000.0,0.7130593517,24223200000.0,12577900000.0,5356800000.0,2928500000.0,11639900000.0,2533000000.0,10331000000.0,32570803999.999996,39379404000.0,60.2967401725791,1.8291958340447327,0.3241107698404835,0.6241900476232122,0.00884461419510692,60.2967401725791,0.011281692492387441,16.069270314273027,57.38337561663143,2.5895263915279974,0.3523608174770965,0.22960915909988155,0.0015351171558430062,0.08367598005218138,0.8409766091855899,0.005858020410185277,76.34975152367556,0.7130593517193744,-0.2872340425531914,5.278918189764419,0.0018130918587598622,0.2591816419936609,0.08587528174305034,-0.28369510348308935,-0.16980421686746988,-0.25246119561555813,-0.01603826361074332,0.017871418246575302,Medical Devices,Healthcare,ZBH
2021Q1,2021,Q1,2021-05-04,2021-03-31,198100000.0,1847400000.0,265600000.0,0.94,1331000000.0,0.7204720147,24026600000.0,12445000000.0,5000100000.0,2089400000.0,11576800000.0,2511700000.0,10237700000.0,32327359999.999996,39439560000.0,59.83173076923077,2.3930793529242846,0.32615934006476155,0.6296906388107674,0.01173624481121774,59.83173076923077,0.015918039373242265,17.49884161524304,40.796769308430086,2.597618320610687,0.2513881877839475,0.20559780228530478,0.00154049077932748,0.07688978049328661,1.0072269551067292,0.008245028426826933,147.54614331355543,0.7204720147233951,-0.40880503144654096,0.7995846044889953,-0.06657860980930831,0.23941005692962275,-0.07440890125173853,-0.40635301168714416,0.10344827586206896,0.10668563691603188,-0.10636828600622227,0.012288417301794098,Medical Devices,Healthcare,ZBH
2020Q4,2020,Q4,2021-02-22,2020-12-31,333700000.0,2085300000.0,240700000.0,1.59,1438000000.0,0.689589028,24417700000.0,12194200000.0,5083300000.0,2556900000.0,12218300000.0,2450700000.0,10086900000.0,31027040000.0,38348340000.0,58.79556412729026,1.9880714928233407,0.332684896611884,0.6661691623886766,0.020217207392818806,58.79556412729026,0.027365468829443507,14.87893348678847,23.24471081810009,2.544409637368585,0.1492358405753671,0.26412861631370627,0.0016050515937066508,0.08540116390978675,0.8818491141616802,0.013666315828272114,78.15375314861461,0.689589027957608,0.370689655172414,1.5350750575175214,0.040495586549628926,0.1898373144824261,0.05743069343334069,0.37608247422680413,-0.19552139037433156,-0.7354100569022504,-0.018448137701738247,0.014511301809529644,Medical Devices,Healthcare,ZBH
2020Q3,2020,Q3,2020-11-06,2020-09-30,242500000.0,1929300000.0,299200000.0,1.16,1359900000.0,0.7048670502,24025500000.0,11872200000.0,5152600000.0,2266200000.0,12147300000.0,2492200000.0,9802900000.0,27372406999.999996,34691407000.0,57.325929502655725,2.2736739917041744,0.34489604794905415,0.6979582554202254,0.014279547642012887,57.325929502655725,0.020425868836441433,14.187740112994348,28.218976288659793,2.3055884334832633,0.2045360824742268,0.22847283524596743,0.0018120437855538246,0.08030217893488169,1.0184449739652282,0.010093442384133525,78.05077559167378,0.7048670502254704,2.1485148514851486,9.733542572026396,0.0757934161245812,0.16756341865071062,0.6964820359281437,2.164745437079731,3.8576886341929324,1.3975660607150606,0.03656796134773424,0.10978540626492876,Medical Devices,Healthcare,ZBH
2020Q2,2020,Q2,2020-08-05,2020-06-30,-208200000.0,1226100000.0,-104700000.0,-1.01,801600000.0,0.6537802789,23647600000.0,11641400000.0,4706800000.0,2161200000.0,12003700000.0,2496500000.0,9610000000.0,23963984000.0,31455184000.0,56.29303675048356,2.177864149546548,0.3469527563050796,0.7047777758688818,-0.0049499078914854834,56.29303675048356,-0.01788444688783136,19.54488540902047,-28.77519692603266,2.058513924442077,-0.23823246878001922,0.1700380532745844,0.0020697727055734973,0.05184881341024036,0.8226448269479919,-0.008804276121043996,-333.76022284122564,0.6537802789332028,0.5910931174089069,-0.10095562505654761,-0.1215291099532643,-0.03806803984219279,-0.38181537749672245,0.5910430170889805,-1.5023992322456814,-2.1029649884386874,-0.3878144617986415,0.10517028244730295,Medical Devices,Healthcare,ZBH
2020Q1,2020,Q1,2020-05-11,2020-03-31,-509100000.0,1783800000.0,208400000.0,-2.47,1296700000.0,0.7269312703,25512900000.0,11878600000.0,6370900000.0,3779600000.0,13630200000.0,2463200000.0,9866200000.0,20265910000.0,27501010000.0,57.523486682808716,1.6856016509683565,0.3789729901344026,0.8139595575236139,0.009771553068533773,57.523486682808716,-0.042858586028656574,11.361088687072542,-9.951831663720291,1.7060857340090583,-0.09723040659988215,0.19775089314712568,0.002442525403497795,0.06991757111108499,0.9188009313154831,-0.019954611196688735,49.34480155831507,0.726931270321785,-2.6038961038961035,-3.3665375576103025,0.2945201269052003,0.48594328157992434,-0.15989633948817622,-2.5874649204864357,-0.3812351543942993,-2.655935114781621,-0.12145177057422564,0.16455324178154843,Medical Devices,Healthcare,ZBH
2019Q4,2019,Q4,2020-02-21,2019-12-31,320700000.0,2125700000.0,336800000.0,1.54,1543500000.0,0.7261137508,24638700000.0,12388100000.0,4723900000.0,3441500000.0,12245900000.0,2385000000.0,10427300000.0,29906856000.0,37503956000.0,60.194849368318756,1.3726282144413773,0.3334185651028666,0.6631363970261783,0.018167162305061546,60.194849368318756,0.02588774711214795,14.069180034812062,23.313732460243216,2.4141600406842048,0.15403804178359837,0.24410901467505242,0.001651795160280305,0.08627484404615503,0.5758535522301322,0.013016108804441793,101.34481870552355,0.7261137507644541,-0.25961538461538464,0.6916509351414348,0.43586820380524205,0.569305053461874,0.13768703471659172,-0.25608907446068196,0.37021969080553296,3.486855333266311,0.028226921246013514,0.2476132562557353,Medical Devices,Healthcare,ZBH
2019Q3,2019,Q3,2019-11-05,2019-09-30,431100000.0,1892400000.0,245800000.0,2.08,1356700000.0,0.7169203128,24315200000.0,12081500000.0,4401500000.0,3773900000.0,12229700000.0,2362300000.0,10155300000.0,27360331000.000004,35185331000.0,58.84802727715538,1.166300113940486,0.34289251167993684,0.6901047055415305,0.028170818110317984,58.84802727715538,0.03568265529942474,14.45800623546819,15.866580259800513,2.264646856764475,0.11412665274878218,0.22677052025568303,0.0017982238592069663,0.0778278607619925,0.4407376984021834,0.017729650588932028,52.68694588869633,0.7169203128302685,2.2,1.1442616582026448,0.40849583681623247,0.5208068827646241,-0.035955375541817665,2.224382946896036,-0.1240199572344975,1.645974558335102,0.006366108257751951,0.208300267626986,Medical Devices,Healthcare,ZBH
2019Q2,2019,Q2,2019-08-05,2019-06-30,133700000.0,1988600000.0,280600000.0,0.65,1407300000.0,0.7076837976,24205700000.0,11659100000.0,4391200000.0,3677800000.0,12543500000.0,2344500000.0,9772700000.0,23324672000.0,31630472000.0,56.92919921875,1.1939746587633913,0.35978715757032437,0.746961600809668,0.012951688923802043,56.92919921875,0.011467437452290485,11.729192396660968,43.613821989528795,2.0005551028810116,0.36724008975317873,0.24794199189592664,0.002105067115198876,0.08215420334879801,0.448692152917505,0.0055234924005502836,524.1499325842697,0.7076837976465855,-0.4583333333333333,-0.3771279656515581,0.3823293785400287,0.4862684136299861,-0.010407144363968779,-0.45672490857375053,-0.1987435750999429,5.106457635055206,0.0011200677029471703,0.18885701522964574,Medical Devices,Healthcare,ZBH
2019Q1,2019,Q1,2019-05-06,2019-03-31,246100000.0,1975500000.0,350200000.0,1.2,1422100000.0,0.7198683877,24289000000.0,11534400000.0,4499200000.0,2255000000.0,12749700000.0,2310200000.0,9688100000.0,25353776000.0,33565076000.0,56.43052837573386,1.995210643015521,0.3622256988760344,0.7627704952143154,0.014537073299016129,56.43052837573386,0.02133617700097101,12.834105796001012,25.755562779357987,2.198100984880011,0.19910605444941082,0.2395463596225435,0.0019326509786944555,0.08133311375519782,0.8035920177383592,0.01013215859030837,103.1479902359642,0.7198683877499368,1.273348519362187,-0.08081992993864105,0.4070856566640243,0.5303838385220593,-0.044030653401452007,1.2726869806094183,0.786734693877551,1.2750023560978583,0.015725339793451747,0.16895439071444715,Medical Devices,Healthcare,ZBH
2018Q4,2018,Q4,2019-02-26,2018-12-31,-902500000.0,2071000000.0,196000000.0,-4.39,1487600000.0,0.718300338,24126800000.0,11271300000.0,4427400000.0,2421300000.0,12850700000.0,2256500000.0,9491200000.0,20583080000.0,28964380000.0,55.14334637964775,1.8285218684177922,0.36988328331979375,0.7917542785659152,0.010115400507934809,55.14334637964775,-0.08007062184486262,9.938715596330276,-5.701684210526317,1.8261496011995066,-0.054293628808864264,0.2585419898072236,0.002380596101263756,0.08583815508065719,0.751084128360798,-0.03740653547092859,61.99722891566265,0.7183003380009657,-6.556962025316455,-4.195007627863145,0.39401018331769977,0.4947627121156481,0.1375697790013,-6.564118372379778,-0.12225705329153605,-7.956802702744349,0.048527097686235886,0.1159279129610448,Medical Devices,Healthcare,ZBH
2018Q3,2018,Q3,2018-11-01,2018-09-30,162200000.0,1836700000.0,223300000.0,0.79,1307700000.0,0.7119834486,25382000000.0,12216800000.0,4513300000.0,2391200000.0,13159000000.0,2219500000.0,10441200000.0,25821012000.0,34477112000.0,59.97447226313206,1.8874623619939779,0.3617012055787566,0.7514815663676249,0.01101330044884527,59.97447226313206,0.013276799161809967,14.058372080361519,39.798107274969176,2.1135659092397354,0.3008631319358816,0.23834196891191708,0.001889933671073775,0.07236230399495705,0.7474489795918368,0.006390355369947207,61.10035967818268,0.7119834485762508,-0.1222222222222222,-0.12327892537283064,0.42682444953595383,0.6616947185704075,-0.08160685441393356,-0.12324324324324325,-0.2456081081081081,6.299132711503845,0.0412533547596678,0.22150657607864344,Medical Devices,Healthcare,ZBH
2018Q2,2018,Q2,2018-08-06,2018-06-30,185000000.0,2007600000.0,296000000.0,0.9,1423900000.0,0.7092548316,25490800000.0,12043100000.0,4475200000.0,1853600000.0,13446600000.0,2158500000.0,10327900000.0,21995027000.0,31008227000.0,59.23807181505165,2.414328873543375,0.3724637908578781,0.7883684433410002,0.011667436780083855,59.23807181505165,0.015361493303219271,10.95588115162383,29.72300945945946,1.8263592430520381,0.2637837837837838,0.27041927264303917,0.0022186833414662324,0.07875782635303717,0.9799848942598187,0.007257520360286849,60.04648375648376,0.7092548316397689,0.05882352941176476,0.009898153187721534,0.4253188360415691,0.6988712894172034,-0.012415036759606047,0.0589582140812822,-0.30744033692091716,1.9951166063367833,0.46316001797676476,0.012256538754450791,Medical Devices,Healthcare,ZBH
2018Q1,2018,Q1,2018-05-08,2018-03-31,174700000.0,2017600000.0,427400000.0,0.85,1441800000.0,0.7146114195,27181200000.0,11998400000.0,5775300000.0,3424500000.0,15181700000.0,2125900000.0,10191700000.0,21489580000.0,30815080000.0,59.10541871921182,1.6864651773981603,0.4080357011463806,0.9243649153220429,0.014599785882131894,59.10541871921182,0.014560274703293772,10.651060666137985,30.752117916428166,1.7910371382851047,0.27819118488838007,0.27084999294416484,0.002261561184536878,0.0742277750798346,0.9297415681121332,0.006427236472267597,46.333721431651576,0.7146114195083267,-0.8620129870129871,-0.33585670568192577,0.4722057884044194,0.7469836950611525,-0.027715961966417155,-0.8581289589085593,0.21627774615822423,-0.17391026193767684,0.4894356166667826,0.5268076557158501,Medical Devices,Healthcare,ZBH
2017Q4,2017,Q4,2018-02-27,2017-12-31,1231400000.0,2074300000.0,351400000.0,6.16,1482900000.0,0.7148917707,25964500000.0,11735800000.0,4515300000.0,3020200000.0,14229000000.0,2081800000.0,10022800000.0,23724900000.0,33319900000.0,57.95456790123457,1.4950334414939408,0.389739837085251,0.8622675914722473,-0.1593873988003253,57.95456790123457,0.1049268051602788,11.437545195969724,4.816651778463537,2.021583530735016,0.03946727302257593,0.2840810836775867,0.0020484807101399795,0.07988984960234166,0.6684987749155685,0.047426293593175295,66.51219512195122,0.7148917707178325,11.833333333333334,5.713760584319049,0.46384681109176373,0.6681628427269313,0.12579714546006682,11.463562753036438,0.6466729147141518,5.601327594090472,0.42398205439609754,0.5108999728882769,Medical Devices,Healthcare,ZBH
2017Q3,2017,Q3,2017-11-06,2017-09-30,98800000.0,1818100000.0,213400000.0,0.48,1317200000.0,0.7244926022,26417500000.0,10449800000.0,4433300000.0,3010200000.0,15967300000.0,2084200000.0,8837200000.0,22997464000.0,32916264000.0,51.654967869500744,1.4727592850973357,0.39366329137882083,0.9951960803077571,0.00795006513618207,51.654967869500744,0.00945472640624701,12.649174412848579,58.191963562753045,2.2007563781124997,0.4908906882591093,0.24033202187889838,0.002108928184429379,0.06882180372858901,0.597734369809315,0.0037399451121415727,53.795237426900584,0.7244926021670975,-0.4666666666666667,-0.5225851611576361,0.5257556626344577,0.5438849624171812,-0.07675054321160721,-0.46362649294245384,-0.24406659582004958,-0.5012880574301873,0.3732621864829328,0.33491697682477645,Medical Devices,Healthcare,ZBH
2017Q2,2017,Q2,2017-08-08,2017-06-30,184200000.0,1954400000.0,282300000.0,0.9,1426700000.0,0.72999386,26459200000.0,10278900000.0,4424100000.0,2996400000.0,16179700000.0,2023900000.0,8787600000.0,25156388000.0,35362888000.0,50.93607532210109,1.4764717661193432,0.40275216181895146,1.0367354483456401,0.012639849999631296,50.93607532210109,0.01792020546945685,12.871668031109293,34.142763300760045,2.4473813345786026,0.26275787187839306,0.2607342259993083,0.0019239646009594066,0.0738646671101167,0.6250834334534775,0.006961661728245752,61.3869887750122,0.7299938600081867,-0.3877551020408163,-0.25445258408588445,0.5082518665345226,0.5639678227185614,-0.025744332149685877,-0.3847695390781563,-0.19434931506849315,-0.12910491132217974,0.37875260955567597,0.32980405318230516,Medical Devices,Healthcare,ZBH
2017Q1,2017,Q1,2017-05-09,2017-03-31,299400000.0,1977300000.0,350400000.0,1.47,1464400000.0,0.7406058767,26987800000.0,9933400000.0,5079900000.0,2656100000.0,17053600000.0,1977000000.0,8649600000.0,23840405000.0,34313705000.0,49.395325708602684,1.9125409434885734,0.4265927567271137,1.1589989328930679,0.018439406683697323,49.395325708602684,0.030140737310487848,12.057050017700906,19.906817802271206,2.400024664263998,0.1606546426185705,0.25943348507840164,0.002017583174446911,0.07326643890943316,0.9937878844923007,0.011093901688911285,102.62765820060267,0.7406058767005512,3.454545454545454,0.26009144362494835,0.5291238767126207,0.5496367235584764,0.05254078918996622,3.3017241379310347,24.675675675675677,0.13660510532926703,0.43147869669893496,0.3395906495797659,Medical Devices,Healthcare,ZBH
2016Q4,2016,Q4,2017-03-01,2016-12-31,69600000.0,2013100000.0,-14800000.0,0.33,1391300000.0,0.6911231434,26684400000.0,9668900000.0,4663600000.0,2381500000.0,17014500000.0,1959400000.0,8467100000.0,20078076000.0,30653976000.0,48.24800399201597,1.9582615998320387,0.4200956364017928,1.1593873139653943,-0.0016041174483429584,48.24800399201597,0.00719833693594928,9.973710198201779,72.11952586206895,2.0765625872643216,0.6910919540229885,0.3173420434826988,0.0023956478698456967,0.07544108168068235,0.9399538106235565,0.002608265503440212,35.06475026196298,0.6911231434106602,-0.5769230769230769,-0.606564648480816,0.5266474675082287,0.554182871183838,0.027927595123753233,-0.5617128463476071,-1.040503557744937,-0.7486857569303952,0.3820837811762628,0.3078516636395161,Medical Devices,Healthcare,ZBH
2016Q3,2016,Q3,2016-11-08,2016-09-30,158800000.0,1832800000.0,365400000.0,0.78,1353500000.0,0.73848756,27036500000.0,9745500000.0,4698100000.0,2312100000.0,17290300000.0,2070000000.0,8442700000.0,25258623000.0,36365323000.0,48.703148425787106,2.0319622853682797,0.42838385146006325,1.1884459494125494,0.026137880772425882,48.703148425787106,0.016294700118003182,13.781439873417721,39.764834697733,2.5918242265661076,0.30163727959697734,0.23154589371980677,0.0018963820791022535,0.06778983966119875,0.9049349076597033,0.00587354132376602,85.2755671843349,0.7384875600174596,5.875,-0.2221445413063703,0.6667214623420232,0.6322794321078903,0.046062292294613186,6.009463722397476,0.08588410104011887,-0.12621409502502628,0.449410266476182,0.3494035289182665,Medical Devices,Healthcare,ZBH
2016Q2,2016,Q2,2016-08-08,2016-06-30,-31700000.0,1934000000.0,336500000.0,-0.16,1293900000.0,0.6690279214,25971300000.0,9548400000.0,5050600000.0,2101200000.0,16422000000.0,1962100000.0,8331900000.0,23303878000.0,33361078000.0,47.88565697091274,2.4036740909956213,0.42483433636360135,1.1555339114406602,-0.004690256445725202,47.88565697091274,-0.003319927946043316,12.049574974146847,-183.78452681388015,2.440605546478991,-1.5078864353312302,0.3262320982620662,0.002051160755304332,0.07446681529226493,1.2229202360555873,-0.0012205780996715604,68.31978305482264,0.6690279214064115,-1.3076923076923077,-1.1493821503765467,0.6330025772764047,0.5243364656288091,0.01978247162673392,-1.299338999055713,-0.0017798872738059924,-1.1764319915697126,0.3999210114310441,0.3732987133131841,Medical Devices,Healthcare,ZBH
2016Q1,2016,Q1,2016-05-10,2016-03-31,105900000.0,1904000000.0,337100000.0,0.52,1268800000.0,0.6663865546,26297300000.0,9659700000.0,5082000000.0,1514600000.0,16636300000.0,2082900000.0,8407500000.0,20714352000.0,30834952000.0,48.2743628185907,3.355341344249307,0.42275822993235046,1.150905307618249,0.01108890170612082,48.2743628185907,0.010963073387372279,10.87938655462185,48.900736543909346,2.1444094537097427,0.421152030217186,0.30495943156176486,0.0021530965583668755,0.07240287025664231,1.7023636603723755,0.004027029390850011,87.18161616161616,0.6663865546218487,-0.1746031746031746,-0.5120596714567561,0.6427354626738261,0.5854649794281619,0.0035592818160246776,-0.16614173228346457,5.5127175368139225,-0.5915736093526888,0.4094489325712066,0.4268492899811219,Medical Devices,Healthcare,ZBH
2015Q4,2015,Q4,2016-02-29,2015-12-31,127000000.0,1933600000.0,-74700000.0,0.63,1264300000.0,0.6538580885,27219500000.0,9887900000.0,5862900000.0,1617900000.0,17330100000.0,2254100000.0,8347700000.0,19929960000.0,30000160000.0,49.41479260369815,3.6237715557203782,0.4235750105622807,1.1660210964916717,-0.003317616971701968,49.41479260369815,0.012843981027316214,10.307178320231692,39.23220472440945,2.015590772560402,0.352755905511811,0.2969256022359256,0.002247872047911787,0.0710373078124139,1.8977687125285865,0.0046657726997189515,58.96437869822485,0.6538580885395118,4.7272727272727275,2.5025753598845273,0.6401923300269314,0.6490719691355957,0.044789686802743575,4.7207207207207205,-1.2345368916797488,-0.29927379242316016,0.38092038267185757,0.4223541627128731,Medical Devices,Healthcare,ZBH
2015Q3,2015,Q3,2015-11-09,2015-09-30,22200000.0,1762200000.0,318500000.0,0.11,1210100000.0,0.6866984451,26689100000.0,9991600000.0,6394700000.0,1786500000.0,16695800000.0,2357800000.0,8264800000.0,18557165000.0,29004865000.0,49.0987714987715,3.579457038902883,0.44642194753663483,1.1924616678009528,0.010150051428535008,49.0987714987715,0.002221866367748909,10.530680399500625,208.97708333333333,1.8572766123543776,1.6936936936936937,0.23415896174399864,0.0020261715623049103,0.0660269548242541,1.7885810243492863,0.0008318002480413352,190.32989743589744,0.6866984451254114,1.120879120879121,-0.8865705722848579,0.7830410306679735,0.6757288680337856,0.3796602439858625,1.1403286978508218,-0.07974573822594626,-0.8933591955489766,0.47012373660837825,0.46748431209203756,Medical Devices,Healthcare,ZBH
2015Q2,2015,Q2,2015-08-10,2015-06-30,-158200000.0,1167600000.0,346100000.0,-0.91,877100000.0,0.7511990408,27204000000.0,10124100000.0,6751500000.0,2163100000.0,17078100000.0,2441400000.0,8232300000.0,18346650000.0,28971850000.0,58.52080924855491,3.121214923027137,0.4429422143802382,1.190209500103713,0.011554774429763078,58.52080924855491,-0.015626080342944063,15.713129496402878,-28.992809734513273,1.8121758971167807,-0.23640960809102401,0.11898910461210781,0.0020385192937130213,0.042920158800176446,1.5597522074800056,-0.005815321276282899,117.3059462915601,0.7511990407673861,-1.8921568627450982,-2.1155748039746434,0.28831421215517805,1.0603978354317267,0.02500876475400257,-1.8932806324110671,0.25900327391778827,-1.7469081207809531,0.05106497109826598,0.7968534490618333,Medical Devices,Healthcare,ZBH
2015Q1,2015,Q1,2015-05-07,2015-03-31,177100000.0,1134400000.0,274900000.0,1.02,855700000.0,0.754319464,17190100000.0,6581000000.0,11917200000.0,908700000.0,10607100000.0,1217000000.0,8426800000.0,19397000000.0,19664700000.0,38.71176470588235,13.114559260482007,0.5271173524295961,1.3768728156815073,0.01340434923782923,38.71176470588235,0.02691080382920529,17.098906911142453,27.381422924901184,2.9474244035860813,0.2106154714850367,0.22900575184880856,0.001922977780069083,0.06599147183553325,11.17167381974249,0.010302441521573464,339.70227670753064,0.7543194640338505,0.12087912087912087,0.029592187410504702,0.2745644136465275,0.3753282758350894,-0.05967032967032967,0.13090676883780333,0.8217362491716369,-0.11827739110911539,0.0377660775890964,0.21447062776513864,Medical Devices,Healthcare,ZBH
2014Q4,2014,Q4,2015-02-23,2014-12-31,156600000.0,1222900000.0,150900000.0,0.91,910000000.0,0.7441327991,9634700000.0,6520800000.0,4289000000.0,1038000000.0,3112100000.0,1169000000.0,8285200000.0,18720400000.0,19038600000.0,38.35764705882353,4.131984585741812,0.14546379233395954,0.21492761624340573,0.015349812395840013,38.35764705882353,0.02401545822598454,15.308201815356938,29.885696040868456,2.870874739295792,0.23946360153256704,0.26766467065868266,0.0020031623255913336,0.1269266297860857,2.51242774566474,0.016253749468068544,61.37836065573771,0.7441327990841442,-0.052083333333333266,0.20488932686476646,0.31878124319356566,0.38092155158834073,0.12665593661012753,-0.05377643504531722,-0.39928343949044587,0.04352941176470581,0.0932340594937538,0.23559096968246926,Medical Devices,Healthcare,ZBH
2014Q3,2014,Q3,2014-11-05,2014-09-30,165500000.0,1106000000.0,251200000.0,0.96,807700000.0,0.7302893309,9670900000.0,6539500000.0,4332700000.0,1093000000.0,3129500000.0,1177500000.0,8165900000.0,16497780000.0,17206880000.0,38.69526627218935,3.9640439158279963,0.17334477659783473,0.256349873843566,0.022225261712592106,38.69526627218935,0.02530774524046181,14.916618444846293,24.921117824773415,2.5227892040675894,0.22416918429003022,0.25333333333333335,0.002248787412609454,0.1143637096857583,2.465416285452882,0.017113195255870704,73.84861235452104,0.7302893309222424,-0.06796116504854374,0.39543916851865746,0.4328406005953552,0.3824592094836077,-0.04942921030952101,-0.06232294617563739,-0.031237948322406478,-0.040142444420411885,0.1908675537147888,0.29686661535397574,Medical Devices,Healthcare,ZBH
2014Q2,2014,Q2,2014-08-07,2014-06-30,176500000.0,1182900000.0,259300000.0,1.03,849700000.0,0.7183193846,9638300000.0,6450300000.0,4229800000.0,952900000.0,3186000000.0,1147200000.0,8036500000.0,16979772000.0,17698472000.0,38.30344418052257,4.438870815405604,0.1750723675336937,0.26160023564795437,0.023736283758946344,38.30344418052257,0.02736306838441623,14.35435962465128,24.050668555240794,2.6324003534719314,0.20906515580736543,0.2904463040446304,0.002173174056754119,0.12272911198032849,2.779095393010809,0.018312357988441944,76.45102206213417,0.7183193845633612,-0.20155038759689922,0.07104721086328085,0.4787011045514919,0.41652016424800115,-0.0074757621773157345,-0.20316027088036118,-0.13103217158176944,-0.015156503861314315,0.18266433174465088,0.21930741722964053,Medical Devices,Healthcare,ZBH
2014Q1,2014,Q1,2014-05-06,2014-03-31,221500000.0,1161500000.0,298400000.0,1.29,856100000.0,0.7370641412,9380100000.0,6235300000.0,4046700000.0,918700000.0,3142400000.0,1125900000.0,7897300000.0,15528453000.0,16325853000.0,36.87344766410408,4.4048111461848265,0.17911322907005256,0.2694497458021266,0.029154160440785122,36.87344766410408,0.035523551392876045,13.36930951356005,17.52647065462754,2.490409924141581,0.15349887133182843,0.2712496669331202,0.002189529117935959,0.12382597200456286,2.7508435833242624,0.023613820748179658,98.65599110546378,0.7370641411967284,-0.05147058823529416,0.4349035242726225,0.5327632046630578,0.47018552356248927,-0.048672074674963886,-0.06104281475201356,0.23920265780730898,0.2076691316826981,0.1858325952742876,0.2110270654820602,Medical Devices,Healthcare,ZBH
2013Q4,2013,Q4,2014-02-28,2013-12-31,235900000.0,1240700000.0,240800000.0,1.36,899900000.0,0.7253163537,9580600000.0,6297300000.0,4197700000.0,1031600000.0,3280500000.0,1074500000.0,7712700000.0,15444936000.0,16027836000.0,36.89103690685413,4.069115936409461,0.17363213159927354,0.26416083083226144,0.023499769331771888,36.89103690685413,0.03746049894399187,12.448566132022245,16.36809665112336,2.4526282692582533,0.14412886816447648,0.3171707771056305,0.0022013687852121887,0.12950128384443563,2.6601395889879798,0.024622674989040354,55.67749098774333,0.7253163536713145,0.5111111111111112,0.8274829717843122,0.5627353854996788,0.44618244604148294,0.20710932260228035,0.5278497409326425,0.1374586679263108,6.626500017625049,0.23369694427721258,0.23112881123145665,Medical Devices,Healthcare,ZBH
2013Q3,2013,Q3,2013-11-12,2013-09-30,154400000.0,1074300000.0,211700000.0,0.9,745500000.0,0.6939402402,9357400000.0,6135700000.0,3837200000.0,804200000.0,3218400000.0,1081900000.0,7510600000.0,13557500000.0,14326100000.0,36.09235294117647,4.77144988808754,0.18017825464338386,0.2747852730739769,0.02102232153351697,36.09235294117647,0.02516420294342944,12.619845480778181,21.95191062176166,2.2096093355281385,0.21955958549222798,0.303909788335336,0.0025004609994468004,0.11480753200675402,2.990176572991793,0.01650030991514737,53.00039093041438,0.6939402401563809,0.011235955056179785,-0.049462177045946444,0.49125375291893686,0.44271818011533864,-0.11869015250029555,0.015121630506245891,-0.3716236271890769,-0.05564441161079819,0.30120944833892094,0.23182303533412885,Medical Devices,Healthcare,ZBH
2013Q2,2013,Q2,2013-08-07,2013-06-30,152100000.0,1169500000.0,336900000.0,0.89,845900000.0,0.7233005558,9097400000.0,5885900000.0,3591700000.0,804300000.0,3207800000.0,1052900000.0,7389200000.0,12292015999.999998,13270215999.999998,34.86907582938389,4.46562228024369,0.18555851122298678,0.2868040571535364,0.03442747880773646,34.86907582938389,0.02584141762517202,10.510488242838818,20.203839579224194,2.0883834247948485,0.22090729783037474,0.30734162788488933,0.002733481635559212,0.12855321300591377,2.708317791868706,0.01671906258931123,73.47289898386131,0.723300555793074,-0.3046875,-0.09377562966812128,0.46588950914171695,0.44670243768052326,-0.00011820330969267139,-0.3042086001829826,0.12977867203219315,0.0992465027705789,0.32251802063585155,0.227668743561358,Medical Devices,Healthcare,ZBH
2013Q1,2013,Q1,2013-05-08,2013-03-31,218600000.0,1138900000.0,298200000.0,1.28,846000000.0,0.7428220212,8744600000.0,5707600000.0,3464000000.0,763300000.0,3032200000.0,1039100000.0,7271000000.0,12304978000.0,13350778000.0,33.832839359810315,4.538189440586925,0.19472588797657983,0.2983390566963347,0.030921684586906622,33.832839359810315,0.03829981077861098,10.804265519360786,14.072481701738333,2.1558935454481745,0.1413540713632205,0.28187854874410545,0.002511178809096611,0.13024037691832674,2.769160225337351,0.024998284655673216,75.67637146371463,0.7428220212485732,0.4222222222222222,0.25896986146364953,0.4818883898910632,0.378451792018908,-0.04038112522686026,0.4306282722513089,0.48728179551122197,0.2806506482644937,0.2894811638246736,0.20199275276807324,Medical Devices,Healthcare,ZBH
2012Q4,2012,Q4,2013-02-27,2012-12-31,152800000.0,1180500000.0,200500000.0,0.9,881600000.0,0.7468022025,9012400000.0,5860900000.0,3708700000.0,866000000.0,3146100000.0,995300000.0,7085900000.0,10918264000.0,11820964000.0,34.74155305275637,4.28256351039261,0.1982823665172429,0.3049019775119862,0.02140884527449351,34.74155305275637,0.02607108123325769,9.248847098686998,17.863651832460732,1.8628988721868653,0.20418848167539266,0.3003114638802371,0.0028575971418166846,0.13098619679552617,2.8181293302540418,0.016954418356930453,39.04958512160229,0.7468022024565862,-0.11764705882352941,-0.20171781446039883,0.5155554033985195,0.48220256253043475,0.1452325279293323,-0.1420550252667041,-0.19607056936647954,0.18471146853745132,0.28286703892275816,0.2507378065351134,Medical Devices,Healthcare,ZBH
2012Q3,2012,Q3,2012-11-06,2012-09-30,178100000.0,1025500000.0,249400000.0,1.02,769800000.0,0.7506582155,8784100000.0,5825000000.0,3631900000.0,755500000.0,2953200000.0,994100000.0,6966300000.0,11471449000.0,12404349000.0,33.45778288340034,4.807279947054931,0.1974476611149691,0.2977510729613734,0.024958215705276763,33.45778288340034,0.030575107296137338,11.186200877620673,16.10253930376193,1.969347467811159,0.17686692869174622,0.25721758374409015,0.0027459477874155216,0.11674502794822464,3.128788881535407,0.02027527009027675,40.751150976909415,0.7506582155046319,-0.16393442622950816,4.399930299646981,0.5319196307061139,0.49608490050078813,-0.08694105088364369,-0.1696969696969697,-0.17389864193441537,0.4576886218229348,0.2896336315459651,0.19534052952887965,Medical Devices,Healthcare,ZBH
2012Q2,2012,Q2,2012-08-07,2012-06-30,214500000.0,1125000000.0,301900000.0,1.22,843100000.0,0.7494222222,8616500000.0,5706000000.0,3478300000.0,683100000.0,2904300000.0,956000000.0,6819400000.0,10948248000.0,12027148000.0,32.56849315068493,5.0919338310642654,0.20076597226251958,0.30317209954433927,0.030210260073292892,32.56849315068493,0.03759200841219769,9.731776,12.760195804195805,1.9187255520504733,0.0,0.2948744769874477,0.0,0.13056345383856555,3.2829746742790222,0.024894098531886497,65.47995215311005,0.7494222222222222,0.04273504273504278,0.25287360572798023,0.5672677400506394,0.4603516793286886,-0.010446009389671362,0.023377862595419848,0.02131258457374831,0.25112063400989754,0.3517390907247151,0.20443287161569076,Medical Devices,Healthcare,ZBH
2012Q1,2012,Q1,2012-05-03,2012-03-31,209600000.0,1140700000.0,295600000.0,1.17,852000000.0,0.7469097922,8603700000.0,5654700000.0,3322500000.0,861800000.0,2942100000.0,937000000.0,6636300000.0,11071534000.0,12114934000.0,31.87542277339346,3.855302854490601,0.19961179492543907,0.30371195642562826,0.029798253224581947,31.87542277339346,0.03706651104391038,9.70591215920049,13.20555104961832,1.957934815286399,0.0,0.308110992529349,0.0,0.1325824935783442,2.46472499419819,0.024361611864662878,69.5885229415462,0.7469097922328395,0.3295454545454545,0.19922830874219538,0.603126749320205,0.4758409207319139,-0.014003008911005671,0.3384418901660281,0.4691848906560636,0.2942859659863262,0.43488562828288985,0.27090869141855695,Medical Devices,Healthcare,ZBH
2011Q4,2011,Q4,2012-02-27,2011-12-31,156600000.0,1167300000.0,201200000.0,0.88,864100000.0,0.74025529,8515300000.0,5507200000.0,3276600000.0,867100000.0,3000500000.0,929800000.0,6426800000.0,9199964000.0,10150964000.0,31.043968432919954,3.778802906239188,0.20190715535565393,0.3121913131900058,0.023056401055575552,31.043968432919954,0.02843550261475886,7.8814049515977045,14.687043422733078,1.6705338466008135,0.0,0.32609163260916324,0.0,0.13708266297135743,2.378733710068043,0.018390426643805854,30.49374875704342,0.7402552899854364,-0.12871287128712872,-0.14538751405789194,0.6696793950319235,0.49462780647469506,0.10838891739353515,-0.18224543080939948,-0.245311327831958,0.16733917784246757,0.4147544056746679,0.2169688349099641,Medical Devices,Healthcare,ZBH
2011Q3,2011,Q3,2011-11-02,2011-09-30,191500000.0,1031500000.0,266600000.0,1.01,779600000.0,0.7557925351,8198800000.0,5600500000.0,3073300000.0,674600000.0,2590100000.0,968400000.0,6302800000.0,9745384000.0,10735884000.0,29.837506659563132,4.555736732878743,0.1882592574523101,0.27560039282206944,0.027992181902131433,29.837506659563132,0.03419337559146505,9.447778962675715,12.722433420365535,1.7400917775198643,0.0,0.260119785212722,0.0,0.12581109430648388,2.67684553809665,0.023357076645362736,35.6843061149762,0.7557925351429956,-0.047169811320754755,0.33806282209687377,0.6115044497384461,0.49311752726040337,-0.08228369629193644,-0.06035328753680078,0.028946352759552298,0.06776463745301091,0.2968204635492358,0.19269345994766973,Medical Devices,Healthcare,ZBH
2011Q2,2011,Q2,2011-08-08,2011-06-30,203800000.0,1137400000.0,259100000.0,1.06,849500000.0,0.7468788465,8249200000.0,6015800000.0,3108300000.0,679000000.0,2233400000.0,975100000.0,6111300000.0,11750440000.0,12273640000.0,31.414099216710184,4.577761413843888,0.13908015322697959,0.1907144519432162,0.029569794069231548,31.414099216710184,0.033877456032447885,10.330965359592051,14.414180569185477,1.9532630739053825,0.0,0.29525176904932826,0.0,0.13788003685205838,2.7008836524300444,0.02470542598070116,60.19692622950819,0.7468788464919993,-0.018518518518518535,0.3004898323081381,0.6539575564011314,0.575260704624852,0.015419555343055223,-0.024413595021541407,-0.12819650067294752,0.07032178920731705,0.2566603095669715,0.3033569956578758,Medical Devices,Healthcare,ZBH
2011Q1,2011,Q1,2011-05-05,2011-03-31,208900000.0,1115600000.0,297200000.0,1.08,836600000.0,0.7499103621,8117700000.0,5864300000.0,3030700000.0,713400000.0,2253400000.0,958400000.0,5908300000.0,11319102000.0,11883702000.0,30.448078920041535,4.2482478273058595,0.14045850425613166,0.19443070784236824,0.030969947990407882,30.448078920041535,0.03562232491516464,10.146201147364646,13.546077070368597,1.9301710349061272,0.0,0.291110183639399,0.0,0.13742808923709918,2.442528735632184,0.02573389014129618,95.27863636363637,0.7499103621369666,5.000000000000001,0.30725511230711433,0.6682192300617985,0.5322665982385191,-0.027774549680418363,4.98567335243553,-0.47126845756982744,0.05381024353221304,0.2714439158219688,0.24054645560495175,Medical Devices,Healthcare,ZBH
2010Q4,2010,Q4,2011-02-25,2010-12-31,34900000.0,1134700000.0,562100000.0,0.18,860500000.0,0.7583502247,7999900000.0,5771300000.0,3009700000.0,702500000.0,2228600000.0,936400000.0,5699400000.0,10038312000.0,10511512000.0,29.96521287642783,4.284270462633452,0.1427642845535569,0.1978930223693102,0.025913925613060624,29.96521287642783,0.0060471644170290925,8.84666607913986,71.90767908309455,1.739350233049746,0.0,0.29282357966680905,0.0,0.1418392729909124,2.434021352313167,0.004362554531931649,41.36098887515451,0.7583502247290033,-0.8125000000000001,-0.7750376141691483,0.7209831060324793,0.5856709128681166,0.15363989810966616,-0.8173731030873888,1.0695876288659794,-0.8402954423605157,0.27598532763966827,0.27842630537460933,Medical Devices,Healthcare,ZBH
2010Q3,2010,Q3,2010-11-03,2010-09-30,191100000.0,965000000.0,271600000.0,0.96,745900000.0,0.7729533679,8003700000.0,5821900000.0,3007300000.0,698600000.0,2181800000.0,925400000.0,0.0,10095947000.0,10315947000.0,29.29994967287368,4.304752361866591,0.1422592051176331,0.19557189233755304,0.028969531534002477,29.29994967287368,0.03282433569796802,10.462121243523317,13.207675300889587,1.7341326714646421,0.0,0.2367624810892587,0.0,0.1205692367280133,2.489836816490123,0.02387645713857341,39.37576833073323,0.7729533678756477,0.17073170731707318,0.41125321708543255,0.5757571757406752,0.6085583945208922,-0.0758270350638087,0.15468277945619335,0.19070583077597544,4.076750564059646,0.26307324001046667,0.31016488581398527,Medical Devices,Healthcare,ZBH
2010Q2,2010,Q2,2010-08-05,2010-06-30,165500000.0,1057700000.0,228100000.0,0.82,807100000.0,0.763070814,7827300000.0,5734500000.0,2982800000.0,601800000.0,2092800000.0,885800000.0,5473400000.0,10595712000.0,10772612000.0,28.40267459138187,4.956463941508807,0.14444316686469152,0.19715755514866162,0.02571986678079808,28.40267459138187,0.028860406312668934,10.017691216791151,16.005607250755286,1.8477133141511901,0.0,0.2829081056671935,0.0,0.13512961046593333,2.9109338650714522,0.021143944910761055,51.53556420233463,0.7630708140304434,-0.18811881188118817,0.061714966340998045,0.5280666216994293,0.6297590075898626,0.015986908358509567,-0.19425511197663095,-0.22441346480788849,-0.16116654204067835,0.278647868941736,0.27355887621342073,Medical Devices,Healthcare,ZBH
2010Q1,2010,Q1,2010-05-05,2010-03-31,205400000.0,1062800000.0,294100000.0,1.01,794400000.0,0.7474595408,7822000000.0,5713900000.0,2873800000.0,655200000.0,2108100000.0,896500000.0,5307900000.0,11668440000.0,11974240000.0,28.14729064039409,4.3861416361416365,0.14408079774993607,0.19723831358616706,0.03159369415217024,28.14729064039409,0.035947426451285465,10.978961234474971,14.20209347614411,2.0421148427518854,0.0,0.29938650306748466,0.0,0.1358731782152902,2.5007631257631258,0.026259268729225262,55.93691275167785,0.7474595408355288,0.32894736842105265,0.4343868470636307,0.555158322209703,0.6677617013605358,-0.04622403649897947,0.3234536082474227,-0.2714887292543968,0.026995664855783537,0.3052855867522835,0.3032273683128171,Medical Devices,Healthcare,ZBH
2009Q4,2009,Q4,2010-02-25,2009-12-31,155200000.0,1107300000.0,403700000.0,0.76,832900000.0,0.7521900117,7785500000.0,5638700000.0,2738000000.0,690700000.0,2146800000.0,913200000.0,5102500000.0,11650170000.0,12086070000.0,27.776847290640394,3.9640943969885623,0.14483334403699186,0.19997517158210226,0.04029481745187622,27.776847290640394,0.027524074698068703,10.521240856136549,18.766382087628866,2.0661092095695817,0.0,0.3004818221638195,0.0,0.1422259328238392,2.18546402200666,0.01993449360991587,34.954005400540055,0.7521900117402691,0.0857142857142858,-0.059243349753694545,0.675691798161764,0.7338952741221562,0.14677130662260773,0.035356904603068715,0.9789215686274509,-0.25983802424200936,0.3841191573695341,0.3373305808663163,Medical Devices,Healthcare,ZBH
2009Q3,2009,Q3,2009-11-04,2009-09-30,149900000.0,975600000.0,204000000.0,0.7,726300000.0,0.7444649446,7648100000.0,5978700000.0,2448800000.0,676700000.0,1669400000.0,972100000.0,4947700000.0,11083704000.0,11244204000.0,27.990168539325843,3.618737993202305,0.07847700736130542,0.10038971682807299,0.02326392726003603,27.990168539325843,0.02507234014083329,11.36091020910209,18.485163442294866,1.8538652215364544,0.0,0.256455097212221,0.0,0.12756109360494763,1.748041968375942,0.01959963912605745,37.39441295546559,0.7444649446494465,-0.28571428571428575,0.3442991510806955,0.5981388945052616,0.8887793792202142,-0.0725322436470438,-0.2865302237029986,-0.31197301854974707,-0.0796089585236131,0.3393592846706924,0.4006737129171385,Medical Devices,Healthcare,ZBH
2009Q2,2009,Q2,2009-08-07,2009-06-30,210100000.0,1019900000.0,296500000.0,0.98,783100000.0,0.7678203745,7462100000.0,5805600000.0,2328700000.0,669200000.0,1656500000.0,980900000.0,4797800000.0,8879992000.0,9255992000.0,27.04052165812762,3.4798266586969517,0.0875758834644403,0.11256373156951908,0.032972575497075815,27.04052165812762,0.03618919663772909,8.706728110599078,10.566387434554974,1.529556290478159,0.0,0.2414109491283515,0.0,0.13667734283914715,1.563359234907352,0.028155613031184253,72.54895424836602,0.7678203745465242,0.07692307692307687,1.0555959824762982,0.5737867371973355,0.8938132678976486,0.02728584546766365,0.0390702274975272,0.05968548963545389,0.19581932537860014,0.3228343457337592,0.3559475605764801,Medical Devices,Healthcare,ZBH
2009Q1,2009,Q1,2009-05-07,2009-03-31,202200000.0,992600000.0,279800000.0,0.91,762300000.0,0.7679830748,7231900000.0,5555400000.0,2195700000.0,703600000.0,1676500000.0,947000000.0,4587700000.0,7849959999.999999,8297559999.999999,25.080812641083522,3.1206651506537804,0.09131763436994428,0.11887532850919826,0.032965936872047366,25.080812641083522,0.03639701911653526,7.9084827725166225,9.70568743818002,1.4130323649062173,0.0,0.24318901795142556,0.0,0.13725300405149407,1.3337123365548607,0.027959457404001714,77.87658730158729,0.7679830747531735,0.21333333333333337,1.2718785849091516,0.46658454852969006,0.8389668529700518,-0.031508067589886925,0.20716417910447762,0.16729244889445138,0.10023539538519648,0.29062906328412536,0.2621647351720104,Medical Devices,Healthcare,ZBH
2008Q4,2008,Q4,2009-02-27,2008-12-31,167500000.0,1030200000.0,239700000.0,0.75,787100000.0,0.7640264026,7239000000.0,5650300000.0,2178600000.0,771100000.0,1585100000.0,928300000.0,4385500000.0,8691660000.0,8939160000.0,25.50925507900677,2.8253144857995074,0.06355850255560161,0.08142930463869175,0.027917819551254792,25.50925507900677,0.029644443657858875,8.436866627839255,12.972626865671643,1.5382652248553177,0.0,0.2618765485295702,0.0,0.1423124740986324,1.2260407210478537,0.023138555049039923,-591.269387755102,0.764026402640264,-0.21052631578947364,3.96440119577817,0.6102219756969558,0.9712397985208999,0.10083916083916084,-0.21984163949697252,0.1398002853067047,-0.061181052850622246,0.3586251509791592,0.34987473489747106,Medical Devices,Healthcare,ZBH
2008Q3,2008,Q3,2008-11-10,2008-09-30,214700000.0,952200000.0,210300000.0,0.95,715000000.0,0.7508926696,7078800000.0,5621300000.0,2333300000.0,838500000.0,1454000000.0,843000000.0,4218000000.0,14084196000.0,13872896000.0,25.016911437472185,2.7827072152653547,0.04677346442899927,0.05890096596872609,0.03184910563003179,25.016911437472185,0.03819401206126697,14.791216131064902,16.399855612482536,2.5055051322647786,0.0,0.28137603795966787,0.0,0.1345143244617732,1.471675611210495,0.030329999434932475,81.31752886836027,0.7508926696072253,-0.04040404040404044,1.2122547710673055,1.0943484666312158,5.607607261970911,-0.12506118453255016,-0.054601497137824744,-0.31809338521400776,0.4020745203437191,0.3749438157981135,0.37342088798833184,Medical Devices,Healthcare,ZBH
2008Q2,2008,Q2,2008-08-05,2008-06-30,227100000.0,1079500000.0,308400000.0,0.99,817200000.0,0.7570171376,6942400000.0,5505000000.0,2208100000.0,807900000.0,1434100000.0,800700000.0,4003300000.0,15090387999.999998,15031587999.999998,24.10245183887916,2.7331352890209186,0.04743316432357686,0.05981834695731154,0.03813553681445044,24.10245183887916,0.04125340599455041,13.979053265400646,16.61205195948921,2.7412148955495,0.0,0.3275883601848383,0.0,0.15549377736805717,1.448941700705533,0.03271203042175617,100.2683588039867,0.7570171375636869,-0.029411764705882377,1.1952985103996536,1.2591320923190568,6.3065902288487425,0.015786202610316966,-0.050982030923526954,-0.06996381182147166,0.2878559680116669,0.37861389369849763,0.3830101761378879,Medical Devices,Healthcare,ZBH
2008Q1,2008,Q1,2008-05-12,2008-03-31,239300000.0,1059200000.0,331600000.0,1.02,804500000.0,0.7595354985,6919200000.0,5706500000.0,2222600000.0,789200000.0,1209700000.0,756600000.0,3776200000.0,17574675000.0,17215575000.0,24.544086021505375,2.816269640141916,0.016895016764943923,0.020485411372995706,0.04100352299598045,24.544086021505375,0.041934635941470254,16.592404645015105,18.360504596740494,3.079764303864015,0.0,0.33663758921490883,0.0,0.1530812810729564,1.5652559553978713,0.034584923112498556,133.3435128983308,0.759535498489426,-0.09734513274336273,0.4887191346986784,1.285440347526,7.850705056953385,-0.018423621278672524,-0.09287338893100834,-0.05768684285308326,0.4590884990832963,0.3532377856081401,0.4542673817003667,Medical Devices,Healthcare,ZBH
2007Q4,2007,Q4,2008-02-29,2007-12-31,263800000.0,1073500000.0,351900000.0,1.13,819600000.0,0.7634839311,6633700000.0,5449600000.0,2082700000.0,748600000.0,1181300000.0,727800000.0,3536900000.0,14931150000.0,14571550000.0,23.439139784946235,2.782126636387924,0.015722748993774214,0.019139019377568997,0.04738604172031934,23.439139784946235,0.04840722254844392,13.908849557522124,14.150066338134952,2.739861641221374,0.0,0.34885957680681506,0.0,0.16182522574129068,1.5204381512156024,0.03976664606479039,47.44566253574833,0.7634839310666046,4.947368421052631,2.075427277872099,1.4408073520270939,11.522630783275945,0.16420454545454546,4.928089887640449,0.16793893129770993,0.39615440860215045,0.4184171495376652,0.46312550439448785,Medical Devices,Healthcare,ZBH
2007Q3,2007,Q3,2007-11-09,2007-09-30,44500000.0,903200000.0,301300000.0,0.19,704000000.0,0.7794508415,6367200000.0,5253200000.0,1899900000.0,707300000.0,1111500000.0,732200000.0,3273100000.0,18585288000.0,18375488000.0,22.36355896126011,2.686130354870635,0.01620806633999246,0.019645168659103023,0.019542415671937183,22.36355896126011,0.008471027183431052,20.577156775907884,104.41173033707865,3.5378984238178637,0.0,0.27205681507784757,0.0,0.1418519914562131,1.364484659974551,0.006988943334589773,216.108,0.7794508414526129,-0.8041237113402062,-0.43341906449062545,1.2181611087460387,14.203159670940446,-0.06656059400689472,-0.8077753779697624,-0.06573643410852713,-0.6371120610603684,0.34537976074220234,0.5090952007901306,Medical Devices,Healthcare,ZBH
2007Q2,2007,Q2,2007-08-07,2007-06-30,231500000.0,970600000.0,322500000.0,0.97,754200000.0,0.7770451267,6320800000.0,5283300000.0,1949300000.0,642900000.0,1034900000.0,682900000.0,3228600000.0,19525298000.0,19261798000.0,22.301815111861544,3.0320423082905585,0.015061384634856347,0.01801904112959703,0.0428874531504343,22.301815111861544,0.04381731115022808,20.116729857819905,21.085634989200866,3.6956633164878014,0.0,0.31688387758090497,0.0,0.15355651183394506,1.630735728729196,0.03662511074547525,101.43011948051948,0.7770451267257367,-0.01020408163265307,1.8811994329897235,1.3034261506652283,20.10688103377836,0.01398225329389621,-0.008140531276778063,-0.014364303178484108,1.0527198730231089,0.3573616037455135,0.5619326391341596,Medical Devices,Healthcare,ZBH
2007Q1,2007,Q1,2007-05-08,2007-03-31,233400000.0,950200000.0,327200000.0,0.98,743800000.0,0.7827825721,6097900000.0,5116600000.0,1886600000.0,598900000.0,978900000.0,658800000.0,2997100000.0,19643748000.0,19417748000.0,21.598142676234698,3.1501085323092335,0.016399088210695485,0.01954422858929758,0.04482669473983371,21.598142676234698,0.04561622952742055,20.67327720479899,21.04086118251928,3.8392190126255716,0.0,0.3132969034608379,0.0,0.1558241361780285,1.7006177992987144,0.03827547188376326,122.773425,0.7827825720900863,-0.03921568627450984,2.5006192625441255,1.43851196623471,30.292305296411737,0.024376807602258643,-0.04617899468737229,-0.03281111439550695,1.4519606045298215,0.31267293259210543,0.5836117049195267,Medical Devices,Healthcare,ZBH
