Quarters,Year,Quarter,FillingDate,Date,NetIncome,Revenue,OperatingIncome,EPSDiluted,GrossProfit,GrossProfitRatio,TotalAssets,CommonStockEquity,CurrentAssets,CurrentLiability,TotalLiability,Inventory,RetainedEarnings,MarketCap,EnterpriseValue,bookValuePerShare,currentRatio,debtToAssets,debtToEquity,roic,shareholdersEquityPerShare,roe,priceToSalesRatio,peRatio,pbRatio,payoutRatio,inventoryTurnover,dividendYield,assetTurnover,quickRatio,returnOnAssets,priceToFreeCashFlowsRatio,grossProfitMargin,epsdilutedGrowth,fiveYNetIncomeGrowthPerShare,fiveYRevenueGrowthPerShare,fiveYShareholdersEquityGrowthPerShare,grossProfitGrowth,netIncomeGrowth,operatingIncomeGrowth,threeYNetIncomeGrowthPerShare,threeYRevenueGrowthPerShare,threeYShareholdersEquityGrowthPerShare,Industry,Sector,Symbol
2023Q4,2023,Q4,2023-05-22,2023-04-01,29383000.0,304416000.0,35255000.0,0.57,156249000.0,0.5132745979,1934825000.0,817997000.0,769722000.0,251816000.0,1116828000.0,259379000.0,253168000.0,4174489250.0,4655909250.0,16.21497809582334,3.0566842456396732,0.3958425180571886,0.9362943873877289,0.02004610148991415,16.21497809582334,0.03592066963570771,13.713107228266583,35.51789512643365,5.103306307969344,0.0,0.5712374556151423,0.0,0.15733515951055005,1.8410585506878039,0.015186386365691988,61.66887150623412,0.5132745979186376,-0.1093750000000001,1.5919643054393389,0.3659449799331076,0.13929320506239465,-0.015487659649542868,-0.1080925206410879,-0.1854016959726426,0.6945796060747557,0.29737039650057945,0.41613056836693324,Medical Instruments & Supplies,Healthcare,HAE
2023Q3,2023,Q3,2023-02-07,2022-12-31,32944000.0,305301000.0,43279000.0,0.64,158707000.0,0.5198377994,1878066000.0,775979000.0,706309000.0,226889000.0,1102087000.0,255756000.0,223785000.0,3972532850.0000005,4515305850.0,15.36318279910511,3.1130156155653204,0.4082790487661243,0.9881388542731182,0.02188756721300471,15.36318279910511,0.04245475715193323,13.01185665949342,30.146102856362315,5.119381903376252,0.0,0.5731791238524219,0.0,0.16256137963202572,1.7854633763646541,0.017541449555020964,83.51447116698553,0.5198377994176239,0.0,6.2890532981246485,0.3711233459645344,-0.008720909272174122,0.0052508899276656655,-0.007621170587703708,-0.0738894119661046,0.10463024129696694,0.18172909194753828,0.353750470115026,Medical Instruments & Supplies,Healthcare,HAE
2023Q2,2023,Q2,2022-11-08,2022-10-01,33197000.0,297485000.0,46732000.0,0.64,157878000.0,0.5307091114,1865112000.0,729009000.0,715789000.0,262175000.0,1136103000.0,254680000.0,204364000.0,3772050590.0,4348596590.0,14.307479441838558,2.7301954801182418,0.4384433749823067,1.1217227770850566,0.024427741191314592,14.307479441838558,0.04553716072092388,12.679800964754525,28.40656226466247,5.174216765499466,0.0,0.5481663263703471,0.0,0.1594998048374575,1.5742614665776675,0.017798931109767133,73.8430482361693,0.5307091113837672,0.6842105263157895,0.7054241188321208,0.3631018571271408,-0.060415048991887585,0.10976149807047511,0.670121245660814,0.5189001202587188,-0.11723167482575893,0.1741056832880841,0.24485860196319365,Medical Instruments & Supplies,Healthcare,HAE
2023Q1,2023,Q1,2022-08-10,2022-07-02,19877000.0,261458000.0,30767000.0,0.38,142263000.0,0.5441141598,1820526000.0,770423000.0,687783000.0,180487000.0,1050103000.0,277887000.0,222268000.0,3448399679.9999995,4003445679.9999995,15.040274090270186,3.810706588286137,0.4229513887744531,0.9994431630416019,0.015572548958888294,15.040274090270186,0.02580011240578228,13.189115192497455,43.37173215273934,4.475982259096625,0.0,0.42893334340937145,0.0,0.14361673494363716,2.00242122701358,0.010918273070530166,-992.6308808290154,0.5441141598268173,1.0,0.01057862089943912,0.2689204162472983,0.02068803669402195,0.04366485463388868,1.0405502515142182,0.6025313818428043,3.334468602064094,0.09190441340814988,0.29822084746784444,Medical Instruments & Supplies,Healthcare,HAE
2022Q4,2022,Q4,2022-05-25,2022-04-02,9741000.0,265002000.0,19199000.0,0.19,136311000.0,0.51437725,1859734000.0,749424000.0,756031000.0,442266000.0,1110310000.0,293027000.0,202391000.0,3263820450.0,3777913450.0,14.66095428135454,1.709448612373549,0.41596755234888433,1.0322447639787358,0.007973963485339297,14.66095428135454,0.012997982450522002,12.316210632372586,83.765025408069,4.355105320886441,0.0,0.43917795971019735,0.0,0.14249457180435482,0.9471042313901589,0.005237845842469945,99.09884469409442,0.514377249983019,-0.5777777777777778,1.1937301788716645,0.18179749688324423,0.030574239244497113,-0.01626673402374337,-0.5807076446280992,-0.46147373145213316,-0.5224176363678334,0.0858599757095865,0.1462390603460693,Medical Instruments & Supplies,Healthcare,HAE
2022Q3,2022,Q3,2022-02-08,2022-01-01,23232000.0,259769000.0,35651000.0,0.45,138565000.0,0.5334162275,1831376000.0,730775000.0,729455000.0,355411000.0,1100601000.0,305741000.0,192650000.0,2710025760.0,3250330760.0,14.302559987474067,2.0524266272006213,0.4243705279527525,1.0635038144435702,0.017498697100268284,14.302559987474067,0.03179090691389278,10.432444825980005,29.162639462809917,3.7084270261024255,0.0,0.3964270411884569,0.0,0.14184361922401517,1.1025460663851148,0.012685543547583894,75.76253173050041,0.5334162274944277,0.5517241379310346,0.5273943020113029,0.15383386383153622,-0.04065423547852812,0.13076439722215422,0.5638126009693053,0.4545491636066911,0.2787432426235156,0.05649279049071185,0.14310797043229975,Medical Instruments & Supplies,Healthcare,HAE
2022Q2,2022,Q2,2021-11-09,2021-10-02,14856000.0,239897000.0,24510000.0,0.29,122541000.0,0.5108067212,1801497000.0,698549000.0,699246000.0,288470000.0,1102948000.0,322661000.0,169418000.0,3674808000.0,4263164000.0,13.686573012794138,2.4239816965369014,0.4334039967871165,1.11771114123705,0.012355168409293158,13.686573012794138,0.021266940472321912,15.318274092631421,61.84046849757674,5.260630249273852,0.0,0.3637129990919262,0.0,0.13316536191844894,1.1568793982043193,0.008246475014945904,162.2575061815613,0.510806721217856,4.318077803203661,-0.24566591425635576,0.09642270931665584,-0.06130609192814814,0.13374658833325623,4.335428828019758,2.3757296811854514,-0.197866790132448,0.004041509584602276,0.007068774720949783,Medical Instruments & Supplies,Healthcare,HAE
2022Q1,2022,Q1,2021-08-11,2021-07-03,-4454000.0,228528000.0,-17816000.0,-0.0874,108085000.0,0.4729617377,1794187000.0,677080000.0,684368000.0,228339000.0,1117107000.0,326500000.0,154562000.0,3392537399.9999995,4003445399.9999995,13.291976677987396,2.997157734771546,0.43717293682319625,1.1584598570331424,-0.01805089014626249,13.291976677987396,-0.0065782477698351745,14.845171707624447,-190.42082397844632,5.010541442665564,0.0,0.3688912710566616,0.0,0.12737133866202352,1.3417331248713535,-0.0024824614156718334,-217.48428745432398,0.47296173773016875,0.6027272727272727,0.5688024445092817,0.09020879225379928,-0.05225286197160973,0.3212194555478138,0.596594511366724,0.16646392813698888,-0.6165933809179258,0.019511231622805856,0.02775058634336925,Medical Instruments & Supplies,Healthcare,HAE
2021Q4,2021,Q4,2021-05-26,2021-04-03,-11041000.0,225029000.0,-21374000.0,-0.22,81807000.0,0.3635398104,1819923000.0,731670000.0,693546000.0,253495000.0,1088253000.0,322614000.0,157981000.0,5697009920.0,6212312920.0,14.389356513530522,2.7359356200319533,0.38881205413635633,0.9671135894597291,-0.005704660313299748,14.389356513530522,-0.01509013626361611,25.316781037110772,-128.99669232859344,7.7863106591769515,0.0,0.4439422963665557,0.0,0.12364753893433952,1.261800035503659,-0.006066740186260628,-564.8993475458602,0.3635398104244342,-1.3548387096774193,-0.2584613787896564,-0.07438623744508792,0.016539172513191997,-0.3197319074981082,-1.3463082617150743,-2.1531074665515755,-1.966279487435187,0.0017646228460210915,0.01102178517948951,Medical Instruments & Supplies,Healthcare,HAE
2021Q3,2021,Q3,2021-02-02,2020-12-26,31882000.0,240371000.0,18536000.0,0.62,120257000.0,0.5002974568,1318068000.0,719152000.0,668348000.0,194384000.0,598916000.0,299710000.0,169022000.0,6031193750.0,6151967750.0,14.159601488511292,3.4382871018190797,0.23502277575967248,0.43075177431196743,0.015367634089461617,14.159601488511292,0.04433276970654326,25.091187164841017,47.29309445768772,8.386535461209869,0.0,0.4007674084948784,0.0,0.1823661601677607,1.728233805251461,0.024188433373695438,105.96285445728944,0.5002974568479559,-0.3404255319148936,1.5358658941976366,0.028964404606224577,-0.0015004626093020786,0.13724655772431532,-0.33718633708238915,-0.32062747397742264,6.0903340069929905,0.07356780064377656,-0.08637962119298392,Medical Instruments & Supplies,Healthcare,HAE
2021Q2,2021,Q2,2020-11-04,2020-09-26,48101000.0,209486000.0,27284000.0,0.94,105744000.0,0.5047783623,1418174000.0,667923000.0,760279000.0,338568000.0,750251000.0,305224000.0,137140000.0,4416635520.0,4601483520.0,13.175063121350798,2.245572529004513,0.3271932781167896,0.6947163071192338,0.02109714190999199,13.175063121350798,0.07201578625081034,21.083201359518057,22.955008835575143,6.61249203875297,0.0,0.33988808219537125,0.0,0.1477153015074314,1.242592330048912,0.033917558776285564,212.17503458877786,0.5047783622771927,3.4761904761904763,2.738305138733312,-0.046761231338573454,-0.14052080245332815,0.1745418193935355,3.569297995630284,1.328979940247546,1.4836119040094509,-0.03525106743296025,-0.13478183996520743,Medical Instruments & Supplies,Healthcare,HAE
2021Q1,2021,Q1,2020-08-04,2020-06-27,10527000.0,195577000.0,11715000.0,0.21,90030000.0,0.4603302024,1433173000.0,608569000.0,759410000.0,407827000.0,824604000.0,294510000.0,89039000.0,4416616800.0,4669148800.0,12.070470863580468,1.8620885816780155,0.3685926262914526,0.8680313982473639,0.013594086432097469,12.070470863580468,0.01729795635334695,22.582495896756775,104.88783129096608,7.257380510673398,0.0,0.358381718787138,0.0,0.13646433473139669,1.0220485647100364,0.0073452402466415425,1073.0361516034986,0.4603302024266657,-0.3823529411764707,41.163611979135325,-0.06645273615826877,-0.21689921953409436,-0.20718229611560715,-0.4026895142986836,-0.5495443534433038,-0.4562343537627658,-0.035642404937362114,-0.1808536776806159,Medical Instruments & Supplies,Healthcare,HAE
2020Q4,2020,Q4,2020-05-20,2020-03-28,17624000.0,238492000.0,26007000.0,0.34,113557000.0,0.4761459504,1267110000.0,587109000.0,603639000.0,284298000.0,680001000.0,270276000.0,78512000.0,5176211250.0,5421393250.0,11.450199902486592,2.1232615072916445,0.30186250601763065,0.6514854992854819,0.020285230774129852,11.450199902486592,0.03001827599304388,21.703919837981985,73.42560216182478,8.816439962596384,0.0,0.4622497003063535,0.0,0.1882172818460907,1.0640876826428607,0.013908816124882607,144.74863674496643,0.476145950388273,-0.4137931034482758,7.049036664043013,0.05900289532730581,-0.28529980079005146,-0.11318235064427958,-0.41046997825723364,-0.36424083897621434,1.3494281660443213,0.06029672105617614,-0.1951218981216075,Medical Instruments & Supplies,Healthcare,HAE
2020Q3,2020,Q3,2020-02-04,2019-12-28,29895000.0,258970000.0,40907000.0,0.58,128050000.0,0.4944588176,1237749000.0,574580000.0,582575000.0,256692000.0,663169000.0,254167000.0,69868000.0,5870042200.0,6115329200.0,11.348607544933834,2.2695487198666107,0.30030644339038043,0.6469142678130112,0.03416251461974411,11.348607544933834,0.052029308364370495,22.666881105919604,49.08882923565813,10.216231334191932,0.0,0.5150944064335653,0.0,0.20922658794311286,1.1576909292069875,0.024152715938368766,99.67469605379338,0.49445881762366295,-0.19444444444444448,0.8994589117820985,0.13477805083529304,-0.30006477542961935,0.00826771653543307,-0.20250226751320494,0.8015149513365922,0.9834675564981219,0.1608267073760892,-0.2387909163825534,Medical Instruments & Supplies,Healthcare,HAE
2020Q2,2020,Q2,2019-11-01,2019-09-28,37486000.0,252566000.0,22707000.0,0.72,127000000.0,0.5028388619,1190541000.0,583754000.0,567789000.0,240066000.0,606787000.0,244504000.0,85634000.0,6307226380.0,6566114380.0,11.493256679332953,2.365137087300992,0.3115541589915845,0.6354012135248752,0.019774873055884216,11.493256679332953,0.06421540580449984,24.972586888179723,42.063879715093634,10.804596422465627,0.0,0.5135539704871904,0.0,0.21214389088658014,1.2020236101738688,0.03148652587353144,308.7539837477971,0.5028388619212404,5.235294117647059,4.065957858288659,0.12290004210029726,-0.2803253321998545,0.09571549358963298,5.4210402170067225,-0.3589034134221745,0.9126977004370928,0.15996125862951532,-0.2117347404123158,Medical Instruments & Supplies,Healthcare,HAE
2020Q1,2020,Q1,2019-08-06,2019-06-29,-8479000.0,238451000.0,35419000.0,-0.17,115906000.0,0.4860789009,1259610000.0,590966000.0,615278000.0,293665000.0,668644000.0,221953000.0,99418000.0,6138543400.0,6384001400.0,11.58529700058812,2.0951696661161527,0.3458943641285795,0.7372539198532572,0.016503227675937836,11.58529700058812,-0.01434769512966905,25.743416467114837,-180.99255218775798,10.387303838122667,0.0,0.5521213950701275,0.0,0.18930541993156613,1.2040011577818261,-0.00673144862298648,-1092.0731898238748,0.4860789009062659,-1.425,-1.356949440431806,0.07742118795498601,-0.26456208518090435,0.04222641848754608,-1.4069594432445405,0.4846998658618377,0.1802794852693928,0.1359638234934329,-0.1739428723419329,Medical Instruments & Supplies,Healthcare,HAE
2019Q4,2019,Q4,2019-05-22,2019-03-30,20835000.0,249295000.0,23856000.0,0.4,111210000.0,0.4460979963,1274767000.0,667868000.0,576121000.0,235759000.0,606899000.0,194337000.0,161418000.0,4567855680.0,4748624680.0,12.790485674888924,2.4436861371145957,0.2746541132614823,0.5242353279390538,0.022377606361712578,12.790485674888924,0.03119628429569915,18.32309384464189,54.80988336933046,6.839458815214982,0.0,0.7105440549149158,0.0,0.19556122805187143,1.5031366777090165,0.016344163286310363,659.9040277376481,0.44609799634970615,0.142857142857143,1.0368055174854682,0.02945417303466997,-0.208072521647923,0.00031481897908702496,0.1399573234119385,-0.1576271186440678,3.3125719981923485,-0.001437719505041842,-0.09641340029573776,Medical Instruments & Supplies,Healthcare,HAE
2019Q3,2019,Q3,2019-02-05,2018-12-29,18277000.0,247356000.0,28320000.0,0.35,111175000.0,0.4494534194,1227637000.0,643129000.0,515897000.0,211282000.0,584508000.0,168936000.0,140584000.0,4920617730.0,5109563730.0,12.511993930079182,2.441746102365559,0.28006405802366663,0.5346003678888683,0.02059739301773479,12.511993930079182,0.028418870864165665,19.892857783922768,67.30614611260054,7.651058698954642,0.0,0.8061100061561774,0.0,0.2014895282563168,1.5264527976827178,0.014887951405830878,170.1399581618893,0.44945341936318506,0.0,0.12915805692930962,0.028164712095676538,-0.21566922032549365,-0.006541145772829224,-0.02397735768450283,0.08605614358030372,1.3035383471023483,0.046258077910037276,-0.11768560992652682,Medical Instruments & Supplies,Healthcare,HAE
2019Q2,2019,Q2,2018-11-06,2018-09-29,18726000.0,241581000.0,26076000.0,0.35,111907000.0,0.4632276545,1265711000.0,701338000.0,552805000.0,189167000.0,564373000.0,163584000.0,194375000.0,5912900900.0,6056789900.0,13.590504796046895,2.922312031168227,0.2715090569648206,0.48999483843738684,0.020283735308441943,13.590504796046895,0.02670039267799549,24.47585240561137,78.93972151019972,8.430886248855758,0.0,0.7927058881064163,0.0,0.190865845362804,1.910232757299106,0.01479484653289732,666.6930770098095,0.46322765449269604,7.469500924214417,0.12913920020145223,0.022468272554826682,-0.1213735142835391,0.3443251165249147,7.642781128059595,3.926506706971472,0.42970874378911333,0.07991948968091103,-0.11341934009929892,Medical Instruments & Supplies,Healthcare,HAE
2019Q1,2019,Q1,2018-08-07,2018-06-30,-2819000.0,229347000.0,5293000.0,-0.0541,83244000.0,0.3629609282,1241168000.0,674059000.0,551017000.0,193995000.0,567109000.0,175329000.0,189859000.0,4674031920.0,4829806920.0,12.933076229398107,2.840367019768551,0.2802851829889266,0.5160987391311443,-0.0044044130303021985,12.933076229398107,-0.004182126490411077,20.379738649295607,-414.51152181624695,6.934158463873342,0.0,0.8333076672997621,0.0,0.18478320420764957,1.7703652155983403,-0.0022712477279465794,-1064.214918032787,0.3629609282004997,-1.2459090909090909,0.6480860974730641,0.02685761473780197,-0.14437854857925403,-0.20253673864311306,-1.2372895622895623,1.6080413555427915,-9.40429733942915,0.05901261511641468,-0.1609356251689367,Medical Instruments & Supplies,Healthcare,HAE
2018Q4,2018,Q4,2018-05-23,2018-03-31,11880000.0,233552000.0,-8705000.0,0.22,104386000.0,0.4469497157,1237339000.0,752429000.0,521177000.0,384703000.0,484910000.0,160799000.0,266942000.0,3867749720.0,3941262720.0,14.232489076361436,1.3547515875883474,0.20502222915466173,0.3371507477781957,-0.007721399264670521,14.232489076361436,0.01578886512880285,16.56055062684113,81.39203956228955,5.140351740828702,0.0,0.8032761397769886,0.0,0.1887534459028609,0.8614307660714889,0.009601249132210332,100.39844564427369,0.4469497156950058,2.833333333333333,-0.0821773195836794,-0.09320125505162362,-0.05070110900456972,-0.06207826047890741,2.8145715594928977,-9.593287265547877,4.954751284874769,0.005837736065570695,-0.11163448107836683,Medical Instruments & Supplies,Healthcare,HAE
2018Q3,2018,Q3,2018-02-06,2017-12-30,-6547000.0,234043000.0,1013000.0,-0.12,111295000.0,0.475532274,1311714000.0,822807000.0,589713000.0,324178000.0,488907000.0,158840000.0,323608000.0,3083467200.0,3102043200.0,15.498342437370503,1.8191024683969919,0.2059648673415089,0.32834796009270706,-0.029313765537770545,15.498342437370503,-0.007956908485221929,13.174789248129617,-117.74351611425081,3.7474975297973883,0.0,0.7727776378745908,0.0,0.1784253274722996,1.2286737533083676,-0.004991179479673161,79.42167731300226,0.47553227398384057,-1.3157894736842106,-1.6438257241262209,-0.07861454110353149,0.028511280650544084,0.06439241789560261,-1.3256889861705303,-0.9582405804270756,-1.3967061093522157,-0.021969657564072514,-0.04412627263578262,Medical Instruments & Supplies,Healthcare,HAE
2018Q2,2018,Q2,2017-11-07,2017-09-30,20102000.0,225377000.0,24258000.0,0.38,104562000.0,0.4639426383,1271163000.0,801253000.0,553389000.0,254999000.0,469910000.0,168592000.0,330155000.0,2361014530.0,2443996530.0,15.227446359679963,2.1701614516135357,0.2254659709258372,0.3576947605812396,0.019607725849714555,15.227446359679963,0.02508820559798216,10.47584505073721,29.36293067853945,2.946652967289982,0.0,0.7166117016228528,0.0,0.17729984274243352,1.3620249491174474,0.015813864941002845,54.27744384928389,0.46394263833487887,0.0,2.0004501089507145,0.009457686699581806,0.014287276660816238,0.14069710358370152,-0.0017380940557183294,0.4603575943651797,1.6222609875057055,-0.03279177979183383,-0.04650111747236812,Medical Instruments & Supplies,Healthcare,HAE
2018Q1,2018,Q1,2017-08-07,2017-07-01,20137000.0,210951000.0,16611000.0,0.38,91665000.0,0.4345321899,1251382000.0,772770000.0,528089000.0,205523000.0,478612000.0,173894000.0,310053000.0,2070974070.0,2202278070.0,14.735427035066644,2.569488573055084,0.24216666054010685,0.3921516104403639,0.013371910036077711,14.735427035066644,0.026058206193304605,9.817322838005035,25.711055147241396,2.679935905896968,0.0,0.6859696136726972,0.0,0.16857442411669657,1.5727972051789825,0.01609180889608449,83.83152809261658,0.4345321899398438,1.3877551020408163,0.9995773289332135,0.1616931279137792,-0.00853004253755404,0.11635469060174641,1.3937622213531482,56.92929292929293,6.44462781178121,-0.07288043035298919,-0.06459094384130083,Medical Instruments & Supplies,Healthcare,HAE
2017Q4,2017,Q4,2017-05-24,2017-04-01,-51140000.0,228066000.0,-297000.0,-0.98,82111000.0,0.3600317452,1238709000.0,739610000.0,510029000.0,211179000.0,499099000.0,176929000.0,289916000.0,2109234300.0,2284317300.0,14.226005000961724,2.4151501806524323,0.254012039954501,0.4254228579927259,-0.00024341332688420476,14.226005000961724,-0.06914454915428402,9.248350477493357,-10.311078901055925,2.851819607631049,0.0,0.8249354260748661,0.0,0.18411588193837294,1.3838828671411456,-0.04128491841102309,111.25240255287726,0.3600317451965659,-4.266666666666667,-3.8154971178868085,0.1976964177737613,-0.010357777818553612,-0.18765520038781547,-4.322289352302995,-1.0140015085800491,-6.021119574478566,-0.05411622018692041,-0.11919183103783966,Medical Instruments & Supplies,Healthcare,HAE
2017Q3,2017,Q3,2017-02-06,2016-12-31,15393000.0,227841000.0,21212000.0,0.3,101079000.0,0.4436383267,1306421000.0,770897000.0,496562000.0,216221000.0,535524000.0,188489000.0,341056000.0,2078661600.0000002,2285290600.0,14.908660168639281,2.29654843886579,0.25739635232440383,0.43620353951306073,0.015573325479084212,14.908660168639281,0.019967648077499327,9.123299142823285,33.75985188072501,2.696419366011283,0.0,0.6725166985871854,0.0,0.17440090139396106,1.29587782870304,0.011782572386696171,57.25078770518895,0.4436383267278497,-0.21052631578947373,-0.18198617284832186,0.15606616766000356,0.060258016992872664,-0.030398664722584606,-0.22355611601513242,-0.14447043639590224,-0.05466241870164541,-0.058574514220847355,-0.06543104805541544,Medical Instruments & Supplies,Healthcare,HAE
2017Q2,2017,Q2,2016-11-07,2016-10-01,19825000.0,220253000.0,24794000.0,0.38,104248000.0,0.4733102387,1334826000.0,749114000.0,512387000.0,198664000.0,585712000.0,194511000.0,325663000.0,1860397380.0,2109581380.0,14.580442991163533,2.5791638142793865,0.29071504450767366,0.5180172844186599,0.018931769448436952,14.580442991163533,0.02646459684373807,8.446638093465243,23.460244388398486,2.4834636383781374,0.0,0.5963930060510717,0.0,0.16500502687241633,1.4621169411669954,0.014852123048247488,92.46507852882704,0.4733102386800634,2.9000000000000004,0.4132464606847389,0.21446400470333976,0.09278569065262332,0.14487787735020208,2.916199497390296,4.1460474559066105,0.2006882204613442,-0.0636817541674813,-0.05737398442760434,Medical Instruments & Supplies,Healthcare,HAE
2017Q1,2017,Q1,2016-08-01,2016-07-02,-10346000.0,209956000.0,-7881000.0,-0.2,91056000.0,0.4336908686,1317391000.0,715560000.0,489595000.0,198973000.0,601831000.0,189431000.0,305838000.0,1523997270.0,1805461270.0,14.024813312165579,2.4606102335492754,0.3034118192700573,0.5586002571412599,-0.007268777436441736,14.024813312165579,-0.01445860584716865,7.258650717293147,-36.825760438816936,2.1297966208284422,0.0,0.6276691776953086,0.0,0.15937257807287283,1.3464942479632915,-0.007853401154251092,185.49139118792598,0.433690868562937,-0.1764705882352941,-1.6157683158235958,0.24155476452606436,0.01303791766883153,0.02101320894350878,-0.17889699179580676,-0.4095868359864067,-0.3193527612433011,-0.039731766115790254,-0.07215182921576446,Medical Instruments & Supplies,Healthcare,HAE
2016Q4,2016,Q4,2016-06-01,2016-04-02,-8776000.0,243185000.0,-5591000.0,-0.17,89182000.0,0.3667249214,1317105000.0,719978000.0,487202000.0,184712000.0,597127000.0,186144000.0,316184000.0,1794955270.0,2087832270.0,14.155240548139119,2.637630473385595,0.30977029166239595,0.5666839820105615,-0.005235241478699912,14.155240548139119,-0.0121892613385409,7.381027900569525,-51.13249971513218,2.493069607682457,0.0,0.8273326027161767,0.0,0.1846360009262739,1.473732080211356,-0.006663098234385261,72.61439661798616,0.3667249213561692,0.8547008547008547,-1.4266688573292439,0.4593818872321727,0.07071627847601678,-0.18072665472417437,0.8523553162853298,-0.49093333333333333,-1.7047282055187383,-0.018598318781409943,-0.05585354170829618,Medical Instruments & Supplies,Healthcare,HAE
2016Q3,2016,Q3,2016-02-02,2015-12-26,-59440000.0,233384000.0,-3750000.0,-1.17,108855000.0,0.4664201488,1336422000.0,719552000.0,501363000.0,175334000.0,616870000.0,203863000.0,324916000.0,1619652720.0,1941592720.0,14.180879367769654,2.8594739183501203,0.31958991995043484,0.5935735012896913,-0.0030700722478581516,14.180879367769654,-0.08260695543893978,6.939861858567854,-6.812132907133243,2.2509182380147648,0.0,0.6108464998552949,0.0,0.1746334615862355,1.4483271926722712,-0.04447696910107735,199.7105696670777,0.46642014876769616,-5.68,-3.9648680338672055,0.2994438875040735,0.09213876572435735,0.033790136471124534,-5.62100598616186,-1.1955263569529173,-7.115873418299446,-0.03867446121113891,-0.05891907742811407,Medical Instruments & Supplies,Healthcare,HAE
2016Q2,2016,Q2,2015-11-04,2015-09-26,12863000.0,219693000.0,19179000.0,0.25,105297000.0,0.4792915569,1418944000.0,776880000.0,500724000.0,188105000.0,642064000.0,207645000.0,384359000.0,1740858000.0,2074919000.0,15.329123914759274,2.66193881077058,0.30607832303459476,0.5590412933786427,0.012290103466352948,15.329123914759274,0.0165572546596643,7.924048558670508,33.83460312524294,2.240832561013284,0.0,0.5509210431264899,0.0,0.15482852036444003,1.3059620956380744,0.00906519214288936,1069.980331899201,0.47929155685433766,49.07692307692307,-0.41273695456664233,0.2828573716422328,0.27328346599465475,0.0268970830610792,49.176029962546814,4.318635607321132,0.9934043186483887,0.02164668258569038,0.021059932298730565,Medical Instruments & Supplies,Healthcare,HAE
2016Q1,2016,Q1,2015-07-30,2015-06-27,-267000.0,213413000.0,3606000.0,-0.0052,102539000.0,0.4804721362,1427411000.0,791647000.0,508361000.0,169765000.0,635764000.0,211131000.0,387344000.0,2157120000.0,2476765000.0,15.41368769470405,2.994498277030012,0.30254005328528366,0.545507025227153,-0.0004927532685840916,15.41368769470405,-0.0003372715364297471,10.10772539629732,-2019.7752808988764,2.7248508489263523,0.0,0.525143157565682,0.0,0.14951054741766737,1.4803227991635497,-0.00018705194229272438,-143.84635902907442,0.4804721361866428,0.9084507042253522,-1.0145878733127967,0.2814439702031043,0.37178863006981,-0.053762746274166016,0.9088737201365188,1.3394201807228916,-1.0270718046731837,0.20003307216125402,0.037106576323835336,Medical Instruments & Supplies,Healthcare,HAE
2015Q4,2015,Q4,2015-05-22,2015-03-28,-2930000.0,226478000.0,-10624000.0,-0.0568,108365000.0,0.4784791459,1483119000.0,826122000.0,567979000.0,189092000.0,656997000.0,211077000.0,420365000.0,2279688650.0,2546917650.0,16.020983225055755,3.0037177670128825,0.2885075304139452,0.5179513437482599,0.0025699310855403206,16.020983225055755,-0.0035466916508699684,10.06582824821837,-194.51268344709896,2.7595060414805563,0.0,0.5595730468028255,0.0,0.15270386260306826,1.6208459374272841,-0.0019755663571163202,67.81760077346422,0.4784791458773038,-1.183225806451613,-1.7402142772180018,0.3401913796715185,0.39377724457765484,-0.029517915834534888,-1.1832624468351263,-1.6520219670494258,-1.1626397803561508,0.19915969086539206,0.11451116735190243,Medical Instruments & Supplies,Healthcare,HAE
2015Q3,2015,Q3,2015-02-05,2014-12-27,15988000.0,231827000.0,-4006000.0,0.31,111661000.0,0.4816565801,1471799000.0,833908000.0,547485000.0,161994000.0,637891000.0,212493000.0,423563000.0,1975503119.9999998,2279057120.0,16.213796857987244,3.3796622097114706,0.2913128762826989,0.5141502419931215,-0.0031798221708308296,16.213796857987244,0.019172378727629426,8.521454015278634,30.890404053039777,2.368970102217511,0.0,0.5655056872461681,0.0,0.15751267666304977,1.6595367729669,0.010862896360168746,-714.4676745027124,0.4816565801222463,1.214285714285714,-0.14018768041638138,0.38026893966900055,0.43097197159782025,0.03280796196607285,1.1354347535728597,0.5399104169059378,-0.14580732604531016,0.18260348966552128,0.15307532066067853,Medical Instruments & Supplies,Healthcare,HAE
2015Q2,2015,Q2,2014-11-04,2014-09-27,7487000.0,227580000.0,-8707000.0,0.14,108114000.0,0.4750593198,1474545000.0,820718000.0,556959000.0,165056000.0,653827000.0,209418000.0,411199000.0,1779156419.9999998,2079093419.9999998,15.970072580802086,3.374363852268321,0.2915529875317471,0.5238193874144347,-0.005339617171513171,15.970072580802086,0.009122500054830038,7.817718692327971,59.408188192867634,2.1678048001871533,0.0,0.5704667220582758,0.0,0.15433913512303796,1.7026100232648314,0.0050774984825827625,-699.0791434184675,0.4750593197996309,2.98581560283688,-0.585377253559439,0.44831606010654357,0.41583935384273407,0.017275447411505673,3.051795012332146,-4.2262905162064826,-0.4664161583816048,0.2545472817161939,0.19693666410279995,Medical Instruments & Supplies,Healthcare,HAE
2015Q1,2015,Q1,2014-07-31,2014-06-28,-3649000.0,224488000.0,-1666000.0,-0.0705,106278000.0,0.4734239692,1476731000.0,815072000.0,569305000.0,165868000.0,661659000.0,207487000.0,409307000.0,1843014419.9999998,2134012419.9999998,15.752923213699,3.4322774736537487,0.2918209206686932,0.5287152546032743,-0.0011591706096547205,15.752923213699,-0.00447690510776962,8.209857186130215,-126.26845848177584,2.2611676269090335,0.0,0.5697224404420518,0.0,0.15201685344182522,1.7886271010683195,-0.0024709984418286065,-78.94009594380434,0.4734239692099355,-1.3710526315789473,-1.200244959579537,0.4449243483123578,0.43366623505448754,-0.07937387929764989,-1.3583071484681855,0.8339148639218423,-1.2141572967764818,0.3090157434758382,0.13786245666171384,Medical Instruments & Supplies,Healthcare,HAE
2014Q4,2014,Q4,2014-05-22,2014-03-29,10184000.0,241091000.0,-10031000.0,0.19,115441000.0,0.4788274967,1520847000.0,839614000.0,629645000.0,217815000.0,681233000.0,197661000.0,433347000.0,1669238350.0,1914456350.0,16.151082042896988,2.8907329614581183,0.2877916055987223,0.5212955000750344,-0.00819864524924019,16.151082042896988,0.012129383264214269,6.923685869650878,40.9769822761194,1.98810209215187,0.0,0.6356843282185155,0.0,0.15852416449517934,1.6409797305052454,0.006696268592435662,77.48042842554771,0.47882749667138136,-0.3870967741935484,-0.2635555200763701,0.594622248608558,0.567589887916297,-0.05087602463228342,-0.37483118477593613,-2.4038004750593824,-0.5155637376815112,0.41558871059966634,0.22168368665447322,Medical Instruments & Supplies,Healthcare,HAE
2014Q3,2014,Q3,2014-01-30,2013-12-28,16290000.0,242120000.0,-2947000.0,0.31,121629000.0,0.5023500743,1490083000.0,825220000.0,605522000.0,189008000.0,664863000.0,209331000.0,423163000.0,2225424600.0,2494806600.0,15.95244538952252,3.203684500126979,0.3001363011322188,0.5419500254477594,-0.002513844186530755,15.95244538952252,0.01974019049465597,9.191411696679333,34.153232044198894,2.6967652262426993,0.0,0.575600364972221,0.0,0.16248759297300888,1.732365825785152,0.010932276926855753,74.74891172914147,0.5023500743433008,-0.03125000000000003,-0.014467576753075705,0.5280652113539467,0.5696111648938477,0.014555737212638885,-0.01559100797679478,-1.8346077598414048,-0.20298922116889986,0.3223111512170284,0.22857571566370988,Medical Instruments & Supplies,Healthcare,HAE
2014Q2,2014,Q2,2013-10-30,2013-09-28,16548000.0,235755000.0,3531000.0,0.32,119884000.0,0.5085109542,1483592000.0,796473000.0,591427000.0,197534000.0,687119000.0,205251000.0,406873000.0,2057105400.0000002,2362355400.0,15.4678979258914,2.9940516569299462,0.3130227178361706,0.5830681014924549,0.0022185831738429983,15.4678979258914,0.02077659883009217,8.725606667939175,31.07785532994924,2.5827685307599886,0.0,0.5645331813243297,0.0,0.15890824431514863,1.6262111838974556,0.011154009997357764,144.35827368421053,0.5085109541685224,3.1333333333333333,0.08684673742887145,0.5712270153602089,0.5590722030070301,0.07604207805263347,3.101600203200406,1.5343523002421307,-0.256411334571949,0.3549395275176991,0.28481045572132563,Medical Instruments & Supplies,Healthcare,HAE
2014Q1,2014,Q1,2013-08-02,2013-06-29,-7874000.0,219543000.0,-6608000.0,-0.15,111412000.0,0.5074723403,1479630000.0,774378000.0,591372000.0,187795000.0,705252000.0,196673000.0,390324000.0,2118401850.0,2432626850.0,15.115418399016221,3.149029526877712,0.3247791677649142,0.6205664417119288,-0.004482815012831598,15.115418399016221,-0.010168160769030111,9.64914322023476,-67.25939325628651,2.735617295429364,0.0,0.5498009386138413,0.0,0.14837695910464102,1.716158577171916,-0.00532160067043788,6833.5543548387095,0.507472340270471,-1.6250000000000002,-1.548872963386491,0.5228714991555548,0.567268718011088,-0.09524118889069352,-1.6268609187166627,-5.403100775193798,-1.4312889329077962,0.3215710830137475,0.3452432350528812,Medical Instruments & Supplies,Healthcare,HAE
2013Q4,2013,Q4,2013-05-20,2013-03-30,12561000.0,249942000.0,-1032000.0,0.24,123140000.0,0.4926743004,1461871000.0,769182000.0,596965000.0,179798000.0,692689000.0,183784000.0,398199000.0,2137324639.9999998,2438298640.0,14.99263215343833,3.320198222449638,0.3284106463566211,0.6241617718563357,-0.0007065485220228444,14.99263215343833,0.01633033534326076,8.551282457530146,42.53890295358649,2.7786982014659727,0.0,0.6899512471161798,0.0,0.17097404627357682,1.9423519727694412,0.008592413420883238,142.1188004521577,0.49267430043770155,0.26315789473684204,-0.054843145521351985,0.8681041540579479,0.613976928947929,0.08862661892764001,0.26827544426494343,0.5671140939597316,2.18946505286043,0.48656476504071006,0.3043138013592736,Medical Instruments & Supplies,Healthcare,HAE
2013Q3,2013,Q3,2013-02-01,2012-12-29,9904000.0,247395000.0,-2384000.0,0.19,113115000.0,0.457224277,1474373000.0,779158000.0,598882000.0,177610000.0,695215000.0,180037000.0,409553000.0,2067245859.9999998,2356511860.0,15.068714100605334,3.371893474466528,0.3272218088638357,0.6191902027573355,-0.0014172780976761986,15.068714100605334,0.012711157428916856,8.356053517653953,52.1820946082391,2.6531792781438424,0.0,0.7458466870698801,0.0,0.16779675156829377,2.029885704633748,0.006717431748953623,237.28717401285581,0.45722427696598555,0.4615384615384615,-0.3194523717158411,0.8130452377656552,0.6223441400271732,0.1115642381242507,0.5127539330991294,0.6165969765197813,-0.4702094257913643,0.4651250360896283,0.32991104519511505,Medical Instruments & Supplies,Healthcare,HAE
2013Q2,2013,Q2,2012-11-07,2012-09-29,6547000.0,218178000.0,-6218000.0,0.13,101762000.0,0.466417329,1454555000.0,771966000.0,576800000.0,156194000.0,682589000.0,173506000.0,412764000.0,2061942000.0,2356542000.0,15.012952158693116,3.6928435151158174,0.331132889440413,0.6239277377501081,-0.0037803762139809387,15.012952158693116,0.008480943461240521,9.450732887825536,78.73613868947609,2.6710269623273564,0.0,0.6709623874678685,0.0,0.14999639064868636,2.2102385494961396,0.004501032961971187,293.59846219564287,0.46641732896992366,-0.3157894736842105,-0.4160221588327863,0.7933874883470601,0.7174195460257926,0.12927102637799207,-0.33105139470726475,-4.978246960972489,-0.6376380166161889,0.3876987785139759,0.33098508952226546,Medical Instruments & Supplies,Healthcare,HAE
2013Q1,2013,Q1,2012-08-08,2012-06-30,9787000.0,176475000.0,1563000.0,0.19,90113000.0,0.5106275676,928123000.0,757467000.0,540187000.0,121906000.0,170656000.0,126843000.0,410569000.0,1888545130.0,1657557130.0,14.862202252482048,4.4311764802388725,0.005450786156576229,0.006678838814100152,0.001495420165818822,14.862202252482048,0.01292069489495912,10.70148819946168,48.24116506590375,2.4932375007756113,0.0,0.6808574379350851,0.0,0.1901418238746373,2.9709530293832955,0.010544938548015727,-239.42002155172415,0.5106275676441422,-0.45714285714285713,-0.19613102314572206,0.5069658714048726,0.655018516508519,-0.04754204056610754,-0.4503538133213524,-0.9254293893129771,-0.4547551323371868,0.15315964930048812,0.35260213351417624,Medical Instruments & Supplies,Healthcare,HAE
2012Q4,2012,Q4,2012-05-22,2012-03-31,17806000.0,186670000.0,20960000.0,0.35,94611000.0,0.5068355922,911135000.0,732631000.0,527129000.0,130744000.0,178504000.0,117163000.0,400783000.0,1775655440.0000002,1550565440.0000002,14.374896990150296,4.031764363947867,0.004138793921866683,0.005147202343335185,0.023760295227871122,14.374896990150296,0.024304185872560675,9.51226999517866,24.930577333483097,2.4236695416928855,0.0,0.7857344042061061,0.0,0.20487633555949447,2.786552346570397,0.019542658332738837,100.11589084348219,0.5068355922215675,-0.027777777777777804,-0.06290745039845845,0.6624232565566899,0.5904309691133829,-0.013759889920880633,-0.02443567828183213,-0.1722939620108202,0.3133651496814946,0.2593569601648507,0.3951971206479085,Medical Instruments & Supplies,Healthcare,HAE
2012Q3,2012,Q3,2012-02-06,2011-12-31,18252000.0,191160000.0,25323000.0,0.36,95931000.0,0.5018361582,847773000.0,705233000.0,467173000.0,109368000.0,142540000.0,107913000.0,382977000.0,1535213940.0,1335493940.0,14.061351038800494,4.271569380440348,0.006666878987653535,0.008014372554886115,0.0255338730335034,14.061351038800494,0.02588080818679784,8.031041745134965,21.028023504273502,2.176888971446316,0.0,0.8824608712574018,0.0,0.22548488805375969,3.043074756784434,0.021529348068409823,97.85912417134115,0.5018361581920904,0.3333333333333332,0.14231247629505595,0.781190695015444,0.6455735997664497,0.06650435246639763,0.31498559077809796,3.9614028213166144,0.13893042679656667,0.2443574374405444,0.3835404569689971,Medical Instruments & Supplies,Healthcare,HAE
2012Q2,2012,Q2,2011-11-03,2011-10-01,13880000.0,179445000.0,5104000.0,0.27,89949000.0,0.5012622252,823722000.0,678277000.0,441100000.0,110806000.0,145445000.0,101444000.0,364726000.0,1486444640.0,1309435640.0,13.342454166338815,3.9808313629225855,0.007784179613995984,0.009453364923180352,0.005442542377643598,13.342454166338815,0.020463615897339877,8.28356677533506,26.773138328530255,2.1915008764855655,0.0,0.8822207326209535,0.0,0.2178465550270601,2.8217154305723517,0.01685034514071495,111.21088134071525,0.5012622251943493,-0.1818181818181818,10.683562680326178,0.762678853450224,0.5816847458527299,0.013532699328435571,-0.18097598394996164,-0.5755862298353567,-0.07661960501538068,0.2113726855050767,0.34484010111124347,Medical Instruments & Supplies,Healthcare,HAE
2012Q1,2012,Q1,2011-08-10,2011-07-02,16947000.0,170569000.0,12026000.0,0.33,88748000.0,0.5203055655,853406000.0,712456000.0,468269000.0,103018000.0,140950000.0,94960000.0,390577000.0,1693099800.0,1480720800.0,13.844312308110839,4.545506610495253,0.005287049774667626,0.00633302267087371,0.011997595126118574,13.844312308110839,0.02378673209292925,9.92618705626462,24.976394052044608,2.376427175853667,0.0,0.8616364785172704,0.0,0.19986852682076292,3.2775825583878544,0.01985807458583605,110.44356164383562,0.5203055654896259,-0.17500000000000002,0.5667606116158915,0.6112024438313111,0.6127491467220179,0.014251265699820574,-0.1925385934819897,-0.5838034261983042,0.17602195697125708,0.17784987558315918,0.4354718493462403,Medical Instruments & Supplies,Healthcare,HAE
2011Q4,2011,Q4,2011-05-26,2011-04-02,20988000.0,170033000.0,28895000.0,0.4,87501000.0,0.5146118695,833264000.0,686136000.0,448831000.0,108671000.0,147128000.0,84387000.0,373630000.0,1727491499.9999998,1535663499.9999998,13.22034682080925,4.130181925260649,0.005855287159891703,0.0071108351697039655,0.030716069252777593,13.22034682080925,0.030588687956906502,10.159742520569536,20.577133361921096,2.5177100458218193,0.0,0.9780179411520732,0.0,0.2040565775072486,2.980307533748654,0.025187695616275273,84.4491347281971,0.5146118694606341,0.025641025641025664,0.3080670840949839,0.6470600709433572,0.6613364622549832,-0.06406032730773345,0.06354515050167224,0.7810034516765286,0.561113923710831,0.25625826490214154,0.423188039505314,Medical Instruments & Supplies,Healthcare,HAE
2011Q3,2011,Q3,2011-02-08,2011-01-01,19734000.0,176789000.0,16224000.0,0.39,93490000.0,0.5288224946,783389000.0,648524000.0,406017000.0,105530000.0,134865000.0,81915000.0,352642000.0,1577794140.0,1420694140.0,12.984503263524607,3.8474083199090305,0.0158771695798639,0.019178935552115264,0.017315777600671278,12.984503263524607,0.03042909745822822,8.924730271679799,19.988270750988143,2.4329001548130833,0.0,1.0168955624732956,0.0,0.22567204798637713,2.7471903724059508,0.02519055028855396,43.667500830288944,0.5288224946122213,-0.09302325581395345,-0.2533075270581986,0.7780242956875669,0.6451403103325041,0.06535240157255996,-0.0751710563314275,0.06568575932737783,0.40382071045535073,0.34128661253038023,0.39795158631993854,Medical Instruments & Supplies,Healthcare,HAE
2011Q2,2011,Q2,2010-11-10,2010-10-02,21338000.0,166833000.0,15224000.0,0.43,87755000.0,0.526005047,737737000.0,594392000.0,362223000.0,113751000.0,143345000.0,86009000.0,332907000.0,1445859020.0,1346935020.0,12.039050473952848,3.1843500276920644,0.02185738278004221,0.027128561622632875,0.01824786665455289,12.039050473952848,0.03589886808705366,8.666504948061835,16.939954775517855,2.4325008075478807,0.0,0.919415410015231,0.0,0.22614156535459112,2.0818805988518783,0.028923586589800973,66.03302064303982,0.5260050469631308,0.22857142857142862,1.0845335365595257,0.7751648851441795,0.6411658476952119,0.014942807906272048,0.19086951668713026,0.28137362174901104,0.9822530289108555,0.42822453887837914,0.377217510653652,Medical Instruments & Supplies,Healthcare,HAE
2011Q1,2011,Q1,2010-08-11,2010-07-03,17918000.0,163039000.0,11881000.0,0.35,86463000.0,0.5303209661,694164000.0,564956000.0,323546000.0,102688000.0,129208000.0,84571000.0,311568000.0,1395772800.0,1323107800.0,11.236197295147177,3.1507673730134,0.01556116422055883,0.019120073067637126,0.01516903392727055,11.236197295147177,0.03171574423494927,8.560974981446156,19.474450273468022,2.4705867359581983,0.0,0.9054640479597025,0.0,0.2348710103088031,1.931101978809598,0.025812344057023987,-822.0098939929329,0.5303209661492035,3.516129032258064,0.4537807156051539,0.6519067644730552,0.5851413559177914,-0.018848440833371158,3.523605150214592,-0.3221702418986764,0.49179962408508715,0.4112274327667437,0.2512354671735065,Medical Instruments & Supplies,Healthcare,HAE
2010Q4,2010,Q4,2010-06-01,2010-04-03,3961000.0,169104000.0,17528000.0,0.0775,88124000.0,0.5211230958,760660000.0,593124000.0,386143000.0,136497000.0,167536000.0,79953000.0,334641000.0,1457184000.0,1336273000.0,11.494651162790698,2.828948621581427,0.02714879183866642,0.03481734005030988,0.029093887537037625,11.494651162790698,0.006678198825203499,8.617087709338632,91.97071446604392,2.456794869201044,0.0,1.012845046464798,0.0,0.22231220256093392,1.9066060059928056,0.005207319958982989,57.68969476226295,0.5211230958463431,-0.7847222222222222,-0.5844355157012235,0.7635794995260443,0.7413440876234094,0.031329362060692596,-0.7833861970906705,0.18360456479168075,-0.7941021524018862,0.48748230189972497,0.27176210034645554,Medical Instruments & Supplies,Healthcare,HAE
2010Q3,2010,Q3,2010-02-03,2009-12-26,18286000.0,165169000.0,14809000.0,0.36,85447000.0,0.517330734,702212000.0,573080000.0,394107000.0,107145000.0,129132000.0,78806000.0,330680000.0,1409355970.0,1260272970.0,11.330618055280953,3.6782584348313034,0.028353260838607144,0.03474209534445453,0.017995205032772313,11.330618055280953,0.03190828505618762,8.532811665627326,19.268237586131463,2.459265669714525,0.0,1.0116234804456514,0.0,0.2352124429659419,2.648047039059219,0.02604056894499097,68.72895591534186,0.5173307339755039,0.0285714285714286,0.6835763169385418,0.7062844979750046,0.7287726612315941,0.05533118430965702,0.013074792243767314,-0.10166818319684562,0.13484643845392447,0.5261100725704665,0.3260010285894942,Medical Instruments & Supplies,Healthcare,HAE
2010Q2,2010,Q2,2009-11-04,2009-09-26,18050000.0,157070000.0,16485000.0,0.35,80967000.0,0.5154835424,714294000.0,579432000.0,406125000.0,112823000.0,134862000.0,77136000.0,339323000.0,1432966150.0,1274799150.0,11.279579521121278,3.599664961931521,0.028216672686596837,0.03478406439409629,0.01903587825008884,11.279579521121278,0.031151196344005854,9.123105303367925,19.847176592797783,2.4730531796656035,0.0,0.9866080688653807,0.0,0.21989544921278914,2.6323533322106307,0.02526970687140029,59.46657882723991,0.5154835423696441,0.0,1.000217260933672,0.6987867922588998,0.8400445612013022,-0.023823589694127293,-0.0012726166104133237,0.0035918665530256908,14.035741073726806,0.5268517867377095,0.3371407273183749,Medical Instruments & Supplies,Healthcare,HAE
2010Q1,2010,Q1,2009-08-05,2009-06-27,18073000.0,154087000.0,16426000.0,0.35,82943000.0,0.538286812,691943000.0,563853000.0,396154000.0,104052000.0,128090000.0,76097000.0,327589000.0,1467381020.0,1315919020.0,10.987859536986514,3.8072694422019757,0.0323148004965727,0.03965572587181411,0.019526318526026463,10.987859536986514,0.03205268039719572,9.523068266628593,20.29797238975267,2.602417686879382,0.0,0.9349120201847642,0.0,0.2226874178942485,2.767683465959328,0.02611920346040064,325.9398089737894,0.5382868119958205,0.2962962962962961,0.8043479132293038,0.5968613247174788,0.8762361634370724,0.009677654964210936,0.2965779467680608,-0.09413775988529201,0.6756137981403392,0.45965383403311355,0.27999576275049415,Medical Instruments & Supplies,Healthcare,HAE
2009Q4,2009,Q4,2009-05-22,2009-03-28,13939000.0,152397000.0,18133000.0,0.27,82148000.0,0.5390394824,649693000.0,539884000.0,382393000.0,92863000.0,109809000.0,76522000.0,309516000.0,1434712000.0,1284029000.0,10.303129770992367,4.117818722203676,0.009293620217548903,0.011183883945440131,0.025210400830421534,10.303129770992367,0.025818509161227226,9.414306055893489,25.73197503407705,2.657444932615154,0.0,0.9180235749196309,0.0,0.2345677112112952,2.9109440789119456,0.021454748627428646,43.48007394611631,0.5390394824045093,-0.12903225806451607,0.4210729244781152,0.5148687637049894,0.8746422877061631,0.04919791560232962,-0.140416872224963,-0.2596055693928382,-0.13954799532677437,0.46213916439544467,0.2947440332618055,Medical Instruments & Supplies,Healthcare,HAE
2009Q3,2009,Q3,2009-02-03,2008-12-27,16216000.0,155447000.0,24491000.0,0.31,78296000.0,0.5036829273,622348000.0,515788000.0,353892000.0,85534000.0,106560000.0,73557000.0,295576000.0,1400953750.0,1285584750.0,10.163310344827586,4.137442420557907,0.01599748050929705,0.019302504129603635,0.032159656476348296,10.163310344827586,0.0314392734999651,9.012420632112553,21.59832495683276,2.7161425818359484,0.0,1.0488600677025979,0.0,0.24977504547295082,2.921645193724133,0.026056161504495877,100.16829329329329,0.5036829272999801,0.10714285714285703,0.6822343312836973,0.6553007752443849,0.8861289722094762,0.048293590756336276,0.09515769568447356,0.03735863441907747,-0.3961416840594822,0.5386132318523713,0.28769435344241173,Medical Instruments & Supplies,Healthcare,HAE
2009Q2,2009,Q2,2008-11-06,2008-09-27,14807000.0,145919000.0,23609000.0,0.28,74689000.0,0.5118524661,600710000.0,496815000.0,341468000.0,87186000.0,103895000.0,73181000.0,279360000.0,1525064580.0,1427485580.0,9.921219745986102,3.916546234487188,0.02289291005643322,0.02768032366172519,0.030018271563709648,9.921219745986102,0.029803850527862483,10.451446213310124,25.749047410008778,3.0696830409709848,0.0,0.9733400746095298,0.0,0.24291088878160844,2.681978758057486,0.024649165154567096,131.98308784076158,0.511852466094203,0.03703703703703707,1.5958347860842057,0.6067230516272177,0.99542894060559,0.022618672727521667,0.03249424726309184,0.22111306506672185,0.4261767157319686,0.5308042995886598,0.3524627253469498,Medical Instruments & Supplies,Healthcare,HAE
2009Q1,2009,Q1,2008-08-06,2008-06-28,14341000.0,144116000.0,19334000.0,0.27,73037000.0,0.5067931389,608229000.0,493930000.0,353810000.0,97280000.0,114299000.0,71196000.0,291462000.0,1478804250.0,1373427250.0,9.644433162807045,3.6370271381578947,0.024513793324553744,0.030186463668940944,0.026791085465018592,9.644433162807045,0.029034478569837832,10.261207985234117,25.779308451293492,2.9939551150972807,0.0,0.9983566492499578,0.0,0.2369436511577054,2.551583059210526,0.023578290413643545,1021.9794402211472,0.5067931388603625,0.03846153846153849,1.7044541200694696,0.5340029203586025,0.9968765316763333,0.04660027226481336,0.04063565778971047,-0.047445435286002854,0.14233998637272086,0.4335498516932948,0.36058396441233254,Medical Instruments & Supplies,Healthcare,HAE
2008Q4,2008,Q4,2008-05-27,2008-03-29,13781000.0,138739000.0,20297000.0,0.26,69785000.0,0.502994832,608950000.0,494188000.0,359434000.0,97677000.0,114762000.0,65388000.0,302196000.0,1561420000.0,1440230000.0,9.289248120300751,3.6798222713637805,0.020302159454799244,0.0250167952277271,0.0258395463793878,9.289248120300751,0.027886148591224392,11.254369715797289,28.325593208040058,3.1595668045359258,0.0,1.0545360004893864,0.0,0.22783315543148042,2.5984110896116794,0.022630757861893423,93.93695102875706,0.5029948320227189,-0.03703703703703707,1.817805206561187,0.570252077381297,1.0264847828032388,0.04848402896721656,-0.039919186289536016,0.03571975302342195,0.4023369704196091,0.4033881026647638,0.4072438618333321,Medical Instruments & Supplies,Healthcare,HAE
2008Q3,2008,Q3,2008-02-07,2007-12-29,14354000.0,134587000.0,19597000.0,0.27,66558000.0,0.4945351334,565532000.0,473700000.0,327256000.0,80382000.0,91832000.0,63847000.0,288799000.0,1591455000.0,1487006000.0,9.288235294117648,4.07125973476649,0.021940403018750488,0.026193793540215327,0.02769808533371807,9.288235294117648,0.03030187882626135,11.82473047173947,27.717970600529465,3.3596263457884734,0.0,1.065500336742525,0.0,0.23798299654130978,2.8074444527381752,0.025381410777816287,165.191509238115,0.49453513340813005,0.28571428571428586,0.3217070781149031,0.47192911105784224,1.0397143364540842,0.11135600861593949,0.2853944658368407,0.34079091406677614,0.3106251886054686,0.3788514950435719,0.4171554604713777,Medical Instruments & Supplies,Healthcare,HAE
2008Q2,2008,Q2,2007-11-08,2007-09-29,11167000.0,121179000.0,14616000.0,0.21,59889000.0,0.4942192954,548690000.0,447726000.0,361001000.0,89935000.0,100964000.0,66069000.0,274442000.0,1265596780.0,1134891780.0,8.741575227459096,4.014021237560461,0.04424720698390713,0.054225128761787346,0.020821021625514784,8.741575227459096,0.024941593742601503,10.444027265450284,28.333410495209097,2.826721655655468,0.0,0.9276665304454434,0.0,0.22085148262224572,2.8451548340468116,0.020352111392589623,-138.9239055982437,0.49421929542247417,-0.0869565217391305,0.5848572663717159,0.33988234731781547,1.0188747376243887,-0.02610010732754415,-0.11911335489469117,-0.07370555802015337,0.24114759632279023,0.3144980501375846,0.42601840108479355,Medical Instruments & Supplies,Healthcare,HAE
2008Q1,2008,Q1,2007-08-09,2007-06-30,12677000.0,121936000.0,15779000.0,0.23,61494000.0,0.5043137384,578104000.0,476555000.0,403066000.0,86115000.0,101549000.0,68209000.0,302515000.0,1395953740.0,1205020740.0,8.98008215873973,4.680555071706439,0.043457578567178225,0.052717944413551425,0.02163208836682289,8.98008215873973,0.02660133667677393,11.448249409526309,27.529260471720438,2.9292605050833584,0.0,0.8861293964139629,0.0,0.21092398599559942,3.5762991348777797,0.021928580324647468,510.7770728137578,0.5043137383545466,-0.37837837837837834,0.7853931389845292,0.4200026568683749,1.0785471242786584,0.053935935009512055,-0.3592620672226434,-0.16680747703030943,0.22384551151141913,0.22194940186404985,0.5333973682634466,Medical Instruments & Supplies,Healthcare,HAE
2007Q4,2007,Q4,2007-05-25,2007-03-31,19785000.0,116919000.0,18938000.0,0.37,58347000.0,0.4990377954,572735000.0,479648000.0,403671000.0,82017000.0,93087000.0,61797000.0,315767000.0,1240464500.0,1040113500.0,9.038365870204267,4.921796700684005,0.05041773245916523,0.06020248182000133,0.025928286508539358,9.038365870204267,0.041248999266128496,10.609605795465237,15.67430502906242,2.58619758656348,0.0,0.9478130006310986,0.0,0.20414153142378239,3.9145421071241326,0.03454477201498075,128.9062142782916,0.4990377953968132,0.1935483870967742,1.6039084559926842,0.49939580584902443,1.0532719817965643,0.03417288502100356,0.17057152999645012,0.11367244927962364,0.9916791089195196,0.14757809949054018,0.6445199903963809,Medical Instruments & Supplies,Healthcare,HAE
2007Q3,2007,Q3,2007-02-07,2006-12-30,16902000.0,113527000.0,17005000.0,0.31,56419000.0,0.4969654796,549868000.0,453344000.0,398513000.0,85949000.0,96524000.0,59680000.0,295982000.0,,,,,,,,,,,,,,,,,,,,,,,,,,,,,,,Medical Instruments & Supplies,Healthcare,HAE
2007Q2,2007,Q2,2006-11-08,2006-09-30,1266000.0,108487000.0,23022000.0,0.025,55161000.0,0.5084572345,561432000.0,456990000.0,413805000.0,88115000.0,104442000.0,58925000.0,301622000.0,,,,,,,,,,,,,,,,,,,,,,,,,,,,,,,Medical Instruments & Supplies,Healthcare,HAE
2007Q1,2007,Q1,2006-08-09,2006-07-01,11308000.0,110674000.0,15043000.0,0.2,57373000.0,0.5183963713,568234000.0,461835000.0,433277000.0,89582000.0,106399000.0,55561000.0,314153000.0,,,,,,,,,,,,,,,,,,,,,,,,,,,,,,,Medical Instruments & Supplies,Healthcare,HAE
