Quarters,Year,Quarter,FillingDate,Date,NetIncome,Revenue,OperatingIncome,EPSDiluted,GrossProfit,GrossProfitRatio,TotalAssets,CommonStockEquity,CurrentAssets,CurrentLiability,TotalLiability,Inventory,RetainedEarnings,MarketCap,EnterpriseValue,bookValuePerShare,currentRatio,debtToAssets,debtToEquity,roic,shareholdersEquityPerShare,roe,priceToSalesRatio,peRatio,pbRatio,payoutRatio,inventoryTurnover,dividendYield,assetTurnover,quickRatio,returnOnAssets,priceToFreeCashFlowsRatio,grossProfitMargin,epsdilutedGrowth,fiveYNetIncomeGrowthPerShare,fiveYRevenueGrowthPerShare,fiveYShareholdersEquityGrowthPerShare,grossProfitGrowth,netIncomeGrowth,operatingIncomeGrowth,threeYNetIncomeGrowthPerShare,threeYRevenueGrowthPerShare,threeYShareholdersEquityGrowthPerShare,Industry,Sector,Symbol
2023Q4,2023,Q4,2023-05-05,2023-03-31,-240552000.0,285869000.0,89671000.0,-4.83,153764000.0,0.5378827365,3353729000.0,1447084000.0,391743000.0,160715000.0,1906645000.0,162121000.0,1131858000.0,3118786110.0,4427388110.0,29.05966222864831,2.4375011666614816,0.4076331152576729,0.9447212463132755,0.02539837762638935,29.05966222864831,-0.16623222978071764,10.909843704633941,-3.2412805859024245,2.1552211965580437,0.0,0.8148543371925907,0.0,0.08523914722984476,1.403135986062284,-0.07172672568356,55.26920749968988,0.5378827364981862,-5.644230769230769,-5.4670394654364145,0.19160217643596283,0.3099913575061414,0.02235342615124799,-5.630363226886874,0.028525876307579374,-7.567658367864205,0.15087942244629568,0.24994385639809136,Medical Distribution,Healthcare,PBH
2023Q3,2023,Q3,2023-02-02,2022-12-31,51951000.0,275524000.0,87184000.0,1.04,150402000.0,0.5458762213,3749774000.0,1686863000.0,408847000.0,160176000.0,2062911000.0,158522000.0,1372410000.0,3110781800.0,4472132800.0,33.94568651520335,2.5524860153830784,0.3860790010277953,0.8582255938982597,0.021054138990941135,33.94568651520335,0.030797403227173753,11.29042043524339,14.969787877037977,1.8441223738975838,0.0,0.7893036928628203,0.0,0.07347749491035993,1.5198219458595545,0.013854434960613626,58.540465571425884,0.5458762213092144,0.01960784313725492,-0.8235566598104017,0.08853900305375507,0.4813911347086039,-0.06587830493947543,0.01818787605589636,0.033181645809632156,0.38386477775686834,0.15636384095704708,0.478707019027262,Medical Distribution,Healthcare,PBH
2023Q2,2023,Q2,2022-11-03,2022-09-30,51023000.0,289273000.0,84384000.0,1.02,161009000.0,0.5565987838,3678514000.0,1619841000.0,336653000.0,152308000.0,2058673000.0,140505000.0,1320459000.0,2481733320.0,3902948320.0,32.52431531603887,2.2103435144575467,0.3978935515808829,0.903580660077131,0.020797079885572545,32.52431531603887,0.03149877055834492,8.579208291129833,12.159875546322246,1.5320845194065342,0.0,0.9128785452475001,0.0,0.0786385480658766,1.2371904299183234,0.013870546639213553,44.98827713726343,0.5565987838477839,-0.06422018348623859,0.7716210312704583,0.19524894340560645,0.927501818875975,0.005558365965313298,-0.07687436676798379,-0.030225021260946516,0.5544909731942552,0.23096310982886428,0.47468464784077985,Medical Distribution,Healthcare,PBH
2023Q1,2023,Q1,2022-08-04,2022-06-30,55272000.0,277059000.0,87014000.0,1.09,160119000.0,0.5779238357,3682234000.0,1584743000.0,324615000.0,155349000.0,2097491000.0,133768000.0,1269436000.0,2955523200.0,4419661200.0,31.52839010027057,2.0895853851650155,0.4073633017347621,0.9465301313840793,0.021796201578256822,31.52839010027057,0.0348775795192028,10.667486708607193,13.368085106382978,1.8649858052693717,0.0,0.8742001076490641,0.0,0.07524209488044487,1.1671784176274067,0.015010452893542345,51.66998601398601,0.5779238357173021,0.06862745098039222,0.7276099567428916,0.13943984551270472,0.9477125354094191,0.07562037323158362,0.06116806819490842,0.1238488860187278,0.675689769366309,0.22745162800679314,0.4795653168222593,Medical Distribution,Healthcare,PBH
2022Q4,2022,Q4,2022-05-06,2022-03-31,52086000.0,266936000.0,77425000.0,1.02,148862000.0,0.5576692541,3670681000.0,1577611000.0,293267000.0,143422000.0,2093070000.0,120342000.0,1214164000.0,2666217220.0,4145391220.0,31.324801937930623,2.0447839243630686,0.41037589482714515,0.9548355076124596,0.021244617720535614,31.324801937930623,0.03301574342470989,9.988226466269069,12.797187440003071,1.6900346283082457,0.0,0.9811537119210251,0.0,0.07272111087833566,1.161014349263014,0.014189737544613655,44.46289035270574,0.5576692540534061,0.03030303030303033,3.943419653388536,0.16740946406571966,1.0187203752332863,-0.03997162388752741,0.037259782933386436,-0.06057002802819807,1.3854846834655132,0.14156179066219562,0.4839269177472206,Medical Distribution,Healthcare,PBH
2022Q3,2022,Q3,2022-02-03,2021-12-31,50215000.0,274470000.0,82417000.0,0.99,155060000.0,0.5649433454,3659408000.0,1518320000.0,275266000.0,135127000.0,2141088000.0,106273000.0,1162078000.0,3050876950.0,4591531950.0,30.183488062342207,2.0370910328801792,0.42675563916349313,1.0285532694030244,0.0203097166491858,30.183488062342207,0.033072738289688604,11.115520639778483,15.189071741511501,2.009376778281258,0.0,1.1236155938008714,0.0,0.07500393506272053,1.1491485787444404,0.013722164896617157,47.619356777174254,0.5649433453565053,0.11235955056179772,0.6720800107852216,0.3340850519444063,0.9999758504533618,-0.016815461093639038,0.10788747931605075,0.04912294101173655,0.35693765422850704,0.17259187958498745,0.26990847943620744,Medical Distribution,Healthcare,PBH
2022Q2,2022,Q2,2021-11-04,2021-09-30,45325000.0,276225000.0,78558000.0,0.89,157712000.0,0.5709548375418589,3675818000.0,1461647000.0,304810000.0,148940000.0,2214171000.0,107918000.0,1111863000.0,2819522160.0,4407883160.0,29.09792562509954,2.0465288035450517,0.4437594570786693,1.115986965389044,0.019107772621751173,29.09792562509954,0.03100953923895441,10.207338799891392,15.551694208494208,1.9290034871620851,0.0,1.09817639318742,0.0,0.07514653881122514,1.2714583053578623,0.01233058872882172,48.24479244379042,0.5709548375418589,-0.21929824561403502,0.48520847736142436,0.3550569015257183,0.990584494282376,-0.008175483611299775,-0.21521946151848326,-0.13995752227890784,0.5167089927598949,0.19099448271788366,0.26417827988279385,Medical Distribution,Healthcare,PBH
2022Q1,2022,Q1,2021-08-05,2021-06-30,57755000.0,269181000.0,91342000.0,1.14,159012000.0,0.5907251997726437,3559114000.0,1416247000.0,408524000.0,125046000.0,2142867000.0,105546000.0,1066538000.0,2612241900.0,4027036900.0,28.246414966393427,3.26698974777282,0.44348649692030095,1.1145082743335026,0.022814961477298005,28.246414966393427,0.04078031586298153,9.704406700324316,11.30742749545494,1.8444818594496581,0.0,1.0438008072309704,0.0,0.07563146333609994,2.350894870687587,0.01622735321206345,38.52580045719342,0.5907251997726437,0.6285714285714286,12.013108580745419,0.35465566869278176,1.0254063085528315,0.16019729161802476,0.6262600664526665,0.2876496045787107,0.7592960079075105,0.11271795521137283,0.27990173546615665,Medical Distribution,Healthcare,PBH
2021Q4,2021,Q4,2021-05-07,2021-03-31,35514000.0,237761000.0,70937000.0,0.7,137056000.0,0.5764444126665013,3429273000.0,1358298000.0,269835000.0,122138000.0,2070975000.0,114959000.0,1008783000.0,2205366480.0,3687685480.0,27.149127540924628,2.2092632923414497,0.44167408077455483,1.115087410862712,0.021458722344405653,27.149127540924628,0.026145956189289832,9.275560247475406,15.524627470856563,1.6236249188322442,0.0,0.8760079680581773,0.0,0.06933277111504392,1.2033355712390903,0.010356130876719351,40.69617611780554,0.5764444126665013,-0.13580246913580257,1.6910857776789183,0.20794241466516492,0.9270461933450362,-0.013183379293958398,-0.1311134489760967,-0.03412169982163038,1.9502986793588233,-0.013564166467449436,0.22386565138329584,Medical Distribution,Healthcare,PBH
2021Q3,2021,Q3,2021-02-04,2020-12-31,40873000.0,238788000.0,73443000.0,0.81,138887000.0,0.5816330803892993,3468769000.0,1323221000.0,301211000.0,126163000.0,2145548000.0,117011000.0,973269000.0,1750892439.9999998,3274137440.0,26.352684617222973,2.3874749332213088,0.45703475786366865,1.1980976722709207,0.018988396923903417,26.352684617222973,0.030889020050316615,7.332413856642711,10.709346267707287,1.3232048463559754,0.0,0.8537744314637086,0.0,0.06883940671748393,1.411721344609751,0.011783142665308645,40.25132623738476,0.5816330803892993,-0.07954545454545449,0.5359596525235591,0.25482463329234645,0.9308931034571438,0.008905935595411918,-0.08333894009733342,0.007407102588370849,-0.8626161855680686,-0.06634859736207314,0.15003222427808524,Medical Distribution,Healthcare,PBH
2021Q2,2021,Q2,2020-11-05,2020-09-30,44589000.0,237422000.0,72903000.0,0.88,137661000.0,0.5798156868360977,3434306000.0,1278217000.0,269853000.0,136120000.0,2156089000.0,114026000.0,932396000.0,1833018600.0,3393452600.0,25.396721637194517,1.9824640023508668,0.46211286938321744,1.2416021692717276,0.02156820846599169,25.396721637194517,0.034883748221154934,7.720508630202762,10.277302697974838,1.4340433588350021,0.0,0.8748969533264344,0.0,0.06913245354374363,1.0932265647957684,0.012983409166218735,42.556093144197064,0.5798156868360977,0.023255813953488393,0.47092764586105995,0.20878313735224321,0.9555425663812617,0.028333881136642064,0.02020317576534114,-0.09006602678515709,0.5320391503036479,-0.0292470433051989,0.505096315587594,Medical Distribution,Healthcare,PBH
2021Q1,2021,Q1,2020-08-06,2020-06-30,43706000.0,229394000.0,80119000.0,0.86,133868000.0,0.5835723689372869,3450147000.0,1227014000.0,295564000.0,131929000.0,2223133000.0,116811000.0,887807000.0,1887915840.0,3485371840.0,24.41138787203565,2.2403262360815286,0.4798047735357363,1.349126415835516,0.020636267925379773,24.41138787203565,0.035619805478992086,8.230014036984402,10.798951173751888,1.5386261607447023,0.0,0.8177825718468295,0.0,0.06648818151806285,1.2905805395326273,0.012667866035852965,26.003992231511962,0.5835723689372869,0.17808219178082194,0.7457686921251263,0.24819228907692412,0.9356015624901608,-0.06977972343826003,0.1797764940884306,0.08390492038367357,0.36609713361927954,-0.05658843812494313,0.5080492855452606,Medical Distribution,Healthcare,PBH
2020Q4,2020,Q4,2020-05-08,2020-03-31,37046000.0,251235000.0,73917000.0,0.73,143910000.0,0.5728103170338528,3513905000.0,1170971000.0,365654000.0,149881000.0,2342934000.0,116026000.0,844101000.0,1847461560.0,3519336560.0,23.248773998848453,2.4396287721592462,0.49241513359069183,1.4776625552639646,0.018445899497778546,23.248773998848453,0.031636991864017125,7.353519851931458,12.467348431679532,1.5777176035956484,0.0,0.9250081878199714,0.0,0.07149737969580851,1.6364782727630587,0.010542686839854806,38.600563297883454,0.5728103170338528,-0.02666666666666669,0.6199289842540608,0.37417417843357353,0.9393981292680166,0.04665624204516528,-0.026590992695359715,-0.03255065179833517,2.515712101488868,0.09865594802731478,0.49826242680370114,Medical Distribution,Healthcare,PBH
2020Q3,2020,Q3,2020-02-06,2019-12-31,38058000.0,241552000.0,76404000.0,0.75,137495000.0,0.5692149102470689,3464202000.0,1156494000.0,300369000.0,149036000.0,2307708000.0,121363000.0,807055000.0,2040309000.0,3751492000.0,22.956330144110524,2.0154123835851743,0.49111252750272644,1.4710953969497464,0.019859476109977618,22.956330144110524,0.0329080825322051,8.44666572829039,13.402628882232383,1.7642192696200758,0.0,0.8574029976187141,0.0,0.0697280354898473,1.1614173756676238,0.010986079911044448,37.2557107641742,0.5692149102470689,0.1538461538461538,0.8547575603877321,0.2684943960034517,0.9708295394660037,0.005440545224532179,0.14453265968964274,0.10174770721578127,0.26538451133645063,0.17233636828984158,0.5211000732727396,Medical Distribution,Healthcare,PBH
2020Q2,2020,Q2,2019-10-31,2019-09-30,33252000.0,238069000.0,69348000.0,0.65,136751000.0,0.5744175008085891,3464760000.0,1112790000.0,304886000.0,146894000.0,2351970000.0,126362000.0,768997000.0,1750283950.0,3511022950.0,22.05509860271529,2.0755510776478276,0.5062893245130976,1.5763720019051213,0.018057927792789776,22.05509860271529,0.029881648828619954,7.352002780706433,13.159238166125347,1.5728789349293217,0.0,0.8018075054209335,0.0,0.06871154134774125,1.1607485669938868,0.00959720153776885,37.75662683089932,0.5744175008085891,0.0,1.0851738290467634,0.3558535440352683,0.9338898220794158,0.020019840825855728,-0.019837877671333826,-0.029907954004979996,0.08478491695442557,0.16271602330221058,0.5087858105102904,Medical Distribution,Healthcare,PBH
2020Q1,2020,Q1,2019-08-01,2019-06-30,33925000.0,232154000.0,71486000.0,0.65,134067000.0,0.5774916650154639,3460710000.0,1101623000.0,310521000.0,143491000.0,2359087000.0,129388000.0,735745000.0,1681186440.0000002,3449149440.0,21.309224906667698,2.1640451317504232,0.514166168214037,1.61523497603082,0.018168485872466313,21.309224906667698,0.030795471772103525,7.241686294442483,12.38899366249079,1.5260996184720184,0.0,0.7580842118279902,0.0,0.0670827662531677,1.1984654089803541,0.009802901716699753,33.080546230888814,0.5774916650154639,1.2425373134328357,1.0377099544125963,0.6013306796981953,0.8899434271881812,-0.03022872271168786,1.243584588652584,1.4658616217766163,7.274086696577989,0.13310723824636034,0.5279758018030221,Medical Distribution,Healthcare,PBH
2019Q4,2019,Q4,2019-05-13,2019-03-31,-139274000.0,241026000.0,-153449000.0,-2.68,138246000.0,0.573572975529611,3441036000.0,1095831000.0,300938000.0,126979000.0,2345205000.0,119880000.0,701820000.0,1523617200.0,3294685200.0,21.109396671289876,2.369982438040936,0.5226908407816716,1.6413096544996446,-0.04124253949045018,21.109396671289876,-0.12709441510597894,6.321381095815389,-2.734927552881371,1.3903760707627362,0.0,0.8573573573573574,0.0,0.07004460284635208,1.3885524378046763,-0.04047443851212251,32.072100366269524,0.573572975529611,-4.671232876712329,-9.700895266418327,0.6702097903606206,0.9444581110892601,-0.007103099077099867,-4.649068567086751,-2.978940173585587,-11.17113507432166,0.18016010140697744,0.4983458469484991,Medical Distribution,Healthcare,PBH
2019Q3,2019,Q3,2019-02-07,2018-12-31,38167000.0,241414000.0,77541000.0,0.73,139235000.0,0.5767478273836646,3668082000.0,1233120000.0,293177000.0,128816000.0,2434962000.0,120368000.0,841094000.0,1602085280.0,3419701280.0,23.768238854301188,2.275936219103217,0.5022483139689898,1.4940054495912807,0.01887037671692235,23.768238854301188,0.030951570001297522,6.636256720819836,10.493916734351666,1.2992127935642923,0.0,0.8488884088794364,0.0,0.06581477731413857,1.2828841137746865,0.010405165424328027,38.8243130982673,0.5767478273836646,0.23728813559322037,11.17630197343355,0.6487361370898033,1.2637624823708895,0.012824429702048418,0.23754093576732271,0.09329705036376967,0.388131146387219,0.22781284142411903,0.7415276337765605,Medical Distribution,Healthcare,PBH
2019Q2,2019,Q2,2018-11-01,2018-09-30,30841000.0,239357000.0,70924000.0,0.59,137472000.0,0.5743387492323182,3697695000.0,1193238000.0,314500000.0,145973000.0,2504457000.0,113569000.0,802927000.0,1945592730.0,3804517730.0,23.01726432746282,2.1545080254567623,0.5127072405917741,1.5888154752027677,0.016271013055617442,23.01726432746282,0.02584647823820562,8.128413750172337,15.771154712882202,1.6305152283115356,0.0,0.897119812624924,0.0,0.06473140699814343,1.3068101635233913,0.008340601374640147,53.08574979536153,0.5743387492323182,-0.09230769230769238,-0.06635392637665215,0.41064415174535274,1.18851380518542,-0.02240742979455708,-0.1051761155921778,-0.021562487066646433,-0.012253295502808972,0.1831154529324724,0.7723248219597659,Medical Distribution,Healthcare,PBH
2019Q1,2019,Q1,2018-08-02,2018-06-30,34466000.0,253980000.0,72487000.0,0.65,140623000.0,0.55367745491771,3768720000.0,1161723000.0,314478000.0,142260000.0,2606997000.0,118957000.0,772086000.0,2020323200.0000002,3979857200.0,22.069205927051673,2.2105862505272036,0.5290398331529007,1.7162464718353687,0.017041194817911203,22.069205927051673,0.029668001752569242,7.9546546972202545,14.65446527012128,1.739074805267693,0.0,0.9529241658750641,0.0,0.06739158122651723,1.2980388021931675,0.009145280095098601,37.84581608377199,0.55367745491771,1.8666666666666665,0.6207986457330176,0.7285908715859843,1.2594523526275472,-0.004488273147525432,1.8684455867160532,4.176050475397625,0.3145517544763235,0.3195933732109327,0.7498877859481643,Medical Distribution,Healthcare,PBH
2018Q4,2018,Q4,2018-05-10,2018-03-31,-39687000.0,255965000.0,-22823000.0,-0.75,141257000.0,0.5518606059422186,3760612000.0,1178610000.0,303477000.0,123199000.0,2582002000.0,118547000.0,736277000.0,1791577320.0,3751981320.0,22.183094615196403,2.4633073320400327,0.5299541670345146,1.6909342360916673,-0.005433452988673268,22.183094615196403,-0.03367271616565276,6.999305842595668,-11.28566860684859,1.5200764629521215,0.0,0.9676162197271968,0.0,0.06806471925314284,1.4077143483307495,-0.010553335467737698,34.7460788953105,0.5518606059422186,-1.1275510204081634,-2.974521750140669,0.594732098485447,1.3739206145574903,-0.04345382396359549,-1.1260733243750656,-1.273319521454319,-2.6451330173016014,0.32721206463928854,0.8504998242151717,Medical Distribution,Healthcare,PBH
2018Q3,2018,Q3,2018-02-01,2017-12-31,314793000.0,270615000.0,83503000.0,5.88,147674000.0,0.5456977625039262,3897922000.0,1217437000.0,332128000.0,151504000.0,2680485000.0,114894000.0,775964000.0,2359458890.0,4367351890.0,22.91473583165503,2.192206146372373,0.5267598992488819,1.6865505155502913,0.13943416489760796,22.91473583165503,0.2585702586663622,8.718876965430594,1.873817786608978,1.9380541991084546,0.0,1.0700384702421362,0.0,0.0694254528438486,1.292328915408174,0.08075918399598556,55.8306450391614,0.5456977625039262,9.31578947368421,23.50175866970759,0.6112353797735065,1.5396348831117588,0.024816444364252108,9.252173913043478,0.09645863151122024,13.54707021721954,0.347531919278968,0.9672586159278572,Medical Distribution,Healthcare,PBH
2018Q2,2018,Q2,2017-11-02,2017-09-30,30705000.0,258026000.0,76157000.0,0.57,144098000.0,0.5584631006177672,3902193000.0,895966000.0,331072000.0,160722000.0,3006227000.0,119484000.0,461171000.0,2659678820.0,4708789820.0,16.873818222908586,2.0599046801309093,0.5361313497307796,2.3350082480808423,0.015867138563040728,16.873818222908586,0.03427027364877685,10.30779386573446,21.655095424198013,2.9685041843105653,0.0,0.9535000502159285,0.0,0.066123331162759,1.1722041786438695,0.007868652319349658,50.963417260672955,0.5584631006177672,-0.09523809523809532,0.5134072341452556,0.5120961299191519,0.9371443638046792,0.004335219827706376,-0.09046476495156847,-0.03634108997962773,0.8296147074239945,0.39636659312382727,0.47957195334794933,Medical Distribution,Healthcare,PBH
2018Q1,2018,Q1,2017-08-03,2017-06-30,33759000.0,256573000.0,79029000.0,0.63,143476000.0,0.5592014748239292,3899561000.0,858547000.0,328225000.0,153617000.0,3041014000.0,118707000.0,430466000.0,2800936780.0,4902210780.0,16.187393943964704,2.1366450327763205,0.5501668008270675,2.4988835788838584,0.016856630988470196,16.187393943964704,0.039321085508422955,10.916724596898348,20.74214861222193,3.2624151968383797,0.0,0.9527407819252445,0.0,0.06579535491302739,1.1643242609867397,0.008657128328034874,54.316457812166696,0.5592014748239292,2.0000000000000004,1.1864878942167845,0.6567073808123441,0.9479788540426336,0.10211010654232888,2.044093778178539,0.489595506465111,0.9764702734074614,0.7250194975306913,0.4356814441490629,Medical Distribution,Healthcare,PBH
2017Q4,2017,Q4,2017-05-17,2017-03-31,11090000.0,240670000.0,53054000.0,0.21,130183000.0,0.5409191008434786,3911348000.0,822549000.0,334434000.0,162009000.0,3088799000.0,115609000.0,396707000.0,2945180040.0,5097057040.0,15.517157463826898,2.06429272447827,0.5608634158862877,2.666992483122586,0.010374659034394561,15.517157463826898,0.013482479463229545,12.237420700544314,66.39269702434626,3.5805526965566794,0.0,0.9556954908354885,0.0,0.06153121634791893,1.102389373429871,0.00283533963227,461.48230021936695,0.5409191008434786,-0.6440677966101696,703.1358385682935,0.7057327095315552,0.9396832130966153,0.045251993223441755,-0.6495053885781107,-0.23428637406728534,-0.3215097861775176,0.6332295888927838,0.42933799394768757,Medical Distribution,Healthcare,PBH
2017Q3,2017,Q3,2017-02-02,2016-12-31,31641000.0,216763000.0,69287000.0,0.59,124547000.0,0.5745768419887158,2810852000.0,799857000.0,291210000.0,132324000.0,2010995000.0,100926000.0,385617000.0,2761247900.0,4113537900.0,15.091926262759674,2.200734560623923,0.5036120720692516,1.7697900999803715,0.019505280739894538,15.091926262759674,0.03955832104988767,12.73855731836153,21.817008786068712,3.452176951630104,0.0,0.9136991459088838,0.0,0.0771164757162597,1.2671699767237992,0.01125672927639022,69.84312381434172,0.5745768419887158,-0.016666666666666684,2.1581330889940604,0.9364975793771915,0.8902764459122394,0.004694873553018997,-0.017207640938033855,-0.024923302091249402,8.881394748119606,0.449153937458545,0.4374029422108706,Medical Distribution,Healthcare,PBH
2017Q2,2017,Q2,2016-11-03,2016-09-30,32195000.0,215052000.0,71058000.0,0.6,123965000.0,0.57644197682421,2830978000.0,774640000.0,279673000.0,114311000.0,2056338000.0,97959000.0,353976000.0,2557972110.0,4007177110.0,14.617779706753723,2.44659744031633,0.5226684912422491,1.9101298667768254,0.020204273300506396,14.617779706753723,0.041561241350821024,11.894667847776352,19.863116244758505,3.3021430729112877,0.0,0.9298482017987117,0.0,0.0759638541874928,1.0788725494484346,0.011372394981522286,52.1800846558688,0.57644197682421,6.999999999999999,1.3589117085372615,0.9331672269407807,0.8774896938247402,0.019524471383572797,6.8208280600253115,4.8177501228098905,-0.04655176865456369,0.23985155155868362,0.3898790157794646,Medical Distribution,Healthcare,PBH
2017Q1,2017,Q1,2016-08-04,2016-06-30,-5531000.0,209575000.0,12214000.0,-0.1,121591000.0,0.5801789335560062,2878440000.0,737481000.0,281358000.0,100141000.0,2140959000.0,92867000.0,321781000.0,2929607400.0,4478144400.0,13.946048675327622,2.8096184380024165,0.5480100332124345,2.138921545097433,0.0032742087948035106,13.946048675327622,-0.007499854233532796,13.978801860908982,-132.4176188754294,3.9724513580688856,0.0,0.9474194277838198,0.0,0.07280853517877739,1.1714882016356938,-0.0019215269382026375,58.76138077663671,0.5801789335560062,-1.3846153846153846,-1.3554176049382367,1.0870186095747427,0.8527267498642359,0.028245004270576992,-1.3968857634902412,-0.812866751444024,-1.2589155065669022,0.4198693767577708,0.42780091832406536,Medical Distribution,Healthcare,PBH
2016Q4,2016,Q4,2016-05-17,2016-03-31,13936000.0,207855000.0,65269000.0,0.26,118251000.0,0.568911019701234,2948791000.0,744336000.0,249013000.0,106684000.0,2204455000.0,91263000.0,327312000.0,2820753870.0,4418832870.0,14.088467435125773,2.3341175808931047,0.5511780929879398,2.1835689796006106,0.015601765330194695,14.088467435125773,0.018722727370434858,13.570777080176084,50.60192792049369,3.789624403495196,0.0,0.9818217678577299,0.0,0.07048821025294773,1.14803531926062,0.004726004657502007,76.50331886848743,0.568911019701234,-0.5094339622641509,1.061545627962548,1.0466045403798827,0.9518472220683076,0.012561652281134402,-0.502196820860868,0.04192008684130709,-0.302740393083142,0.3022979139834745,0.5076752748850344,Medical Distribution,Healthcare,PBH
2016Q3,2016,Q3,2016-02-04,2015-12-31,27995000.0,200195000.0,62643000.0,0.53,116784000.0,0.5833512325482655,2640999000.0,720938000.0,228155000.0,86721000.0,1920061000.0,80671000.0,313376000.0,2719379520.0,4117438520.0,13.647925185521732,2.6309083151716424,0.5479108473725284,2.00715179391293,0.018732988049217917,13.647925185521732,0.038831355817005066,13.583653537800645,24.284510805500982,3.772001919721252,0.0,1.0339651175763285,0.0,0.07580275494235325,1.5458539454111462,0.010600155471471213,60.42528486356768,0.5833512325482655,-0.11666666666666659,11.187061149890544,1.0948989353853091,0.9282157305652886,-0.026313156578289143,-0.1197371317171336,-0.1037940999742482,1.191558261836205,0.198838572652495,0.5125963981382333,Medical Distribution,Healthcare,PBH
2016Q2,2016,Q2,2015-11-05,2015-09-30,31803000.0,206065000.0,69898000.0,0.6,119940000.0,0.5820493533593769,2626891000.0,685755000.0,205779000.0,93028000.0,1941136000.0,77137000.0,285381000.0,2384583480.0,3834295480.0,12.987046190557354,2.2120114374166917,0.5603064611359969,2.146340894342732,0.020927599880237357,12.987046190557354,0.04637662138810508,11.571996603013613,18.7449570795208,3.4773111096528644,0.0,1.1165199579968108,0.0,0.07844444249875614,1.2199767811841595,0.012106707130215909,51.65237360828315,0.5820493533593769,0.22448979591836732,1.7351377117260385,1.494579488475746,0.8499647759575594,0.06864107772907088,0.2151071715126275,0.11827853771698264,0.5762836055107365,0.21433840659049527,0.4909360168615526,Medical Distribution,Healthcare,PBH
2016Q1,2016,Q1,2015-08-06,2015-06-30,26173000.0,192132000.0,62505000.0,0.49,112236000.0,0.5841608893885454,2636502000.0,662724000.0,201059000.0,101792000.0,1973778000.0,74077000.0,253578000.0,2429819520.0,3923287520.0,12.611783512217402,1.975194514303678,0.5746500476768082,2.2861191084071195,0.018700380085695127,12.611783512217402,0.0394930619684816,12.646615451876835,23.20921866045161,3.66641244318902,0.0,1.078553397140813,0.0,0.07287383055275513,1.0528725243634078,0.00992716864997637,56.849851898645326,0.5841608893885454,0.08888888888888884,1.594776090689172,1.4917215020803394,0.8587021815567649,0.01967838648133006,0.10100117785630153,0.020573108008817047,0.7109682734353427,0.25217637649240887,0.5176925747657336,Medical Distribution,Healthcare,PBH
2015Q4,2015,Q4,2015-05-14,2015-03-31,23772000.0,190046000.0,61245000.0,0.45,110070000.0,0.5791755680203741,2669405000.0,627624000.0,201707000.0,99037000.0,2041781000.0,74000000.0,227405000.0,2245548840.0,3812941840.0,11.987623195049277,2.0366832597917948,0.595155474721895,2.5313101474768334,0.01754125776690104,11.987623195049277,0.037876180643187644,11.815817433673953,23.615480817768802,3.5778568697181754,0.0,1.0807567567567569,0.0,0.07119414251490501,1.1023758797217202,0.008905355313262694,45.1711626971355,0.5791755680203741,0.12499999999999997,5.911932706239465,1.544506150564221,0.8228849216519706,-0.014989484988142647,0.11642323768374584,0.07460565332584704,1524.836840094736,0.36373788452915495,0.49848266543466235,Medical Distribution,Healthcare,PBH
2015Q3,2015,Q3,2015-02-05,2014-12-31,21293000.0,197606000.0,56993000.0,0.4,111745000.0,0.565493962733925,2680596000.0,608937000.0,200762000.0,91034000.0,2071659000.0,75240000.0,203633000.0,1815092160.0,3431102160.0,11.648054631011133,2.205351846562823,0.6110435888138309,2.68986939535617,0.016106072674889556,11.648054631011133,0.03496749253206818,9.185410159610537,21.310902174423518,2.9807552505431594,0.0,1.1411616161616163,0.0,0.07371718826708687,1.2044181294900806,0.007943382740256272,40.54803324099723,0.565493962733925,0.29032258064516137,0.9260285693808967,1.5064782118049354,0.7938950023225488,0.089748590821322,0.2933851667375327,0.2251816501139344,1.1545957169285341,0.7897016703910991,0.45892863020609265,Medical Distribution,Healthcare,PBH
2015Q2,2015,Q2,2014-11-06,2014-09-30,16463000.0,181269000.0,46518000.0,0.31,102542000.0,0.5656896656350506,2725670000.0,594039000.0,222373000.0,111910000.0,2131631000.0,82875000.0,182340000.0,1686088559.9999998,3356651560.0,11.404526954384886,1.9870699669377179,0.6208789031687622,2.8488213736808525,0.011825441935987151,11.404526954384886,0.027713668631184147,9.301582509971368,25.604211869039663,2.8383465732047894,0.0,0.9499487179487179,0.0,0.06650438240872886,1.075793047984988,0.0060399828299097106,63.61878127004489,0.5656896656350506,-0.03125000000000003,0.5929514038932214,1.0675022867210433,0.8223630968199148,0.2525590599271981,-0.016076978245278508,0.0867929818003411,0.227193534755911,0.6577929971677524,0.46478345202529875,Medical Distribution,Healthcare,PBH
2015Q1,2015,Q1,2014-08-07,2014-06-30,16732000.0,145702000.0,42803000.0,0.32,81866000.0,0.5618728637904764,1853950000.0,585807000.0,160097000.0,78319000.0,1268143000.0,66171000.0,165877000.0,1760788840.0,2714671840.0,11.275059665871122,2.044165528160472,0.5229687963537312,1.6550809396268737,0.016357289644662515,11.275059665871122,0.028562308063918664,12.084863900289632,26.308702486253885,3.005749060697465,0.0,0.9647126384670022,0.0,0.07859003748752663,0.9437428976365888,0.009025054613123331,60.352659468723225,0.5618728637904764,0.06666666666666674,0.9334882438062049,0.9141856445434656,0.8570511664263438,0.022813593203398302,0.045684644709705645,-0.04787009231453676,0.09432692422382241,0.4767817308725364,0.4978869739807502,Medical Distribution,Healthcare,PBH
2014Q4,2014,Q4,2014-05-19,2014-03-31,16001000.0,144256000.0,44955000.0,0.3,80040000.0,0.5548469387755102,1795663000.0,563360000.0,177185000.0,84358000.0,1232303000.0,65586000.0,149145000.0,1414084250.0,2320167250.0,10.856184841886188,2.10039356077669,0.5203726979951138,1.6586445612042033,0.017985345459942636,10.856184841886188,0.028402797500710026,9.802602664707187,22.09368555090307,2.510089906986652,0.0,0.9791113957246973,0.0,0.08033578683750793,1.1069608098816948,0.008910914798600851,46.18775313561537,0.5548469387755102,4.0,1.073007909900965,0.9610407728868035,0.8432115453136384,-0.02162353775257001,4.112140575079872,0.11115230609520985,1.4098967292265556,0.44611834744017576,0.5040396922851288,Medical Distribution,Healthcare,PBH
2014Q3,2014,Q3,2014-02-07,2013-12-31,3130000.0,146212000.0,40458000.0,0.06,81809000.0,0.5595231581539135,1864846000.0,543934000.0,244501000.0,134063000.0,1320912000.0,64798000.0,132861000.0,1854654799.9999998,2790102800.0,10.49944021927962,1.8237768810186257,0.5522177166371914,1.8932462394334606,0.019222856323627805,10.49944021927962,0.005754374611625675,12.684696194566792,148.13536741214057,3.409705589281052,0.0,0.9939041328436062,0.0,0.07840432936553474,1.197504158492649,0.0016784227759289508,74.41539140552902,0.5595231581539135,-0.9047619047619049,-0.6235384256403288,0.7564218942887322,0.03879095015725844,-0.13629789165848458,-0.9045498902171262,-0.2474610319556564,0.3893577214164861,0.5600700175662486,0.48338927109753904,Medical Distribution,Healthcare,PBH
2014Q2,2014,Q2,2013-11-07,2013-09-30,32792000.0,168442000.0,53762000.0,0.63,94719000.0,0.5623241234371475,1808076000.0,541252000.0,182658000.0,89109000.0,1266824000.0,61935000.0,129731000.0,1550065560.0,2501930560.0,10.517303693916018,2.0498266168400496,0.5412925120404231,1.8082113322444997,0.031076884616939814,10.517303693916018,0.060585457420942554,9.202369717766352,11.817406379604781,2.8638518841500815,0.0,1.1903285702752886,0.0,0.09316090695302631,1.2048951284382048,0.018136405770553893,48.67531983042864,0.5623241234371475,0.575,2.7328509606610645,0.8557965873433128,0.05346701580215614,0.13459027586454728,0.5847670597332303,0.08739709957322869,1.8936267579627537,1.0922183229075726,0.49815755532921174,Medical Distribution,Healthcare,PBH
2014Q1,2014,Q1,2013-08-01,2013-06-30,20692000.0,142971000.0,49441000.0,0.4,83483000.0,0.5839156192514566,1736094000.0,500311000.0,162984000.0,81735000.0,1235783000.0,66917000.0,96939000.0,1517707860.0,2451646860.0,9.767502245129046,1.9940539548541016,0.5490745316785842,1.905304900351981,0.02098682237818182,9.767502245129046,0.04135827515285492,10.615494470906688,18.336891793930022,3.033528865045941,0.0,0.8889818730666348,0.0,0.08235210766237312,0.9945188719642748,0.011918709470800544,70.80842866473827,0.5839156192514566,0.08108108108108115,1.5896255269322124,0.8933446511236866,-0.00399256681501025,-0.052083569887589415,0.06940927179699209,-0.014589520259900743,1.1044979717058148,0.9021616023088267,0.43951707653360833,Medical Distribution,Healthcare,PBH
2013Q4,2013,Q4,2013-05-17,2013-03-31,19349000.0,154513000.0,50173000.0,0.37,88070000.0,0.5699844026069004,1739799000.0,477943000.0,164173000.0,96668000.0,1261856000.0,60201000.0,76247000.0,1320104070.0,2275334070.0,9.344497233464327,1.698317954235114,0.5580529704868206,2.031413787836625,0.02197461911885766,9.344497233464327,0.04048390707678531,8.543644029952173,17.056489611866247,2.762053362011788,0.0,1.1036859852826364,0.0,0.08881083389517984,0.917811478462366,0.011121399655937267,37.30899217138174,0.5699844026069004,0.5416666666666667,0.8229824821776544,0.8734281289845438,-0.027072028677882783,0.03615421720766615,0.5786081422860406,0.07386242027310475,4.758887542054809,1.1176593013867442,0.4209608385368218,Medical Distribution,Healthcare,PBH
2013Q3,2013,Q3,2013-02-07,2012-12-31,12257000.0,160232000.0,46722000.0,0.24,84997000.0,0.5304620799840232,1731389000.0,457332000.0,151222000.0,88750000.0,1274057000.0,54250000.0,56898000.0,1015240580.0,2005109580.0,9.022846545397151,1.7039098591549295,0.5777442273226872,2.1872512747850577,0.01958416859806323,9.022846545397151,0.02680109854547681,6.336066328823207,20.707362731500368,2.219920276735501,0.0,1.3868202764976958,0.0,0.09254534942754054,0.9485408450704226,0.007079287208131737,27.553617217608423,0.5304620799840232,-0.368421052631579,0.43039597447570926,0.9624037770977669,-0.04268394587082332,-0.0612733999668673,-0.3630742049469965,-0.08667604973023692,0.14351272563118334,1.0962544875716473,0.3895916388834933,Medical Distribution,Healthcare,PBH
2013Q2,2013,Q2,2012-11-07,2012-09-30,19244000.0,161855000.0,51156000.0,0.38,90545000.0,0.5594204689382472,1787623000.0,438704000.0,179607000.0,88401000.0,1348919000.0,53836000.0,44641000.0,861224400.0000001,1911938400.0,8.71066634897943,2.031730410289476,0.6039975990463313,2.461158320872388,0.02058464898108176,8.71066634897943,0.04386556767205223,5.320962589972507,11.18821970484307,1.9631104343703272,0.0,1.3245783490601084,0.0,0.09054202144411881,1.2870103279374667,0.010765133364249621,20.720440766047545,0.5594204689382472,0.310344827586207,1.7813893243481203,0.829158746367504,-0.061556480770318216,0.08302234342854409,0.3131354486523371,0.16706590924645814,0.9257786344736127,0.9092642770924532,0.39190314219809336,Medical Distribution,Healthcare,PBH
2013Q1,2013,Q1,2012-08-09,2012-06-30,14655000.0,146997000.0,43833000.0,0.29,83604000.0,0.5687463009449173,1752655000.0,418334000.0,144369000.0,63190000.0,1334321000.0,53848000.0,25397000.0,795907020.0,1887815020.0,8.309840689682572,2.284681120430448,0.6255150043790706,2.6206619591044475,0.017682194083857027,8.309840689682572,0.03503181668236385,5.41444396824425,13.577397134083933,1.9025635496995223,0.0,1.1772582082900014,0.0,0.08387104136296077,1.1682544706440892,0.008361599972612979,58.76454666272888,0.5687463009449173,974.2786666666666,0.7375557437130028,0.8445965859438425,-0.09103452750765095,0.220710197406845,978.0,0.9432966838091861,0.7477718710327662,0.9931145336672169,0.3686667567980304,Medical Distribution,Healthcare,PBH
2012Q4,2012,Q4,2012-05-18,2012-03-31,-15000.0,133996000.0,22556000.0,-0.0002979619403281554,68488000.0,0.5111197349174602,1758276000.0,402728000.0,147035000.0,63923000.0,1355548000.0,51113000.0,10742000.0,879978160.0,1984871160.0,7.999841086965159,2.3001892902398198,0.6392102263808412,2.7907371724836616,-0.0002770306739786046,7.999841086965159,-3.724598240003178e-05,6.567197229768053,-14666.302666666666,2.1850434039848237,0.0,1.2816308962494865,0.0,0.07620874083477225,1.2396633449619072,-8.531083857141883e-06,45.80595283951902,0.5111197349174602,-1.0015682207385692,-1.0017625717637517,0.693842728174572,-0.10792324776754121,0.24248031638910053,-1.001577287066246,-0.045450698264917475,0.9999294507562804,0.8776856405500326,0.35824874639907794,Medical Distribution,Healthcare,PBH
2012Q3,2012,Q3,2012-02-09,2011-12-31,9510000.0,106250000.0,23630000.0,0.19,55122000.0,0.518795294117647,1045847000.0,401650000.0,105883000.0,53063000.0,644197000.0,43579000.0,11040000.0,566959890.0,992152890.0,7.9839783727910625,1.9954205378512335,0.41079813777732305,1.0696676210631146,0.017424971432664336,7.9839783727910625,0.02367733100958546,5.336093082352941,14.904308359621451,1.4115769699987553,0.0,1.1732256362009226,0.0,0.1015922979173818,1.0290032602755215,0.009093108265358125,39.16550773694391,0.518795294117647,-0.2692307692307693,-0.12016708997472428,0.30572002397814,-0.09476071859431226,0.022557785775238377,-0.26558035369526606,-0.19631317597442352,0.1779001450921721,0.31439653271631246,-0.2100831752270627,Medical Distribution,Healthcare,PBH
2012Q2,2012,Q2,2011-11-09,2011-09-30,12949000.0,105544000.0,29402000.0,0.26,53906000.0,0.5107443341165769,1055141000.0,391455000.0,112381000.0,56131000.0,663686000.0,46408000.0,1530000.0,455015900.00000006,894457900.0,7.785810891443574,2.002120040619266,0.42402200274655233,1.1429231967914575,0.021486667060935084,7.785810891443574,0.03307915341482418,4.311148904722201,8.784769094138543,1.1623708983152599,0.0,1.112696086881572,0.0,0.10002833744494811,1.0227147209207033,0.012272293465991749,25.57418502697842,0.5107443341165769,-0.10344827586206887,0.4499098106513214,0.2277554925682031,-0.09650954164968999,0.08097377075479266,-0.12317172264355362,0.07956673398200845,0.5087805675123618,0.1902293014950853,-0.22013329612667915,Medical Distribution,Healthcare,PBH
2012Q1,2012,Q1,2011-08-05,2011-06-30,14768000.0,95295000.0,27235000.0,0.29,49868000.0,0.5233013274568445,1048616000.0,377743000.0,102037000.0,49808000.0,670873000.0,43721000.0,-11419000.0,644349720.0,1102532720.0,7.527310045234442,2.0486066495342112,0.4426539362359529,1.2288090050642897,0.020140261249651407,7.527310045234442,0.03909536377907731,6.7616319848890285,10.907870395449622,1.705788644660523,0.0,1.0390201504997598,0.0,0.0908769273022727,0.9997590748474141,0.014083325068471203,41.93074250016269,0.5233013274568445,1.2307692307692306,0.7598518105902937,0.23486890239930822,-0.11067049014967029,0.07694633408919123,1.302463361396944,0.46236039518900346,0.8864968865027126,0.28810642964339656,-0.23242845829082343,Medical Distribution,Healthcare,PBH
2011Q4,2011,Q4,2011-05-13,2011-03-31,6414000.0,96363000.0,18624000.0,0.13,46305000.0,0.480526758195573,1056918000.0,361832000.0,107582000.0,54208000.0,695086000.0,39751000.0,-26187000.0,576483500.0,1050094500.0,7.218017514811786,1.9846148170011806,0.4607216453878163,1.3457764929580578,0.01433897184520596,7.218017514811786,0.017726458688009906,5.982415449913349,22.46973417524166,1.5932352583519422,0.0,1.2592890744886922,0.0,0.09117358205650769,1.0649166174734357,0.006068588102388265,23.281915108436653,0.480526758195573,2.25,0.7407390283303303,0.18614015732429057,-0.12955088520399627,0.05209942742888303,1.9449035812672177,0.42997542997543,-0.3834276420087068,0.19210208725603428,-0.24847629977307867,Medical Distribution,Healthcare,PBH
2011Q3,2011,Q3,2011-02-09,2010-12-31,2178000.0,90608000.0,13024000.0,0.04,44012000.0,0.4857407734416387,1053848000.0,354502000.0,179654000.0,45086000.0,699346000.0,47907000.0,-32601000.0,598515750.0,1019472750.0,7.07800738744135,3.9846959144745595,0.47845894284564755,1.4223417639392726,0.006083677958764666,7.07800738744135,0.006143829936079345,6.605550834363411,68.70015495867769,1.6883282745936552,0.0,0.9726344793036509,0.0,0.08597824354176314,2.777957680876547,0.0020667117079502927,32.02160130544112,0.4857407734416387,-0.8181818181818181,-0.772313526074694,0.10845394526359882,-0.1451616066484558,0.03338811927682554,-0.8023952095808383,-0.45359959724786036,-0.7427766975972181,0.12301615288712893,-0.24902966384825434,Medical Distribution,Healthcare,PBH
2011Q2,2011,Q2,2010-11-05,2010-09-30,11022000.0,78303000.0,23836000.0,0.22,42590000.0,0.5439127491922404,791172000.0,351380000.0,122165000.0,31820000.0,439792000.0,24997000.0,-34779000.0,495024170.0,731834170.0,7.020158631850239,3.839252042740415,0.3688730137062485,0.830559508224714,0.02290107459642577,7.020158631850239,0.03136775001422961,6.321905546403075,11.228093131917982,1.4088000739939666,0.0,1.4286914429731568,0.0,0.09897089381322899,2.7431803896920175,0.013931231135581137,22.52157279344859,0.5439127491922404,0.15789473684210525,0.4570245856723037,0.040680687320032896,-0.13348454961203932,0.09544998585354561,0.14752732951587716,0.11801125703564729,0.6029388113499383,-0.1095823052637198,-0.24368330641018748,Medical Distribution,Healthcare,PBH
2011Q1,2011,Q1,2010-08-06,2010-06-30,9605000.0,73425000.0,21320000.0,0.19,38879000.0,0.5295062989445012,775635000.0,339521000.0,99358000.0,27216000.0,436114000.0,28076000.0,-45802000.0,354269040.0,616987040.0,6.785263199968024,3.6507201646090537,0.38139588853004314,0.8712980934905352,0.020736964855595647,6.785263199968024,0.02828985541395083,4.8249103166496425,9.22095366996356,1.0434377844080338,0.0,1.2304459324690127,0.0,0.09466437177280551,2.2651748971193415,0.012383401986759236,17.211730068503133,0.5295062989445012,1.892369942196532,1.3951220553038537,0.15436687312827505,-0.1281345799357714,0.09626392217679403,1.9221174323090964,0.3984913086257789,0.1457261231464087,-0.07302631247151459,-0.2577992526136529,Medical Distribution,Healthcare,PBH
2010Q4,2010,Q4,2010-06-11,2010-03-31,3287000.0,71382000.0,15245000.0,0.06569007554258763,35465000.0,0.4968339357260934,791412000.0,329059000.0,112150000.0,55652000.0,462353000.0,29162000.0,-55407000.0,450342000.0,733389000.0,6.5761821016027815,2.015201610005031,0.40957680702339616,0.9850634688612072,0.011664039674801556,6.5761821016027815,0.009989090102382855,6.308901403715223,34.25174931548525,1.3685752403064497,0.0,1.2316370619299088,0.0,0.09019575139118437,1.288686839646374,0.004153336062632358,51.966535887375954,0.4968339357260934,-0.6871901164638684,15.662963290756167,-0.08975394802348101,-0.14782295247290608,-0.10907629311427638,-0.6893194706994329,-0.35677819501286867,-0.6114152291310421,-0.0921784573664044,-0.2666780367867844,Medical Distribution,Healthcare,PBH
2010Q3,2010,Q3,2010-02-09,2009-12-31,10580000.0,75448000.0,23701000.0,0.21,39807000.0,0.5276084190435797,786574000.0,324853000.0,106039000.0,36158000.0,461721000.0,34092000.0,-58694000.0,393235800.0,678310800.0,6.493164101539077,2.932656673488578,0.4059846880268099,0.9830200121285627,0.020960232298412908,6.493164101539077,0.03256857717182849,5.212010921429329,9.291961247637051,1.210503827885228,0.0,1.045435879385193,0.0,0.09591977360044955,1.79434703246861,0.013450736993595008,37.66626436781609,0.5276084190435797,0.049999999999999906,0.1559698050197978,-0.005948818190299725,0.6313990788064373,-0.10211124644742184,0.06620981557996573,0.11639189825718323,-0.015754880436391082,-0.06767619324566208,-0.2637921934561003,Medical Distribution,Healthcare,PBH
2010Q2,2010,Q2,2009-11-06,2009-09-30,9923000.0,84181000.0,21230000.0,0.2,44334000.0,0.5266509069742579,799303000.0,312980000.0,108293000.0,48305000.0,486323000.0,26490000.0,-69274000.0,352084480.0,655592480.0,6.258098056466448,2.2418590208052995,0.4232900414486121,1.0810179564189406,0.020241492901501536,6.258098056466448,0.03170490127164675,4.182469678431,8.87041418925728,1.1249424244360662,0.0,1.5042280105700265,0.0,0.10531800831474422,1.531539178138909,0.012414566190793728,16.241557339237936,0.5266509069742579,0.1764705882352941,0.02559899218729022,0.03460282506407395,0.0,0.14112892847030964,0.19195195195195194,0.11385099685204617,0.11699574843385491,-0.015544277321308695,-0.27379023710275113,Medical Distribution,Healthcare,PBH
2010Q1,2010,Q1,2009-08-10,2009-06-30,8325000.0,73225000.0,19060000.0,0.17,38851000.0,0.5305701604643223,797305000.0,303465000.0,102647000.0,35389000.0,493840000.0,26449000.0,-79197000.0,307389300.0,632575300.0,6.0714857348645515,2.900534064257255,0.4531979606298719,1.190704035061704,0.017803918849998532,6.0714857348645515,0.027433147150412732,4.197873677022875,9.23090990990991,1.0129316395630468,0.0,1.2996332564558206,0.0,0.09184063814976703,1.954477379976829,0.010441424548949273,17.105692821368947,0.5305701604643223,1.040251353643112,2.62117930296059,0.08108934122493057,0.0,0.10096916798911812,1.0394368465681654,1.08315772481163,-0.0039488343710711435,-0.04730670179022436,-0.2826718442308844,Medical Distribution,Healthcare,PBH
2009Q4,2009,Q4,2009-06-15,2009-03-31,-211097000.0,70852000.0,-229203000.0,-4.223460445760474,35288000.0,0.49805227798791846,801381000.0,294385000.0,103563000.0,34226000.0,506996000.0,26977000.0,-87522000.0,258906760.0,602062760.0,5.8898203353207155,3.0258575352071526,0.4721062765401226,1.2851775735856106,-0.3058905588083564,5.8898203353207155,-0.7170779761197071,3.6541912719471576,-0.30662060569311733,0.8794835334680775,0.0,1.3183081884568335,0.0,0.08841237813224921,2.0804651434581896,-0.2634165272198867,19.543082729468598,0.49805227798791846,-27.396627786002963,-941.736706642963,-0.09550010967539899,-0.23676540182861616,-0.16893149007324368,-27.327887253679222,-12.481965734896303,-58.45954508902897,-0.12531189159459416,-0.2897234058151073,Medical Distribution,Healthcare,PBH
2009Q3,2009,Q3,2009-02-09,2008-12-31,8018000.0,80278000.0,19962000.0,0.16,42461000.0,0.5289244874062632,1052932000.0,504964000.0,97674000.0,37605000.0,547968000.0,28751000.0,123575000.0,527078000.00000006,883482000.0,10.10736589271417,2.5973673713601912,0.36501692416984194,0.76111960456587,0.013939941557773294,10.10736589271417,0.01587835964544007,6.565659333814994,16.43421052631579,1.0437932209028764,0.0,1.3153281624986957,0.0,0.07624234043603956,1.663741523733546,0.007614926699919843,32.17225172434841,0.5289244874062632,-0.058823529411764754,-0.12272662778741623,0.05916990295904295,1.5394626023120337,-0.08210294213018007,-0.05914104670265196,-0.026291400419491733,-0.15970717290793573,-0.01546105096860504,0.2207057647431105,Medical Distribution,Healthcare,PBH
2009Q2,2009,Q2,2008-11-10,2008-09-30,8522000.0,88051000.0,20501000.0,0.17,46259000.0,0.5253659810791473,1045930000.0,498417000.0,86889000.0,37566000.0,547513000.0,25372000.0,115557000.0,443325120.00000006,815920120.0,9.983514942712924,2.3129691742533143,0.3683085866166952,0.7728969918762802,0.014408634025358951,9.983514942712924,0.017098132688090493,5.034867519960024,13.00531330673551,0.8894662902750107,0.0,1.6471701087813337,0.0,0.08418441004656144,1.4673907256561785,0.008147772795502568,20.847642605219846,0.5253659810791473,0.06250000000000006,-0.11764983363982344,0.08407347949154644,0.0,0.17821303041108452,0.09523197532450842,-0.033609880267747715,0.1294545034191054,0.17325962185543353,0.23228981006085814,Medical Distribution,Healthcare,PBH
2009Q1,2009,Q1,2008-08-11,2008-06-30,7781000.0,73534000.0,21214000.0,0.16,39262000.0,0.5339298827753148,1042168000.0,489156000.0,80516000.0,32179000.0,553012000.0,28811000.0,107035000.0,531720800.0,921575800.0,9.806655974338412,2.5021287174865594,0.38019302070299604,0.8100176630768099,0.014877914271836122,9.806655974338412,0.01590699081683553,7.230951668615878,17.08394807865313,1.0870168208097213,0.0,1.189545659643886,0.0,0.07055868151775914,1.3889493147705025,0.007466166683298662,34.748451182851916,0.5339298827753148,-0.22898270698483233,2.518341313292451,0.08787145497615845,0.0,-0.04731631563622246,-0.24828518983673076,-0.14435526156576453,0.9464318122265585,0.15974254330225748,0.2600961788088382,Medical Distribution,Healthcare,PBH
2008Q4,2008,Q4,2008-06-13,2008-03-31,10351000.0,80433000.0,24793000.0,0.20751804330392942,41212000.0,0.512376760782266,1049156000.0,479073000.0,85375000.0,37891000.0,570083000.0,29696000.0,99254000.0,408018400.0,813165400.0,9.604510825982358,2.2531735768388272,0.39195791664919233,0.8583764895955314,0.0177989768779863,9.604510825982358,0.021606310520526098,5.072773612820608,9.854564776350111,0.8516831464098373,0.0,1.3207502693965518,0.0,0.07666448078264815,1.3274128420997071,0.009866025643469608,42.83208062145707,0.512376760782266,0.22069437237605533,47.32099180891282,0.028911111505223,0.24460417186939318,-0.00547793141726393,0.22948093597814467,0.0824274175944117,47.32099180891282,0.028911111505223,0.24460417186939318,Medical Distribution,Healthcare,PBH
2008Q3,2008,Q3,2008-02-08,2007-12-31,8419000.0,80222000.0,22905000.0,0.17,41439000.0,0.5165540624766274,1053443000.0,469363000.0,86286000.0,38538000.0,584080000.0,30659000.0,88903000.0,372496520.0,787167520.0,9.425149099379505,2.2389848980227307,0.40460186265417303,0.9080924572239397,0.015856770899024722,9.425149099379505,0.017937076420595572,4.643321283438458,11.061186601734173,0.793621397511095,0.0,1.264979288300336,0.0,0.0761521980781115,1.3111993357205876,0.007991889452015913,27.301122837877454,0.5165540624766274,0.21428571428571425,-0.07587394954040805,0.061852955575854206,1.3680565157280449,-0.07018646083424955,0.23283057548689412,0.11135371179039301,-0.07587394954040805,0.061852955575854206,1.3680565157280449,Medical Distribution,Healthcare,PBH
2008Q2,2008,Q2,2007-11-08,2007-09-30,6829000.0,87337000.0,20610000.0,0.14,44567000.0,0.5102877360110835,1060578000.0,461410000.0,90059000.0,45195000.0,599168000.0,27783000.0,80484000.0,568185300.0,996499300.0,9.28203580768457,1.9926761809934728,0.41214601849180355,0.9473418434797686,0.01422071407691815,9.28203580768457,0.014800286079625496,6.505665410994195,20.80045760726314,1.2314108926984677,0.0,1.5394305870496348,0.0,0.08234849299155743,1.2238300696979754,0.006438941784574072,43.703199753865086,0.5102877360110835,-0.1764705882352941,-0.2898956613508769,0.07991185499702767,0.0,0.07939160551236407,-0.17920673076923077,-0.1080238898987276,-0.2898956613508769,0.07991185499702767,0.0,Medical Distribution,Healthcare,PBH
2008Q1,2008,Q1,2007-08-09,2007-06-30,8320000.0,78611000.0,23106000.0,0.17,41289000.0,0.5252318377835163,1052677000.0,453996000.0,76635000.0,34841000.0,598681000.0,28510000.0,73655000.0,644586800.0,1085885800.0,9.142086186065244,2.19956373238426,0.4250715081644227,0.9856100053744967,0.01589212467246198,9.142086186065244,0.018326152653327342,8.199702331734745,19.36859375,1.4198072229711274,0.0,1.309084531743248,0.0,0.0746772276776257,1.2421859303693923,0.007903658957116,77.68914065324816,0.5252318377835163,0.00562239428231101,2.6307111837230566,0.16813339816824627,0.0,0.05224394097708912,-0.008933889219773675,0.02089868775681527,2.6307111837230566,0.16813339816824627,0.0,Medical Distribution,Healthcare,PBH
2007Q4,2007,Q4,2007-06-14,2007-03-31,8395000.0,78036000.0,22633000.0,0.16904953685058396,39239000.0,0.5028320262442975,1063416000.0,445334000.0,83768000.0,40910000.0,618082000.0,30173000.0,65335000.0,588471000.0,1038063000.0,8.967660088602496,2.0476167196284525,0.4357184770588368,1.0404550292589383,0.016312843718097714,8.967660088602496,0.018851019684102268,7.541019529447947,17.52444907683145,1.3214149380015898,0.0,1.2858184469558878,0.0,0.07338238281161841,1.1959178684918113,0.007894370594386392,35.66707073155949,0.5028320262442975,-0.19500220547340966,38.73427161843393,0.002670689369069017,0.1620776279399678,-0.09499976936205544,-0.21121864136051866,-0.07748430749164426,38.73427161843393,0.002670689369069017,0.1620776279399678,Medical Distribution,Healthcare,PBH
2007Q3,2007,Q3,2007-02-09,2006-12-31,10643000.0,80124000.0,24534000.0,0.21,43358000.0,0.5411362388298138,1052165000.0,436886000.0,75800000.0,39300000.0,615279000.0,31780000.0,56940000.0,,,,,,,,,,,,,,,,,,,,,,,,,,,,,,,Medical Distribution,Healthcare,PBH
2007Q2,2007,Q2,2006-11-09,2006-09-30,8784000.0,84551000.0,24166000.0,0.18,43292000.0,0.5120223297181583,1061798000.0,426143000.0,81380000.0,42865000.0,635655000.0,29272000.0,46297000.0,,,,,,,,,,,,,,,,,,,,,,,,,,,,,,,Medical Distribution,Healthcare,PBH
2007Q1,2007,Q1,2006-08-09,2006-06-30,8256000.0,75923000.0,23349000.0,0.17,39598000.0,0.5215547330848359,1043090000.0,417886000.0,93175000.0,36973000.0,625204000.0,31370000.0,37513000.0,,,,,,,,,,,,,,,,,,,,,,,,,,,,,,,Medical Distribution,Healthcare,PBH
