Quarters,Year,Quarter,FillingDate,Date,NetIncome,Revenue,OperatingIncome,EPSDiluted,GrossProfit,GrossProfitRatio,TotalAssets,CommonStockEquity,CurrentAssets,CurrentLiability,TotalLiability,Inventory,RetainedEarnings,MarketCap,EnterpriseValue,bookValuePerShare,currentRatio,debtToAssets,debtToEquity,roic,shareholdersEquityPerShare,roe,priceToSalesRatio,peRatio,pbRatio,payoutRatio,inventoryTurnover,dividendYield,assetTurnover,quickRatio,returnOnAssets,priceToFreeCashFlowsRatio,grossProfitMargin,epsdilutedGrowth,fiveYNetIncomeGrowthPerShare,fiveYRevenueGrowthPerShare,fiveYShareholdersEquityGrowthPerShare,grossProfitGrowth,netIncomeGrowth,operatingIncomeGrowth,threeYNetIncomeGrowthPerShare,threeYRevenueGrowthPerShare,threeYShareholdersEquityGrowthPerShare,Industry,Sector,Symbol
2023Q1,2023,Q1,2023-05-05,2023-03-31,12540000.0,21452000.0,58712000.0,0.38,11615000.0,0.5414413574,4621936000.0,461913000.0,87876000.0,14860000.0,4160023000.0,0.0,-532220000.0,121129500.0,4168240500.0,21.92694389062945,5.9135935397039034,0.8946439327589132,8.951874054205012,0.012788402476863947,21.92694389062945,0.027147969422813386,5.646536453477531,2.4148624401913876,0.26223444674646523,0.672408293460925,0.0,0.06961144890385909,0.004641345098677264,7.295693135935397,0.002713148775751114,18.552534844539746,0.5414413574491889,1.25503355704698,-0.32164241078972916,-0.1746005347757186,-0.7080280431085495,1.2806843720548078,1.386345431018547,0.5339917437424884,1.0133978414250582,-0.4523158225949885,-0.33263189888602496,REIT—Mortgage,Real Estate,MITT
2022Q4,2022,Q4,2023-02-27,2022-12-31,-32458000.0,20004000.0,38274000.0,-1.49,-41381000.0,-2.0686362727,4369778000.0,462800000.0,155685000.0,14121000.0,3906978000.0,0.0,-536490000.0,115885439.99999999,3914803440.0,21.20601173020528,11.025069046101551,0.8887268415008726,8.39139801210026,-0.022928460154806082,21.20601173020528,-0.07013396715643906,5.793113377324534,-0.8925799494731652,0.25040069144338806,-0.2847063897960441,0.0,0.07974254574172564,0.004577806927491511,12.540117555413923,-0.00742783729516694,20.280966048302414,-2.068636272745451,-10.46153846153846,-1.5761771493315035,-0.6805583595791745,-0.7209926338987311,-7.7329970712658636,-10.313349599163471,0.1440100430416069,-1.4632408151707015,-0.6580357172187596,-0.7274091406621886,REIT—Mortgage,Real Estate,MITT
2022Q3,2022,Q3,2022-11-08,2022-09-30,-2869000.0,10229000.0,33456000.0,-0.13,6146000.0,0.6008407469,4451733000.0,464296000.0,99280000.0,11455000.0,3987437000.0,0.0,-539752000.0,92039340.0,3975294340.0,20.73305349647227,8.6669576604103,0.8897418151537839,8.530965160156452,0.01745024829949734,20.73305349647227,-0.006179247721281251,8.997882490957084,-8.020158591843849,0.19823418681186142,-3.244684559079819,0.0,0.10114153360943265,0.0022977568510959665,8.6669576604103,-0.0006444681206172967,23.551519959058343,0.6008407468960798,0.9375,-1.033016313598241,-0.8848171479809874,-0.7277023541193788,-0.5049138069921056,0.9411161053301316,2.694489465153971,-1.1391169179789238,-0.7413298901476639,-0.7287866525409994,REIT—Mortgage,Real Estate,MITT
2022Q2,2022,Q2,2022-08-05,2022-06-30,-48723000.0,16237000.0,-19744000.0,-2.08,12414000.0,0.7645501016,3879637000.0,478665000.0,105986000.0,8608000.0,3400972000.0,0.0,-527642000.0,158334750.0,3439696750.0,20.40606215628597,12.3125,0.8686217293009629,7.040282870065703,-0.005824207054915469,20.40606215628597,-0.10178935163423271,9.751478105561372,-0.8124230342959178,0.3307840556547899,-0.19719639595263017,0.0,0.060681562322863425,0.004185185366569089,12.3125,-0.012558649172590116,18.91693548387097,0.7645501016197573,-2.7818181818181817,-1.5786798194595828,-0.8244135120078275,-0.7239474056021236,-0.2822202948829141,-2.6905771852749583,-4.969441093687173,-2.2124860652542715,-0.7126345424223034,-0.695583485815005,REIT—Mortgage,Real Estate,MITT
2022Q1,2022,Q1,2022-05-06,2022-03-31,-13202000.0,17295000.0,4974000.0,-0.55,17295000.0,1.0,3838956000.0,547650000.0,175607000.0,5294000.0,3291306000.0,0.0,-469610000.0,222409500.00000003,2031785500.0,22.899853648337864,33.1709482432943,0.4844851048045354,3.3961782160138774,0.0024466405390192467,22.899853648337864,-0.024106637450926685,12.859757155247182,-4.211663005605212,0.4061161325664202,-0.7276927738221481,0.0,0.043195097331723685,0.004505131082513058,33.1709482432943,-0.0034389557994413066,49.1187058303887,1.0,-1.9649122807017547,-1.2029448458412968,-0.7643421023785527,-0.681831973557575,-0.3084766093562575,-2.2150943396226417,-0.7942076954902773,-1.1928235250545964,-0.8115148479026744,-0.681256482724992,REIT—Mortgage,Real Estate,MITT
2021Q4,2021,Q4,2022-02-25,2021-12-31,10865000.0,25010000.0,24170000.0,0.57,25010000.0,1.0,3362728000.0,570380000.0,84229000.0,3915000.0,2792348000.0,0.0,-446800000.0,195734000.0,1126870000.0,29.869082530372854,21.514431673052364,0.29714416390501996,1.7518408780111505,0.012419002094576357,29.869082530372854,0.01904870437252358,7.826229508196722,4.503773584905661,0.3431642063185946,0.7307869305108146,0.0,0.040565256930323805,0.0074374139091832586,21.514431673052364,0.003231007681858301,29.960814327261595,1.0,-0.6951871657754012,5.855762833809582,2.604252089615915,-0.5795054615262467,0.0,-0.6857919546545591,0.0,1.1426150346135857,-0.7051416964114868,-0.5637491940879656,REIT—Mortgage,Real Estate,MITT
2021Q3,2021,Q3,2021-11-05,2021-09-30,34579000.0,32158000.0,0.0,1.87,0.0,0.0,2373079000.0,489749000.0,0.0,0.0,1883330000.0,0.0,-448058000.0,183760110.0,790432110.0,30.46271070473347,0.0,0.2985239850843567,1.4464981041308915,0.0,30.46271070473347,0.0706055550904647,5.714289134896449,1.3285528066167327,0.37521283351267687,0.23077590445067817,0.0,0.04342618210230719,0.013551171284226105,0.0,0.014571364880815178,18.582274244109616,0.0,1.6714285714285717,-0.5679224195833006,-0.6381875288388031,-0.5807535476439075,0.0,1.2319111856967664,0.0,-0.12833107630111004,0.14558923671247892,-0.5945852392150024,REIT—Mortgage,Real Estate,MITT
2021Q2,2021,Q2,2021-08-03,2021-06-30,15493000.0,18301000.0,0.0,0.7,0.0,0.0,2168290000.0,465877000.0,0.0,0.0,1702413000.0,0.0,-474697000.0,199695090.0,644171090.0,29.88498300083392,0.0,0.23450876035954601,1.0914533235167223,0.0,29.88498300083392,0.033255558870689046,10.9117037320365,3.2223438004259988,0.42864337582666673,0.4839604982895501,0.0,0.0375472426487802,0.008440291658403628,0.0,0.007145261934519829,58.751129744042366,0.0,-0.7435900253589465,-0.5592973604023145,-0.576921750290243,-0.5679735081503707,0.0,-0.6417720640939675,0.0,0.14376155015846598,-0.1957383331339046,-0.5966915417423108,REIT—Mortgage,Real Estate,MITT
2021Q1,2021,Q1,2021-03-31,2021-03-31,43249000.0,22109000.0,0.0,2.730003,0.0,0.0,1942600000.0,455305000.0,0.0,0.0,1487295000.0,0.0,-482203000.0,170662258.65,489404258.65,32.254568136761264,0.0,0.19066148460825696,0.8134744841370071,0.0,32.254568136761264,0.09498907325858491,7.719130609706455,0.9865098536960392,0.37483062705219583,0.1434484034312932,0.0,0.0363525014205008,0.011381138680119427,0.0,0.022263461340471535,26.34896690597499,0.0,-0.05861965517241378,12.811949093052716,3.1552047076621705,-0.5296513761431865,0.0,0.0550852626186236,0.0,2.49146838138844,0.26951076010283104,-0.570508803025515,REIT—Mortgage,Real Estate,MITT
2020Q4,2020,Q4,2020-12-31,2020-12-31,40991000.0,23190000.0,0.0,2.9,0.0,0.0,1400045000.0,409705000.0,0.0,0.0,990340000.0,0.0,-518058000.0,124926467.25,495292467.25,29.024187826779357,0.0,0.29877039666582145,1.020958982682662,0.0,29.024187826779357,0.10005003600151328,5.387083538163001,0.7619140009392306,0.30491809289610816,0.3630553048230099,0.0,0.11912607734451085,0.016563753307929387,0.0,0.029278344624637066,19.39851975931677,0.0,1.1969680325999752,57.379829667254825,2.6296600252940823,-0.5879306409566741,0.0,1.0448468522398484,0.0,0.12498298190245175,-0.4274695428776723,-0.618128939010078,REIT—Mortgage,Real Estate,MITT
2020Q3,2020,Q3,2020-09-30,2020-09-30,20046000.0,9644000.0,0.0,1.320001,0.0,0.0,1101224000.0,390469000.0,0.0,0.0,710755000.0,0.0,-552959000.0,95004620.63999999,470598620.64,34.03080079916416,0.0,0.38156269750750077,1.0761059136576783,0.0,34.03080079916416,0.05133826244849143,9.85116348403152,1.184832642921281,0.24330899671932982,0.0,0.0,0.0,0.008757527987039876,0.0,0.018203380965180562,-30.401478604799994,0.0,6.500004166666667,56.587122673610125,0.7734377795861996,-0.5301583690076135,0.0,5.548840248284875,0.0,-0.5497610724902265,-0.7880520924178568,-0.5530563336162008,REIT—Mortgage,Real Estate,MITT
2020Q2,2020,Q2,2020-06-30,2020-06-30,3061000.0,11345000.0,0.0,-0.24,0.0,0.0,855598000.0,365378000.0,0.0,0.0,490220000.0,0.0,-573544000.0,104820104.73,298456104.73,33.35874800933334,0.0,0.3059684571492687,0.7164799194259096,0.0,33.35874800933334,0.008377625363322368,9.239321703834289,8.560936354949364,0.2868812701640493,0.0,0.0,0.0,0.013259731789929383,0.0,0.0035776147209320265,-15.905933949924128,0.0,0.9946595514089939,0.4369434076669776,0.2696935469170414,-0.5532265004033994,0.0,1.0063111189917056,0.0,-0.9221412436902375,-0.7372579293553659,-0.5487238614038644,REIT—Mortgage,Real Estate,MITT
2020Q1,2020,Q1,2020-03-31,2020-03-31,-485017000.0,20297000.0,0.0,-44.940045,0.0,0.0,1558636000.0,358665000.0,0.0,0.0,1199971000.0,0.0,-576605000.0,89732166.84,719586166.84,32.85584650214605,0.0,0.4633237009795744,2.0134470885087756,0.0,32.85584650214605,-1.352284164889242,4.4209571286397,-0.04625207304073878,0.2501837838651667,-0.042062443172094996,0.0,0.22735436709532153,0.013022283586417868,0.0,-0.3111804167233401,12.075382430359307,0.0,-17.64444261728598,-33.93972672349344,-0.01813351395434342,-0.5712592206566776,0.0,-14.841809360730593,0.0,-17.333877955817393,-0.39411900237339487,-0.543504513207148,REIT—Mortgage,Real Estate,MITT
2019Q4,2019,Q4,2019-12-31,2019-12-31,35040000.0,29254000.0,0.0,2.700003,0.0,0.0,4347817000.0,849046000.0,0.0,0.0,3498771000.0,0.0,-85921000.0,504881131.14,759039131.14,77.79428767978418,0.0,0.07724566144343242,0.3955616067916226,0.0,77.79428767978418,0.041269848747888804,17.258533231011143,3.602177020119863,0.5946452031338703,0.5821347031963471,0.0,0.040401589090767145,0.00672843406242719,0.0,0.008059216843763203,16.063669460388162,0.0,3.7368390581770914,1.0730930849079041,0.18205706809531028,0.004716254458782362,0.0,2.4869141208080405,0.0,28.400010408111353,6.376419691204041,0.09518171709966136,REIT—Mortgage,Real Estate,MITT
2019Q3,2019,Q3,2019-09-30,2019-09-30,10049000.0,19269000.0,0.0,0.570001,0.0,0.0,4748909000.0,834173000.0,0.0,0.0,3914736000.0,0.0,-100560000.0,495949900.05,4321050900.05,76.4455499359466,0.0,0.8120957887380028,4.623224439055208,0.0,76.4455499359466,0.012046661783586857,25.738227206912658,12.338289880833914,0.5945408207290335,1.962682854015325,0.0,0.03976812980103755,0.004057563537225076,0.0,0.0021160649740814153,41.215814846671655,0.0,-0.5957442583374055,-0.6108402637160669,-0.4029539637849642,-0.02035642902002076,0.0,-0.4619873648142199,0.0,-0.8149993556133701,-0.680585394743958,0.052090403894230294,REIT—Mortgage,Real Estate,MITT
2019Q2,2019,Q2,2019-06-30,2019-06-30,18678000.0,26263000.0,0.0,1.410001,0.0,0.0,3797915000.0,730864000.0,0.0,0.0,3067051000.0,0.0,-92510000.0,518110037.28000003,3459876037.28,67.03336121865297,0.0,0.7903976260658809,4.107279876967534,0.0,67.03336121865297,0.025556054204338974,19.727755293759284,6.934763321554771,0.7089007493596621,1.0556804797087482,0.0,0.03805755260700321,0.006915110001145365,0.0,0.0049179615657538416,42.97885004396516,0.0,-0.4404764597502463,-0.6063572809958763,-0.4783474133264164,-0.138761774174121,0.0,-0.3593551706396844,0.0,-0.24035062467980248,-0.13191371507542737,-0.030945144476892714,REIT—Mortgage,Real Estate,MITT
2019Q1,2019,Q1,2019-03-31,2019-03-31,29155000.0,39073000.0,0.0,2.520003,0.0,0.0,4007141000.0,731636000.0,0.0,0.0,3275505000.0,0.0,-91466000.0,517227888.24,707674888.24,71.84413927571788,0.0,0.06019902968225974,0.32970766884078967,0.0,71.84413927571788,0.039849050620800505,13.237475705474369,4.435155961584634,0.7069470176973248,0.6084376607785972,0.0,0.034296294541196294,0.009750842308768272,0.0,0.007275760947767997,53.2127457037037,0.0,1.5793105017834466,-0.13182827079927797,-0.00724443758482829,-0.050203305499723974,0.0,1.7627207325049052,0.0,12.037380377412994,9.179057077126677,0.047659106680082344,REIT—Mortgage,Real Estate,MITT
2018Q4,2018,Q4,2018-12-31,2018-12-31,-38225000.0,42558215.0,0.0,-4.350004,0.0,0.0,3548926000.0,656011000.0,0.0,0.0,2892915000.0,0.0,-100902000.0,457891426.17,3259675426.17,68.4676844732194,0.0,0.7983719581642447,4.319078491061887,0.0,68.4676844732194,-0.05826884000420725,10.759178367090819,-2.99471174735121,0.6979935186605103,-0.4639895356442119,0.0,0.03873407315867759,0.011991857536618121,0.0,-0.01077086419947894,21.908680677990432,0.0,-3.0714285034014255,-3.2344567240349784,0.8661476937562363,-0.08080700967510963,0.0,-2.635154211404372,0.0,-76.45838670885219,8.813734651752613,-0.027933700524467697,REIT—Mortgage,Real Estate,MITT
2018Q3,2018,Q3,2018-09-30,2018-09-30,23377000.0,16542000.0,0.0,2.100002,0.0,0.0,3894789000.0,711872000.0,0.0,0.0,3182917000.0,0.0,-44939000.0,510174361.5,3404695361.5,75.13961910451668,0.0,0.7509680241984867,4.108690888249573,0.0,75.13961910451668,0.03283876876741886,30.84115351831701,5.45594346473029,0.7166658633855525,0.747225478033965,0.0,0.0342390588751685,0.004247213392047682,0.0,0.006002122322929432,25.616576671073556,0.0,3.1176429065825357,2.8873224988648634,0.6947890702179081,0.0035204936126044073,0.0,1.8619717206293473,0.0,79.50850631408866,2.6840731101746287,0.037404949726598996,REIT—Mortgage,Real Estate,MITT
2018Q2,2018,Q2,2018-06-30,2018-06-30,8168145.0,13721477.0,0.0,0.510001,0.0,0.0,3512485224.0,696558106.0,0.0,0.0,2815927118.0,0.0,-50579580.0,529894854.63,512733629.63,74.09956917327843,0.0,0.0039812964633840695,0.0200762073968313,0.0,74.09956917327843,0.011726437363432247,38.61791661568212,16.21833521044252,0.7607331679376077,2.0519100726052244,0.0,0.031629480553652306,0.003906486753664989,0.0,0.0023254603162993974,-102.03395066430542,0.0,0.0,1.1141258891580703,1.2103157045083524,-0.03991531627624028,0.0,-0.009610775941874594,0.0,3.4677694819500884,0.7893127557845938,-0.007584942070264629,REIT—Mortgage,Real Estate,MITT
2018Q1,2018,Q1,2018-03-31,2018-03-31,8247409.0,11595308.0,0.0,0.510001,0.0,0.0,3697084432.0,705826124.0,0.0,0.0,2991258308.0,0.0,-41279907.0,489758336.28,479960810.28,75.09948600571067,0.0,0.004191519637980505,0.021954985049547415,0.0,75.09948600571067,0.01168476019739955,42.23763062438704,14.84582419399838,0.6938795825584942,2.0320092043452678,0.0,0.03421853138283043,0.0031363384345883937,0.0,0.0022307873005590045,28.395855213810627,0.0,-0.7702700267837597,-0.524189661114012,-0.5540050634420903,-0.14738841387852147,0.0,-0.6600041307016669,0.0,-0.34942684766025633,-0.3484939579100116,-0.02001574799577189,REIT—Mortgage,Real Estate,MITT
2017Q4,2017,Q4,2017-12-31,2017-12-31,24257380.0,26965190.0,0.0,2.220002,0.0,0.0,3789295378.0,714259207.0,0.0,0.0,3075036171.0,0.0,-32767017.0,535939653.12,537217799.12,76.00520382859108,0.0,0.004348513207934987,0.023069777524057873,0.0,76.00520382859108,0.033961592321483366,19.87524112086731,5.5234701060048526,0.7503433597601494,0.8070237593672523,0.0,0.0365270266643561,0.0071161488641279524,0.0,0.0064015542680663515,26.546525479385913,0.0,-0.367521518493996,0.3151928284377035,-0.8248105390047001,-0.13021085811326788,0.0,-0.3263978885374666,1.0,0.6667466450061339,0.265399516998461,-0.018389833140892795,REIT—Mortgage,Real Estate,MITT
2017Q3,2017,Q3,2017-09-30,2017-09-30,36011437.0,36803052.0,-5515406.0,3.510004,0.0,0.0,3544473934.0,706625881.0,115935907.0,126075158.0,2837848053.0,0.0,-40265586.0,535668959.28,491173485.28,76.14114117447018,0.9195777252168901,0.0048585689500517,0.02437084667155009,-0.007619574807576174,76.14114117447018,0.05096252199118079,14.555014602593284,3.7187419046898906,0.7580658643891364,0.46021037705326784,0.0,0.030938580092965958,0.010383219819158641,0.587382543672878,0.010159882022142698,22.282214475476767,0.0,0.09345816810763104,-0.5914712060462538,0.0,-0.3033732421127181,0.0,0.08562584133775843,0.0,0.6397561451620065,0.3408069089064828,-0.02425740280306277,REIT—Mortgage,Real Estate,MITT
2017Q2,2017,Q2,2017-06-30,2017-06-30,33171131.0,36431688.0,0.0,3.210003,0.0,0.0,3234514919.0,683131695.0,0.0,0.0,2551383224.0,0.0,-56700741.0,507352036.5,496979728.5,73.92092148525356,0.0,0.005805559556919762,0.027488358595336437,0.0,73.92092148525356,0.04855744689170073,13.926119385409757,3.8237468937975008,0.7426855468915112,0.4981970014830064,0.0,0.03257256660287398,0.011263416281061216,0.0,0.010255364971466993,31.881438881135967,0.0,0.37179498137181066,-0.5799452340866332,0.0,0.12889661383384876,0.0,0.320629722623069,0.0,-0.17521521326416606,-0.14626156044122227,-0.05027105736630423,REIT—Mortgage,Real Estate,MITT
2017Q1,2017,Q1,2017-03-31,2017-03-31,25117662.0,28337144.0,0.0,2.340002,0.0,0.0,2620638328.0,664605709.0,0.0,0.0,1956032619.0,0.0,-73299035.0,500018825.7,490320035.7,71.97408835950954,0.0,0.007612167916060487,0.030015900751162523,0.0,71.97408835950954,0.03779332867572463,17.64535006421254,4.976765211069406,0.7523540934554326,0.6579006835906941,0.0,0.033048609673577735,0.010813069356894486,0.0,0.009584558743429932,31.379581855201483,0.0,5.875004166666667,0.17409479875599493,0.0,0.09665968222830956,0.0,24.216079370889208,0.0,-0.17512596842130254,-0.20596896999449457,-0.048485347549598296,REIT—Mortgage,Real Estate,MITT
2016Q4,2016,Q4,2016-12-31,2016-12-31,-1081908.0,3355186.0,0.0,-0.48,0.0,0.0,2628644566.0,655876390.0,0.0,0.0,1972768176.0,0.0,-81890939.0,473949138.75,442970957.75,71.03322349628387,0.0,0.008175966533468564,0.03276792750536423,0.0,71.03322349628387,-0.0016495608265453799,141.25867798387333,-109.5169688064974,0.7226196063407618,-15.273038927524336,0.0,0.0348645490602234,0.0012763939421089462,0.0,-0.0004115839828609221,31.168403181833156,0.0,-1.1038959914545545,-1.0959836768467117,-0.8285917413531203,0.6274424245473851,0.0,-1.0234524586151923,0.0,-1.0656265830822709,-0.8473333358640802,-0.04636411147357604,REIT—Mortgage,Real Estate,MITT
2016Q3,2016,Q3,2016-09-30,2016-09-30,46131965.0,51233822.0,0.0,4.620005,0.0,0.0,3008093599.0,673372565.0,0.0,0.0,2334721034.0,0.0,-64284104.0,437882996.25,416194020.25,72.66062845263998,0.0,0.008094999107772111,0.03616202421314863,0.0,72.66062845263998,0.06850882765026223,8.546756403416477,2.372991245061857,0.6502833928940958,0.3598351164967718,0.0,0.03790944417152622,0.01703199063254946,0.0,0.01533594733067347,23.189458467253374,0.0,1.44444450323333,0.17250302877371781,0.0,0.09059690891613037,0.0,1.18872023487436,0.0,6.842244939874354,4.366128235183419,-0.029587445345297492,REIT—Mortgage,Real Estate,MITT
2016Q2,2016,Q2,2016-06-30,2016-06-30,21077141.0,25934385.0,0.0,1.890002,0.0,0.0,3016488933.0,646521130.0,0.0,0.0,2369967803.0,0.0,-93892046.0,404882062.56,388772011.56,69.17395938588798,0.0,0.008549105789144296,0.03988776515316676,0.0,69.17395938588798,0.03260085405097278,15.61178576472895,4.802383569953819,0.6262472234434163,0.7966312414003398,0.0,0.04147061713190063,0.008597540244978582,0.0,0.006987309242019354,22.262532277565647,0.0,3.999998412700932,440.6414585968058,0.0,14396.662070481478,0.0,9.62252830622473,0.0,1.296192471222342,1.399805140519621,-0.10373488456299852,REIT—Mortgage,Real Estate,MITT
2016Q1,2016,Q1,2016-03-31,2016-03-31,-2444427.0,3552215.0,0.0,-0.630001,0.0,0.0,3281055422.0,646256777.0,0.0,0.0,2634798645.0,0.0,-98369286.0,369513746.07,357077698.07,68.57587436373663,0.0,0.008612073057508994,0.04372362504447671,0.0,68.57587436373663,-0.0037824392516970077,104.02347438710775,-37.791448268858105,0.5717754292424233,-6.898750913813339,0.0,0.04563698422414145,0.0010826440102723752,0.0,-0.0007450124077788285,25.225147127792052,0.0,-0.5000023809523811,-1.111958007921208,0.0,0.04488154421100846,0.0,-4.012142685784938,0.0,-1.1406437447935869,-0.8637382726613722,-0.2214515954678213,REIT—Mortgage,Real Estate,MITT
2015Q4,2015,Q4,2015-12-31,2015-12-31,-487701.0,4285719.0,0.0,-0.42,0.0,0.0,3164076232.0,666944713.0,0.0,0.0,2497131519.0,0.0,-79134150.0,364742490.24,745430060.24,70.43520026376842,0.0,0.13493380996390608,0.6401443068340209,0.0,70.43520026376842,-0.0007312465193797856,85.10648743886382,-186.97034158223997,0.5468856460370503,-41.85744134213381,0.0,0.05596802277290939,0.0013544929659583499,0.0,-0.00015413693104724159,20.22523475008082,0.0,-0.07692307692307684,-1.0421911234837617,-0.7864993369623131,0.613741112238061,0.0,-0.6385159651669086,0.0,-1.0262428879023715,-0.9723661991790742,-0.193952922826088,REIT—Mortgage,Real Estate,MITT
2015Q3,2015,Q3,2015-09-30,2015-09-30,-297648.0,4488391.0,0.0,-0.39,0.0,0.0,3365491392.0,685937430.0,0.0,0.0,2679553962.0,0.0,-61782956.0,432413989.32,768793222.3199999,72.43036494506723,0.0,0.11424722461450289,0.5605439128755519,0.0,72.43036494506723,-0.00043392879143510217,96.34053479743632,-363.19241967021446,0.6303985909035463,-68.54029256033974,0.0,0.047179049484688866,0.0013336510117569185,0.0,-8.844117108946687e-05,21.09393435442429,0.0,-1.6,-1.0074029945194638,0.0,0.08714077765298393,0.0,-1.1617261921579793,0.0,-1.0033089600108753,0.0,-0.33732369221184166,REIT—Mortgage,Real Estate,MITT
2015Q2,2015,Q2,2015-06-30,2015-06-30,1840444.0,7719773.0,0.0,-0.15,0.0,0.0,3392022026.0,706567946.0,0.0,0.0,2685454080.0,0.0,-41071392.0,490565030.40000004,452771462.40000004,74.66590574296264,0.0,0.010615885959462222,0.050963703071806206,0.0,74.66590574296264,0.0026047657701132113,63.54656158931098,66.63677764713297,0.6942927897835887,11.084239998609032,0.0,0.041584543813418945,0.002275861695716477,0.0,0.000542580203162867,19.444871204219197,0.0,-1.1515149984696986,38.91560950141938,0.0,15539.580656717377,0.0,-0.8558034737024699,0.0,-0.9772399236591348,0.0,0.14027377457521037,REIT—Mortgage,Real Estate,MITT
2015Q1,2015,Q1,2015-03-31,2015-03-31,12763442.0,17918855.0,0.0,0.990001,0.0,0.0,3559704682.0,725145315.0,0.0,0.0,2834559367.0,0.0,-22510955.0,534822082.56,531119553.56,76.63336002810243,0.0,0.010788862119433536,0.05296202320496272,0.0,76.63336002810243,0.01760121969484144,29.846889355374547,10.475663276410863,0.7375378031091603,1.598233689626983,0.0,0.038141587015924135,0.005033803812605149,0.0,0.003585533953010094,22.959816380568743,0.0,-0.36128967741935486,-0.41779962801687376,0.0,0.16765238952002118,0.0,-0.1290387187329211,0.0,-0.41779962801687376,0.0,0.16765238952002118,REIT—Mortgage,Real Estate,MITT
2014Q4,2014,Q4,2014-12-31,2014-12-31,14654431.0,21457073.0,0.0,1.55,0.0,0.0,3458405131.0,732675143.0,0.0,0.0,2725729988.0,0.0,-14874474.0,527157434.88,502571834.88,77.42911228373644,0.0,0.011501808635270614,0.05429133822818935,0.0,77.42911228373644,0.02000126678243266,24.568003048691683,8.99314062210945,0.7194968191789741,1.3919313550966257,0.0,0.038694250806959235,0.006204326036780912,0.0,0.004237337860923964,24.46197680889742,0.0,-0.22885648870001124,0.26861343745475347,0.06964315720828697,0.7739786542587089,0.0,-0.3454807970767872,0.0,0.26861343745475347,0.06964315720828697,0.7739786542587089,REIT—Mortgage,Real Estate,MITT
2014Q3,2014,Q3,2014-09-30,2014-09-30,22389612.0,27983561.0,0.0,2.010002,0.0,0.0,3618452827.0,738311542.0,0.0,0.0,2880141285.0,0.0,-9129942.0,505238920.2,461526995.2,78.03404442237584,0.0,0.0,0.0,0.0,78.03404442237584,0.03032542595683815,18.054847279801166,5.641443453776689,0.684316702988777,0.9109133289134265,0.0,0.04036703267421796,0.007733570765713343,0.0,0.006187620253864926,21.988951107294724,0.0,-0.49624060527257613,-0.44260981894038604,0.0,0.17124898930288593,0.0,-0.4561045043708311,0.0,-0.44260981894038604,0.0,0.17124898930288593,REIT—Mortgage,Real Estate,MITT
2014Q2,2014,Q2,2014-06-30,2014-06-30,41165283.0,43678320.0,0.0,3.990004,0.0,0.0,3800159361.0,736234611.0,0.0,0.0,3063924750.0,0.0,-11121592.0,537180698.88,525977469.88,77.83370408851947,0.0,0.0,0.0,0.0,77.83370408851947,0.05591326784282354,12.298565944844032,3.2623406164850124,0.7296324987361943,0.49536171049765404,0.0,0.03796060625878011,0.011493812719608207,0.0,0.010832514926207591,21.63300063197855,0.0,0.35714283284744947,849.4174691020397,0.0,16198.825188834902,0.0,0.3199821575167665,0.0,849.4174691020397,0.0,16198.825188834902,REIT—Mortgage,Real Estate,MITT
2014Q1,2014,Q1,2014-03-31,2014-03-31,31186242.0,36550226.0,0.0,2.940003,0.0,0.0,3891449748.0,715352421.0,0.0,0.0,3176097327.0,0.0,-31891879.0,496783038.90000004,463530065.90000004,75.6415975036824,0.0,0.0,0.0,0.0,75.6415975036824,0.04359563354298063,13.591791167036835,3.982389405078047,0.6944591565169247,0.653757737145758,0.0,0.04104054567793739,0.009392444555858621,0.0,0.008014042071602771,20.919613426201398,0.0,0.6424597765363128,0.42336254241018606,0.0,0.15254103486911216,0.0,0.8469435441722324,1.0,0.42336254241018606,0.0,0.15254103486911216,REIT—Mortgage,Real Estate,MITT
2013Q4,2013,Q4,2013-12-31,2013-12-31,16885325.0,22509781.0,-5713590.0,1.79,0.0,0.0,3684706374.0,704430734.0,185729731.0,61164036.0,2980275640.0,0.0,-42686416.0,443728539.6,357538528.6,74.48673477048534,3.036583965780152,0.0,0.0,-0.007983997372297191,74.48673477048534,0.023970170784740348,19.712699097339065,6.569736436817178,0.629910817604957,1.207254346599784,0.0,0.045939983978438695,0.0061089755099167095,1.6287291767338572,0.004582542891109619,17.2203561089621,0.0,5.62962962962963,0.46257312720950877,0.12276153813300163,0.7065658330687823,0.0,1.8139774242861326,0.0,0.46257312720950877,0.12276153813300163,0.7065658330687823,REIT—Mortgage,Real Estate,MITT
2013Q3,2013,Q3,2013-09-30,2013-09-30,6000519.0,9739193.0,0.0,0.27,0.0,0.0,3892042141.0,707825616.0,0.0,0.0,3184216525.0,0.0,-39183494.0,471341637.71999997,436252605.71999997,74.87601855944092,0.0,0.0,0.0,0.0,74.87601855944092,0.008477397348106147,48.396375112393805,19.637536258113673,0.6659007911914847,4.341828098536143,0.0,0.055274603207189785,0.0025023349303966336,0.0,0.0015417405009027624,17.588161415131967,0.0,1.0338345525468144,-0.85048885392344,0.0,0.12384872154111043,0.0,1.0842352025833712,0.0,-0.85048885392344,0.0,0.12384872154111043,REIT—Mortgage,Real Estate,MITT
2013Q2,2013,Q2,2013-06-30,2013-06-30,-71235289.0,-64935933.0,0.0,-7.980008,0.0,0.0,4735235226.0,722110625.0,0.0,0.0,4013124601.0,0.0,-24799131.0,526845313.29,456333467.29,77.1802429821896,0.0,0.0,0.0,0.0,77.1802429821896,-0.09864872020128494,-8.113309364323756,-1.8489618020992378,0.7295908619126051,-0.35588967709529473,0.0,0.048120204091186704,-0.013713348946944162,0.0,-0.015043664274345808,12.603893351573117,0.0,-6.4285731778413755,-1483.3100392878703,0.0,16062.834631890624,0.0,-5.247576190272038,0.0,-1483.3100392878703,0.0,16062.834631890624,REIT—Mortgage,Real Estate,MITT
2013Q1,2013,Q1,2013-03-31,2013-03-31,16770809.0,25154907.0,0.0,1.470001,0.0,0.0,4929728606.0,800971113.0,0.0,0.0,4128757493.0,0.0,72489380.0,686650260.51,645936108.51,88.08170945381762,0.0,0.0,0.0,0.0,88.08170945381762,0.020938094680076184,27.296871362315112,10.235795132333807,0.8572721904266728,1.3063186755033702,0.0,0.03190564725589432,0.005102696113815236,0.0,0.003401974092364467,18.84337533173823,0.0,-0.24615333333333336,-0.20396027505154343,0.0,0.3420893782948107,0.0,-0.060317900915330604,0.0,-0.20396027505154343,0.0,0.3420893782948107,REIT—Mortgage,Real Estate,MITT
2012Q4,2012,Q4,2012-12-31,2012-12-31,17847322.0,148940946.0,0.0,1.95,0.0,0.0,4855567281.0,794621781.0,0.0,0.0,4060945500.0,0.0,81070475.0,640546210.4399999,490951428.43999994,87.38348200544543,0.0,0.0,0.0,,87.38348200544543,0.022460146986582538,4.300672364737094,8.972581578905787,0.8061020044453072,1.158466351422359,0.0,0.03227795538092045,0.030674262631023772,0.0,0.003675640963690726,12.226303691193598,0.0,-0.7903227835585965,0.6077164845851075,6.7260694039602615,1.0020432527291228,0.0,-0.7084741667476446,1.0,0.6077164845851075,6.7260694039602615,1.0020432527291228,REIT—Mortgage,Real Estate,MITT
2012Q3,2012,Q3,2012-09-30,2012-09-30,61220379.0,0.0,-3583443.0,9.300009,0.0,0.0,4769339066.0,704478303.0,116320324.0,4064860763.0,4064860763.0,0.0,84855174.0,466194190.74,4228925881.74,109.29976535123309,0.028616066030796045,0.8058199603374561,5.4554251005797125,,109.29976535123309,0.08690172392718815,0.0,1.903754102616712,0.6617580538033973,0.18890472729677155,0.0,0.0248068706768802,0.0,0.026631649965817045,0.012836239603183626,17.55719673603804,0.0,0.08771920590960783,1.237257172988759,0.0,0.6405306253992661,0.0,0.3629431758623501,-0.5459241913482088,1.237257172988759,0.0,0.6405306253992661,REIT—Mortgage,Real Estate,MITT
2012Q2,2012,Q2,2012-06-30,2012-06-30,44917778.0,0.0,-2317994.0,8.550009,0.0,0.0,2638884820.0,344202616.0,169917040.0,2294682204.0,2294682204.0,0.0,41740810.0,338889907.44,2455162883.44,65.48068315504156,0.07404817961450491,0.8085727917446582,6.199053600452589,-0.0009354546403364092,65.48068315504156,0.1304980726817021,0.0,1.8861680303954484,0.9845651708817924,0.24577262036425757,0.0,0.032575652911571405,0.0,0.07304447722992843,0.01702150001378234,13.921981073511605,0.0,2.7012993928143785,1666.8823517802973,0.0,13628.061327886815,0.0,3.1019161060041616,-0.1432205563227461,1666.8823517802973,0.0,13628.061327886815,REIT—Mortgage,Real Estate,MITT
2012Q1,2012,Q1,2012-03-31,2012-03-31,10950438.0,0.0,-2027600.0,2.310002,0.0,0.0,2475817891.0,310204171.0,112249963.0,2165613720.0,2165613720.0,0.0,7866004.0,279905698.8,2345783114.8,65.63028579045137,0.05183286472714072,0.8428286755602898,6.726828679553764,,65.63028579045137,0.035300743909081736,0.0,6.390285457074868,0.9023273217045169,0.6402639784819566,0.0,0.02504833245645944,0.0,0.04985174410513062,0.004422957778844163,24.27950991605654,0.0,0.8924096869753897,0.0,0.0,0.0,-1.0,0.8978228769497401,-1.3514038128249566,0.0,0.0,0.0,REIT—Mortgage,Real Estate,MITT
2011Q4,2011,Q4,2012-03-19,2011-12-31,5770000.0,10020000.0,5770000.0,1.22066697074038,8140000.0,0.812375249500998,1389986311.0,206300000.0,35851249.0,1170000000.0,1187900000.0,0.0,8000000.0,285435750.6,1399635750.6,43.64714992362278,0.030642093162393164,0.8274182205237559,5.574890935530781,0.004253907401946328,43.64714992362278,0.027968977217644207,28.48660185628743,12.36723356152513,1.3835954949103249,0.6932409012131716,0.0,0.014013661538864011,0.007208704086295135,0.034700854700854704,0.004151120017756779,27.1843572,0.812375249500998,-0.7114265209346421,0.0,0.0,0.0,0.0,-0.5634424101852744,4.696748719111806,0.0,0.0,0.0,REIT—Mortgage,Real Estate,MITT
2011Q3,2011,Q3,2011-09-30,2011-09-30,13217042.0,0.0,-1560831.0,4.230004,0.0,0.0,1366220398.0,207413703.0,72139021.0,1158806695.0,1158806695.0,0.0,9196824.0,174648724.8,113190376.80000001,66.62464184393518,0.06225285141280617,0.0,0.0,,66.62464184393518,0.06372308969383764,0.0,3.303476012257508,0.8420307929221051,0.0,0.0,0.0,0.0,0.056584589373640096,0.009674165324532066,35.76626789324802,0.0,825.7229479430689,0.0,0.0,0.0,0.0,836.5697306865596,-97.67435832595777,0.0,0.0,0.0,REIT—Mortgage,Real Estate,MITT
2011Q2,2011,Q2,2011-06-30,2011-06-30,-15818.0,0.0,-15818.0,-0.005129,0.0,0.0,64976409.0,-14818.0,63151014.0,64991227.0,64991227.0,0.0,-15818.0,181694314.32,181693527.32,-0.004805194720965994,0.9716852091436895,0.0,0.0,,-0.004805194720965994,1.0674854906195168,0.0,-2871.6385497534457,-12261.729944661898,0.0,0.0,0.0,0.0,1.2109326694201357e-05,-0.00024344220069163873,-853024.9498591549,0.0,0.0,0.0,0.0,0.0,0.0,0.0,0.0,0.0,0.0,0.0,REIT—Mortgage,Real Estate,MITT
