Quarters,Year,Quarter,FillingDate,Date,NetIncome,Revenue,OperatingIncome,EPSDiluted,GrossProfit,GrossProfitRatio,TotalAssets,CommonStockEquity,CurrentAssets,CurrentLiability,TotalLiability,Inventory,RetainedEarnings,MarketCap,EnterpriseValue,bookValuePerShare,currentRatio,debtToAssets,debtToEquity,roic,shareholdersEquityPerShare,roe,priceToSalesRatio,peRatio,pbRatio,payoutRatio,inventoryTurnover,dividendYield,assetTurnover,quickRatio,returnOnAssets,priceToFreeCashFlowsRatio,grossProfitMargin,epsdilutedGrowth,fiveYNetIncomeGrowthPerShare,fiveYRevenueGrowthPerShare,fiveYShareholdersEquityGrowthPerShare,grossProfitGrowth,netIncomeGrowth,operatingIncomeGrowth,threeYNetIncomeGrowthPerShare,threeYRevenueGrowthPerShare,threeYShareholdersEquityGrowthPerShare,Industry,Sector,Symbol
2023Q3,2023,Q3,2022-12-31,2022-12-31,41000.0,2562000.0,5000.0,0.0099,727000.0,0.2837626854,12947000.0,9404000.0,11555000.0,3191000.0,3543000.0,1493000.0,-2271000.0,8556900.799999999,2709900.799999999,2.3094302554027504,3.6211219053588217,0.03699698771916274,0.050935772011909825,0.0007609163660119075,2.3094302554027504,0.004359846873670779,3.3399300546448085,52.1762243902439,0.9099213951509996,,1.2290689886135298,,0.19788367961689968,2.9103729238483234,0.003166756777631884,0.0,0.28376268540202965,-0.9009999999999999,-0.8990201440042299,-0.5248373505004494,-0.22200262334610885,-0.33848953594176523,-0.8964646464646465,-0.9869451697127938,-0.8740771459638457,-0.30300044874706533,-0.1332826152933152,Metal Fabrication,Industrials,HIHO
2023Q2,2023,Q2,2022-09-30,2022-09-30,396000.0,3043000.0,383000.0,0.1,1099000.0,0.3611567532,14148000.0,9639000.0,12543000.0,4138000.0,4497000.0,2060000.0,-2114000.0,8632640.0,3207640.0,2.3671414538310414,3.0311744804253262,0.041560644614079725,0.06100217864923747,0.034722776631372416,2.3671414538310414,0.04108309990662932,2.8368846533026617,5.44989898989899,0.8955949787322336,,0.9436893203883495,,0.21508340401470172,2.265828902851619,0.027989821882951654,0.0,0.3611567532040749,0.11111111111111122,0.7523347517202211,-0.3885884718492992,-0.19334303061166808,0.04467680608365019,0.015384615384615385,0.049315068493150684,5.038958324624839,-0.08686891047221985,-0.09726284695160833,Metal Fabrication,Industrials,HIHO
2023Q1,2023,Q1,2022-06-30,2022-06-30,390000.0,2942000.0,365000.0,0.09,1052000.0,0.3575798776,14112000.0,9720000.0,12150000.0,3992000.0,4386000.0,2217000.0,-1895000.0,9121360.0,3472360.0,2.408325074331021,3.0435871743486973,0.0534297052154195,0.07757201646090535,0.03283973012076223,2.408325074331021,0.040123456790123455,3.1003942895989125,5.84702564102564,0.9384115226337447,,0.8525033829499323,,0.2084750566893424,2.344438877755511,0.027636054421768707,0.0,0.3575798776342624,1.9814612868047983,0.6930345781971473,-0.47797548565080406,-0.20364829251986935,0.18335208098987626,2.054054054054054,3.1987951807228914,4.601848073223343,-0.025860053891078625,-0.08754838738350355,Metal Fabrication,Industrials,HIHO
2022Q4,2022,Q4,2022-03-31,2022-03-31,-370000.0,3008000.0,-166000.0,-0.0917,889000.0,0.2955452128,14859000.0,9269000.0,12322000.0,5182000.0,5590000.0,2350000.0,-2284000.0,11373060.0,6564060.0,2.298289114802876,2.3778463913546894,0.08082643515714381,0.12957169058150825,-0.031139744037590775,2.298289114802876,-0.0399180062574172,3.7809375,-7.684499999999999,1.2269996763404898,,0.9017021276595745,,0.20243623393229693,1.8047086067155538,-0.024900733562150886,0.0,0.29554521276595747,-2.5621805792163546,-2.5927275773951655,-0.39921411070532514,-0.22472760052519425,0.03613053613053613,-2.4979757085020244,-1.8877005347593583,-0.8765413830521852,-0.24971601946553304,-0.13649605596804837,Metal Fabrication,Industrials,HIHO
2022Q3,2022,Q3,2021-12-31,2021-12-31,247000.0,2995000.0,187000.0,0.0587,858000.0,0.2864774624,15185000.0,9976000.0,11999000.0,4198000.0,5167000.0,2522000.0,-1713000.0,16522999.999999998,11171999.999999998,2.4754342431761787,2.8582658408766077,0.09410602568324004,0.14324378508420207,0.02056546227654222,2.4754342431761787,0.02475942261427426,5.516861435726209,16.723684210526315,1.6562750601443463,,0.8473433782712133,,0.19723411261112941,2.1831824678418292,0.016266052025024694,0.0,0.28647746243739564,-0.021666666666666595,-0.137168458781362,-0.48054199060558134,-0.16689166297922303,-0.21500457456541627,0.02066115702479339,-0.20085470085470086,1.7638180856689583,-0.04243638810615311,-0.07344898490274201,Metal Fabrication,Industrials,HIHO
2022Q2,2022,Q2,2021-09-30,2021-09-30,242000.0,3364000.0,234000.0,0.06,1093000.0,0.32491082045184305,15777000.0,10240000.0,12205000.0,4338000.0,5503000.0,2095000.0,-1709000.0,15002760.0,9276760.0,2.539052814282172,2.8135085292761643,0.09482157571147873,0.14609375,0.017340346948089527,2.539052814282172,0.0236328125,4.459797859690844,15.498719008264462,1.46511328125,,1.0840095465393795,,0.21322177853837865,2.280544029506685,0.01533878430626862,0.0,0.32491082045184305,-0.25000000000000006,2.782334800396727,-0.2485026963569509,-0.1331286997215501,0.17526881720430107,-0.2732732732732733,-0.2523961661341853,2.027652497526041,-0.09261269774716235,-0.09940490718342948,Metal Fabrication,Industrials,HIHO
2022Q1,2022,Q1,2021-06-30,2021-06-30,333000.0,2998000.0,313000.0,0.08,930000.0,0.31020680453635757,15600000.0,10082000.0,11860000.0,3993000.0,5494000.0,2171000.0,-1708000.0,15915240.0,9975240.0,2.508584224931575,2.970197846230904,0.11224358974358975,0.17367585796468954,0.02551862125589408,2.508584224931575,0.033029160880777626,5.308619079386258,11.948378378378377,1.5785796468954572,,0.9525564256103178,,0.19217948717948719,2.3648885549711998,0.021346153846153845,0.0,0.31020680453635757,1.5714285714285714,0.9092130561650343,-0.4572004985886418,0.0,1.4031007751937985,1.6043557168784028,1.4749620637329286,2.841709198380862,-0.299721630895223,-0.19186263148704896,Metal Fabrication,Industrials,HIHO
2021Q4,2021,Q4,2021-03-31,2021-03-31,-551000.0,1848000.0,-659000.0,-0.14,387000.0,0.20941558441558442,15486000.0,9756000.0,11481000.0,3964000.0,5713000.0,2238000.0,-2041000.0,14942380.0,9148380.0,2.435346979530704,2.896316851664985,0.1267596538809247,0.20120951209512095,-0.04299649530627744,2.435346979530704,-0.056478064780647805,8.085703463203464,-6.779664246823956,1.5316092660926608,,0.6528150134048257,,0.11933359163115072,2.2023208879919274,-0.035580524344569285,0.0,0.20941558441558442,-8.0,-3.4322841319416226,-0.665797797206629,-0.2200817708746852,-0.554147465437788,-7.559523809523809,-35.68421052631579,-1.7047723562903625,-0.5801069762366267,-0.21137984701680115,Metal Fabrication,Industrials,HIHO
2021Q3,2021,Q3,2020-12-31,2020-12-31,84000.0,2544000.0,19000.0,0.02,868000.0,0.3411949685534591,15856000.0,10313000.0,11588000.0,3948000.0,5528000.0,1501000.0,-1410000.0,16265930.0,10878930.0,2.59316067387478,2.93515704154002,0.1324419778002018,0.20362649083680792,0.027492592847791635,2.59316067387478,0.008145059633472316,6.393840408805032,48.41050595238095,1.5772258314748375,0.0,1.116588940706196,0.0,0.16044399596367306,2.407294832826748,0.0052976791120080725,0.0,0.3411949685534591,-0.6666666666666666,-0.766120102872217,-0.5712458138722433,-0.18184624910740707,-0.06766917293233082,-0.6331877729257642,-0.9184549356223176,-0.7881724931549019,-0.5169050972158059,-0.12641994847132512,Metal Fabrication,Industrials,HIHO
2021Q2,2021,Q2,2020-09-30,2020-09-30,229000.0,2719000.0,233000.0,0.06,931000.0,0.3424052960647297,16744000.0,10486000.0,12187000.0,4365000.0,6242000.0,1536000.0,-1257000.0,10867020.0,4726020.0,2.6825275006395497,2.7919816723940434,0.14936693741041568,0.2385084875071524,0.015043904958677686,2.6825275006395497,0.02183864199885562,3.996697315189408,11.863558951965064,1.036336067137135,0.0,1.1640625,0.0,0.1623865265169613,2.3922107674684994,0.013676540850453894,0.0,0.3424052960647297,2.0,-0.43260126967801366,-0.570917098308059,-0.15960194863319202,0.7903846153846154,2.0269058295964126,2.1095238095238096,0.055600212900355175,-0.4309073492098016,-0.08586810455932883,Metal Fabrication,Industrials,HIHO
2021Q1,2021,Q1,2020-07-02,2020-06-30,-223000.0,2057000.0,-210000.0,-0.06,520000.0,0.25279533300923673,16950000.0,10693000.0,12204000.0,4194000.0,6257000.0,1765000.0,-1089000.0,8680200.0,-418800.0,2.734782608695652,2.9098712446351933,0.0,0.0,-0.019639016178808567,2.734782608695652,-0.020854764799401477,4.219834710743801,-9.731165919282512,0.811764705882353,,0.8708215297450425,,0.12135693215339233,2.436337625178827,-0.013156342182890855,0.0,0.25279533300923673,-1.4285714285714286,-1.7205200341005966,-0.6620560058953575,-0.1694850891861761,-0.615099925980755,-1.3960923623445827,-1.2815013404825737,-1.9992645585583464,-0.6232468245063756,-0.09569981925022873,Metal Fabrication,Industrials,HIHO
2020Q4,2020,Q4,2020-03-31,2020-03-31,563000.0,2928000.0,746000.0,0.14,1351000.0,0.4614071038251366,18169000.0,10908000.0,13223000.0,4988000.0,7251000.0,2000000.0,-865000.0,7937299.999999999,1926299.999999999,2.789769820971867,2.650962309542903,0.15498926743354063,0.25815914924825817,0.035807740487455705,2.789769820971867,0.05161349468280162,2.7108265027322402,3.5245559502664294,0.7276585991932526,,0.7885,,0.16115361329737465,2.172213311948677,0.030986845726236997,0.0,0.4614071038251366,0.7500000000000001,2.3868898031802517,-0.4197070677097806,-0.13289081483745402,0.11560693641618497,0.7704402515723271,1.2202380952380953,1.4997676020974202,-0.39679569985695085,-0.058938438529408284,Metal Fabrication,Industrials,HIHO
2020Q3,2020,Q3,2020-01-22,2019-12-31,318000.0,3590000.0,336000.0,0.08,1211000.0,0.33732590529247913,16548000.0,10597000.0,14053000.0,5631000.0,5912000.0,2327000.0,-1111000.0,6442740.0,-1657260.0,2.6645712848881065,2.4956490854199966,0.02671017645636935,0.04170991790129282,0.0246326441828061,2.6645712848881065,0.03000849296970841,1.7946350974930363,5.065047169811321,0.6079777295460981,,1.0223463687150838,,0.21694464587865603,1.9579115610015982,0.019216823785351705,0.0,0.33732590529247913,5.0,-0.16097616697673675,-0.43067074573235,-0.18581947026247098,0.4331360946745562,4.382978723404255,2.9881656804733727,0.12565585449668937,-0.36904625280541486,-0.10323751958033534,Metal Fabrication,Industrials,HIHO
2020Q2,2020,Q2,2019-12-04,2019-09-30,-94000.0,3195000.0,-169000.0,-0.02,845000.0,0.2644757433489828,16336000.0,10237000.0,13863000.0,5786000.0,6061000.0,2220000.0,-1430000.0,6753920.0,-578080.0,2.6221823770491803,2.3959557552713444,0.043278648383937315,0.06906320210999316,-0.014505192687322976,2.6221823770491803,-0.009182377649702061,2.1139029733959314,-17.962553191489363,0.6597557878284653,,1.0585585585585586,,0.19558031341821744,1.7692706533010716,-0.005754162585700294,0.0,0.2644757433489828,0.3333333333333333,-1.2445974903049533,-0.4739409634598279,-0.20054641364511072,0.13270777479892762,0.0784313725490196,-0.018072289156626505,0.2848120517418033,-0.26267201946235735,-0.10474700093920769,Metal Fabrication,Industrials,HIHO
2020Q1,2020,Q1,2019-07-31,2019-06-30,-102000.0,2845000.0,-166000.0,-0.03,746000.0,0.26221441124780315,16065000.0,10035000.0,13864000.0,5723000.0,5992000.0,2277000.0,-1335000.0,10265400.0,2918400.0,2.639400315623356,2.4225056788397694,0.06050420168067227,0.0968609865470852,-0.01385758410551799,2.639400315623356,-0.010164424514200299,3.608224956063269,-25.160294117647062,1.0229596412556055,,0.9218269653052261,,0.17709305944600062,1.7747684780709418,-0.006349206349206349,0.0,0.26221441124780315,0.38637758232767444,-1.3960271731983167,-0.49512777693094373,-0.1951021794108568,-0.09685230024213075,0.45161290322580644,0.2813852813852814,-1.6181818181818182,-0.4555023923444977,0.0,Metal Fabrication,Industrials,HIHO
2019Q4,2019,Q4,2019-05-24,2019-03-31,-186000.0,3782000.0,-231000.0,-0.04889,826000.0,0.21840296139608673,15250000.0,10126000.0,13352000.0,5081000.0,5113000.0,1539000.0,-1233000.0,12935300.0,4108300.0,2.6615849651728216,2.6278291674867154,0.0,0.0,-0.019876291401607078,2.6615849651728216,-0.01836855619198104,3.420227392913802,-17.386155913978495,1.2774343274738298,,1.9207277452891487,,0.248,2.1828380240110214,-0.01219672131147541,0.0,0.21840296139608673,0.38887499999999997,-2.2778696733904042,-0.30139333326298745,-0.16914529132649747,-0.02364066193853428,0.3901639344262295,0.2689873417721519,-1.8645477968256685,-0.2798180668592071,-0.14762920842426985,Metal Fabrication,Industrials,HIHO
2019Q3,2019,Q3,2019-02-28,2018-12-31,-305000.0,2950000.0,-316000.0,-0.08,846000.0,0.28677966101694913,15346000.0,10155000.0,14189000.0,5168000.0,5200000.0,2252000.0,-1048000.0,9730940.1,943940.0999999996,2.6716653512233624,2.745549535603715,0.0,0.0,-0.031117676021664206,2.6716653512233624,-0.03003446578040374,3.2986237627118644,-7.976180409836065,0.9582412703101919,,0.9342806394316163,,0.19223250358399582,2.065595975232198,-0.01987488596376906,0.0,0.28677966101694913,-0.3333333333333334,-3.034593510361985,-0.49584775887906135,-0.171505237058043,-0.020833333333333332,-0.3738738738738739,-0.2589641434262948,-1.8885281035615438,-0.4797992144591665,-0.15707767349138765,Metal Fabrication,Industrials,HIHO
2019Q2,2019,Q2,2018-11-26,2018-09-30,-222000.0,3495000.0,-251000.0,-0.06,864000.0,0.24721030042918454,16324000.0,10719000.0,15301000.0,5528000.0,5560000.0,2265000.0,-553000.0,15588199.999999998,6985199.999999998,2.8193056286165175,2.7679088277858175,0.0,0.0,-0.02034536497929982,2.8193056286165175,-0.020710887209627764,4.460143061516452,-17.554279279279278,1.4542587927978357,,1.16158940397351,,0.21410193580004902,2.005426917510854,-0.01359960793923058,0.0,0.24721030042918454,-4.0,-2.441821126135883,-0.406741044173791,-0.12744026665739305,-0.1716203259827421,-3.707317073170732,-6.976190476190476,-1.5655348981758155,-0.43293513526158295,-0.11675128924795236,Metal Fabrication,Industrials,HIHO
2019Q1,2019,Q1,2018-07-09,2018-06-30,82000.0,4050000.0,42000.0,0.02,1043000.0,0.25753086419753085,17515000.0,11802000.0,16603000.0,5646000.0,5678000.0,2785000.0,429000.0,17565240.0,8120240.0,3.1041557075223567,2.940665958200496,0.0,0.0,0.0025234551924943386,3.1041557075223567,0.006947974919505169,4.337096296296297,53.55256097560976,1.4883274021352313,,1.0797127468581689,,0.2312303739651727,2.1115834218916048,0.004681701398801028,0.0,0.25753086419753085,-0.9,-0.45664036472032266,-0.31445849165862794,-0.0368171098836533,-0.5182448036951501,-0.889487870619946,-0.952755905511811,-0.7275293705067508,-0.3157258891395251,-0.057311688180309885,Metal Fabrication,Industrials,HIHO
2018Q4,2018,Q4,2018-05-11,2018-03-31,742000.0,4177000.0,889000.0,0.2,2165000.0,0.5183145798419918,18130000.0,11741000.0,17172000.0,6308000.0,6340000.0,2933000.0,347000.0,18630180.2,7363180.199999999,3.0881115202524985,2.722257450856056,0.0,0.0,0.05671027944353139,3.0881115202524985,0.06319734264543055,4.460181996648312,6.2770148921832885,1.5867626437271103,,0.6859870439822707,,0.2303916161059018,2.13855421686747,0.040926640926640924,0.0,0.5183145798419918,1.0,1.6915224699255482,-0.24994775131426578,-0.028195118627735848,0.33394947627849664,0.9577836411609498,0.590339892665474,3.5905130023099967,-0.14865551145525915,-0.04016100400556375,Metal Fabrication,Industrials,HIHO
2018Q3,2018,Q3,2018-02-05,2017-12-31,379000.0,5033000.0,559000.0,0.1,1623000.0,0.32247168686667993,17626000.0,11283000.0,16546000.0,6245000.0,6277000.0,1843000.0,-14000.0,15964200.0,4991200.0,2.968429360694554,2.6494795836669334,0.0,0.0,0.034077581715621245,2.968429360694554,0.033590357174510324,3.171905424200278,10.53047493403694,1.4148896570061154,,1.8502441671188279,,0.2855440826052423,2.2472377902321856,0.02150232610915693,0.0,0.32247168686667993,0.6666666666666669,19.92814756350668,-0.10970900165414826,-0.052089753638405394,0.031130876747141042,0.7962085308056872,1.263157894736842,0.046270809329225934,-0.16487073393150736,-0.09297326624901417,Metal Fabrication,Industrials,HIHO
2018Q2,2018,Q2,2017-11-30,2017-09-30,211000.0,4647000.0,247000.0,0.06,1574000.0,0.3387131482676996,18161000.0,11157000.0,17028000.0,6917000.0,6949000.0,2430000.0,-167000.0,12926039.6,2209039.5999999996,2.9345081536033666,2.4617608789937835,0.0,0.0,0.019688808173064915,2.9345081536033666,0.018911893878282692,2.781588035291586,15.315212796208531,1.1585587165008515,,1.2646090534979424,,0.2558779802874291,2.0115657076767386,0.011618302956885634,0.0,0.3387131482676996,0.0,6.765484053227346,-0.16149156250564178,-0.07038639910166707,0.1397538015930485,-0.027649769585253458,0.012295081967213115,-0.4362269716561176,-0.21434117762748128,-0.10532421843750525,Metal Fabrication,Industrials,HIHO
2018Q1,2018,Q1,2017-08-01,2017-06-30,217000.0,5309000.0,244000.0,0.06,1381000.0,0.2601243171972123,17899000.0,11498000.0,16802000.0,6320000.0,6352000.0,2508000.0,231000.0,13116900.0,3008900.0,3.024197790636507,2.6585443037974685,0.0,0.0,0.016448174227381804,3.024197790636507,0.018872847451730734,2.470691278960256,15.111635944700462,1.1407983997216908,,1.5661881977671452,,0.29660874909212803,2.134651898734177,0.012123582323034806,0.0,0.2601243171972123,0.0,0.6711094527971815,0.00039657468036545746,-0.04908466073642297,-0.1574130567419158,-0.0091324200913242,-0.2823529411764706,-0.15747160211730662,-0.05786761607254132,-0.07775633870114916,Metal Fabrication,Industrials,HIHO
2017Q4,2017,Q4,2017-05-01,2017-03-31,219000.0,4720000.0,340000.0,0.06,1639000.0,0.3472457627118644,17552000.0,11271000.0,16410000.0,6210000.0,6242000.0,2265000.0,13000.0,14827800.0,4799800.0,2.96449237243556,2.642512077294686,0.0,0.0,0.01768346595932803,2.96449237243556,0.01943039659302635,3.141483050847458,16.92671232876712,1.3155709342560553,,1.3602649006622516,,0.2689152233363719,2.1628019323671497,0.012477210574293528,0.0,0.3472457627118644,-0.14285714285714296,1.365314451204172,-0.2151909408632249,-0.066560467644134,0.07828947368421052,-0.18888888888888888,-0.08108108108108109,0.5055778265522685,-0.12755375902266974,-0.07458808240418638,Metal Fabrication,Industrials,HIHO
2017Q3,2017,Q3,2017-03-01,2016-12-31,270000.0,5438000.0,370000.0,0.07,1520000.0,0.27951452739977933,16483000.0,11294000.0,15348000.0,5112000.0,5144000.0,1326000.0,59000.0,12353250.0,2553250.0,2.97132333596422,3.0023474178403755,0.0,0.0,0.02941782344246358,2.97132333596422,0.023906499026031522,2.2716531813166605,11.438194444444445,1.0937887373826811,,2.9547511312217196,,0.32991567069101496,2.5841158059467917,0.016380513256082023,0.0,0.27951452739977933,3.3333333333333335,2.5772691397000784,-0.263605373031971,-0.0575505341000287,0.35231316725978645,3.109375,3.044198895027624,0.801115566549954,-0.07065088568960536,-0.07858002435583827,Metal Fabrication,Industrials,HIHO
2017Q2,2017,Q2,2016-11-30,2016-09-30,-128000.0,4220000.0,-181000.0,-0.03,1124000.0,0.2663507109004739,16313000.0,11136000.0,15053000.0,5094000.0,5126000.0,1376000.0,-212000.0,16462660.0,7710660.0,2.9289847448711206,2.955045151158225,0.0,0.0,-0.016253591954022987,2.9289847448711206,-0.011494252873563218,3.9011042654028434,-32.1536328125,1.4783279454022988,,2.25,,0.2586893888309937,2.4752650176678443,-0.007846502789186539,0.0,0.2663507109004739,-1.7500000000000002,0.6506639073709037,-0.25044672865956563,-0.0651702398700167,-0.12529182879377432,-1.7757575757575759,-1.7835497835497836,-1.831320288943212,-0.28367588166334695,-0.09349517767485101,Metal Fabrication,Industrials,HIHO
2017Q1,2017,Q1,2016-07-01,2016-06-30,165000.0,5225000.0,231000.0,0.04,1285000.0,0.24593301435406698,,,,,,,,16766820.0,,,0.0,0.0,0.0,0.0,,0.0,3.208960765550239,25.404272727272726,0.0,,0.0,,0.0,0.0,0.0,0.0,0.24593301435406698,-0.3333333333333333,-0.5711436583315039,-0.19941950143425566,0.0,-0.10515320334261838,-0.23255813953488372,-0.29573170731707316,0.09334560757496058,-0.11556681948551381,0.0,Metal Fabrication,Industrials,HIHO
2016Q4,2016,Q4,2016-06-30,2016-03-31,215000.0,5248000.0,328000.0,0.06,1436000.0,0.2736280487804878,17039000.0,11872000.0,15730000.0,5073000.0,5105000.0,1425000.0,512000.0,17299100.0,8159100.0,3.122567069963177,3.100729351468559,0.0,0.0,0.018222744738200375,3.122567069963177,0.018109838274932614,3.2963224085365854,20.11523255813953,1.4571344339622643,,2.6750877192982454,,0.3079992957333177,2.6534594914251923,0.012618111391513587,0.0,0.2736280487804878,-0.3333333333333333,-0.7301550314723289,-0.3389814382260217,-0.06434818794975238,-0.025780189959294438,-0.3713450292397661,-0.2300469483568075,-0.22011141370081816,-0.057631266195180025,-0.017352222838640637,Metal Fabrication,Industrials,HIHO
2016Q3,2016,Q3,2016-02-29,2015-12-31,342000.0,5650000.0,426000.0,0.09,1474000.0,0.2608849557522124,16991000.0,12003000.0,15572000.0,4889000.0,4921000.0,1795000.0,679000.0,18139730.0,9221730.0,3.169527330340639,3.1851094293311517,0.0,0.0,0.03225625885195368,3.169527330340639,0.0284928767808048,3.2105716814159293,13.260036549707603,1.511266350079147,,2.3264623955431754,,0.33252898593372965,2.6132133360605443,0.020128303219351423,0.0,0.2608849557522124,-0.10000000000000009,-0.1630334994475475,-0.3745698146224202,-0.0027146237867126124,-0.0653138871274572,-0.12531969309462915,0.0364963503649635,17.954845524161605,0.003127333122704687,0.012126976082066896,Metal Fabrication,Industrials,HIHO
2016Q2,2016,Q2,2015-10-30,2015-09-30,391000.0,6139000.0,411000.0,0.1,1577000.0,0.256882228375957,17586000.0,12088000.0,16414000.0,5407000.0,5439000.0,2030000.0,717000.0,19351570.0,10317570.0,3.19197253762873,3.035694470131311,0.0,0.0,0.028285656955376885,3.19197253762873,0.032346128391793516,3.152234891676169,12.373126598465475,1.6008909662475184,,2.247290640394089,,0.34908449903332195,2.4686517477344183,0.0222335949050381,0.0,0.256882228375957,0.2632642748863064,-0.0501188275679958,-0.21966769797484278,0.013392846724650182,0.09513888888888888,0.30333333333333334,0.1742857142857143,13.447065496973075,0.11211373728009427,0.011174932681648563,Metal Fabrication,Industrials,HIHO
2016Q1,2016,Q1,2015-07-31,2015-06-30,300000.0,5900000.0,350000.0,0.07916,1440000.0,0.2440677966101695,16790000.0,12480000.0,15550000.0,4210000.0,4300000.0,2080000.0,1080000.0,13530300.0,4210300.0,3.29287598944591,3.6935866983372923,0.0,0.0,0.026292067307692308,3.29287598944591,0.02403846153846154,2.293271186440678,11.275249999999998,1.0841586538461538,,2.144230769230769,,0.3513996426444312,2.97624703087886,0.01786777843954735,0.0,0.2440677966101695,0.9789999999999999,5.737227152794436,-0.09627232529042767,0.047555265076022216,-0.03549899531145345,0.8633540372670807,0.8041237113402062,1.3176044670798308,0.11528120883564681,0.035397320357742505,Metal Fabrication,Industrials,HIHO
2015Q4,2015,Q4,2015-04-30,2015-03-31,161000.0,4887000.0,194000.0,0.04,1493000.0,0.3055043994270514,16987000.0,12184000.0,15738000.0,4722000.0,4754000.0,2081000.0,782000.0,11966920.0,2239920.0,3.217322418801162,3.3329097839898347,0.0,0.0,0.020229432849315953,3.217322418801162,0.013214051214707813,2.4487251892776754,18.58217391304348,0.9821831910702561,,1.6309466602594906,,0.28769058691940896,2.683185091063109,0.009477835992229351,0.0,0.3055043994270514,-0.6,-0.00712965407974656,-0.1864256571911001,0.032002413810985245,0.007422402159244264,-0.554016620498615,-0.5764192139737991,0.745771719038817,-0.1842047818949418,0.013048966483411362,Metal Fabrication,Industrials,HIHO
2015Q3,2015,Q3,2014-12-31,2014-12-31,361000.0,6006000.0,458000.0,0.1,1482000.0,0.24675324675324675,16400000.0,12397000.0,14811000.0,3954000.0,3998000.0,2042000.0,1002000.0,10606400.0,1907400.0,3.272703273495248,3.745827010622155,0.0,0.0,0.0314550385744573,3.272703273495248,0.02911994837460676,1.765967365967366,7.3451523545706365,0.8555618294748729,,2.2154750244857984,,0.36621951219512194,3.0528578654527063,0.022012195121951218,0.0,0.24675324675324675,0.0,0.39489320716737064,-1.1553240799932598e-06,0.06688873897569995,0.049575070821529746,-0.02956989247311828,0.4049079754601227,3.7993558606124607,-0.18389763776128257,0.03804167483973393,Metal Fabrication,Industrials,HIHO
2015Q2,2015,Q2,2014-12-01,2014-09-30,372000.0,5879000.0,326000.0,0.1,1412000.0,0.2401769008334751,16172000.0,12395000.0,14493000.0,3728000.0,3772000.0,2448000.0,1021000.0,11450370.0,3667370.0,3.2799682455676105,3.887607296137339,0.0,0.0,0.022543652394398664,3.2799682455676105,0.0300121016538927,1.9476730736519816,7.695141129032258,0.923789431222267,,1.8247549019607843,,0.3635295572594608,3.0804721030042916,0.023002720751916894,0.0,0.2401769008334751,0.4285714285714285,1.661386952888073,0.12020123512106748,0.0970203512676291,0.062452972159518436,0.453125,0.11262798634812286,2.0214371497779804,0.05057904431724787,0.04685145035565865,Metal Fabrication,Industrials,HIHO
2015Q1,2015,Q1,2014-07-08,2014-06-30,256000.0,5601000.0,293000.0,0.07,1329000.0,0.23727905731119442,16071000.0,12392000.0,14489000.0,3630000.0,3674000.0,3060000.0,1027000.0,10278880.0,4051880.0,3.2791743847578725,3.9914600550964185,0.0,0.0,0.020369233419991976,3.2791743847578725,0.02065848934796643,1.8351865738261024,10.037968750000001,0.8294770819883797,,1.396078431372549,,0.34851596042561134,2.610468319559229,0.01592931367058677,0.0,0.23727905731119442,0.768569984840829,2.866413461388789,0.20337412346327435,0.09500636482379012,-0.11103678929765887,0.7655172413793103,0.27391304347826084,-0.3305732258461077,-0.13658516692633954,-0.04633928946289276,Metal Fabrication,Industrials,HIHO
2014Q4,2014,Q4,2014-06-30,2014-03-31,145000.0,5393000.0,230000.0,0.03958,1495000.0,0.27721119970331914,15776000.0,12141000.0,13960000.0,3586000.0,3630000.0,3700000.0,770000.0,10270900.0,4854900.0,3.2034300791556727,3.8929168990518686,0.0,0.0,0.023477698298553253,3.2034300791556727,0.011943003047524915,1.9044872983497125,17.708448275862068,0.8459682069022322,,1.0535135135135134,,0.3418483772819473,2.390686001115449,0.009191176470588236,0.0,0.27721119970331914,-0.010500000000000093,-0.4677681605312095,-0.2232057780049775,0.06348462472850348,0.13861386138613863,-0.026845637583892617,0.7424242424242424,-0.8174353160709091,-0.3185670158519421,-0.04011824528284066,Metal Fabrication,Industrials,HIHO
2014Q3,2014,Q3,2013-12-31,2013-12-31,149000.0,5816000.0,132000.0,0.04,1313000.0,0.22575653370013754,15741000.0,12183000.0,13950000.0,3494000.0,3553000.0,3478000.0,777000.0,11334000.0,7470000.0,3.224722075172049,3.9925586720091584,0.0,0.0,0.006766016559700848,3.224722075172049,0.01223015677583518,1.9487620357634112,19.016778523489933,0.9303127308544693,,1.2947096032202414,,0.36948097325455814,2.1860331997710363,0.009465726446858523,0.0,0.22575653370013754,0.0,0.3387699119303143,-0.27867176680733663,0.10570360226744087,-0.057430007178750894,-0.026143790849673203,-0.35609756097560974,-0.6344880421111231,-0.3546606616069378,0.014652291253667666,Metal Fabrication,Industrials,HIHO
2014Q2,2014,Q2,2013-11-29,2013-09-30,153000.0,5854000.0,205000.0,0.04,1393000.0,0.23795695251110352,15487000.0,12207000.0,13753000.0,3216000.0,3275000.0,3091000.0,779000.0,7971579.999999999,3914579.999999999,3.2310746426680783,4.276430348258707,0.0,0.0,0.014025460081001985,3.2310746426680783,0.012533792086507742,1.3617321489579772,13.02545751633987,0.6530335053657738,,1.4432222581688774,,0.3779944469555111,2.5055970149253732,0.009879253567508232,0.0,0.23795695251110352,0.0,0.5121810481736369,-0.3914145231818543,0.1161839870221671,0.1144,0.02,-0.08888888888888889,-0.6274219163578614,-0.2541216159431392,0.02580704925039908,Metal Fabrication,Industrials,HIHO
2014Q1,2014,Q1,2013-07-01,2013-06-30,150000.0,5872000.0,225000.0,0.04,1250000.0,0.21287465940054495,15720000.0,12179000.0,13846000.0,3482000.0,3541000.0,3155000.0,778000.0,6915570.0,2314570.0,3.2228102672664725,3.9764503159103963,0.0028625954198473282,0.0036948846374907627,0.011952216631536004,3.2228102672664725,0.01231628212496921,1.1777196866485014,11.52595,0.5678274078331554,,1.4649762282091918,,0.37353689567430026,2.317346352670879,0.009541984732824428,0.0,0.21287465940054495,-0.4285714285714286,-0.48357556383940964,-0.37925786456849525,0.1246704241096269,-0.04580152671755725,-0.45255474452554745,1.25,2.3784190141692125,-0.09794309527941802,0.025265413771061805,Metal Fabrication,Industrials,HIHO
2013Q4,2013,Q4,2013-05-31,2013-03-31,274000.0,5535000.0,100000.0,0.07,1310000.0,0.23667570009033423,15352000.0,12008000.0,13416000.0,3285000.0,3344000.0,2957000.0,628000.0,6386592.132499999,1864592.1324999994,3.177707356122604,4.084018264840183,0.007295466388744137,0.009327115256495669,0.017126712671267127,3.177707356122604,0.022818121252498335,1.1538558504968381,5.827182602645985,0.5318614367504997,,1.428812986134596,,0.360539343408025,2.6490106544901066,0.017847837415320478,0.0,0.23667570009033423,6.0,1.2083229669632078,-0.27055105355001996,0.18315638524095426,0.048,14.222222222222221,11.5,0.6933851689824546,-0.07655495469093153,0.01929531300298511,Metal Fabrication,Industrials,HIHO
2013Q3,2013,Q3,2012-12-31,2012-12-31,18000.0,5619000.0,8000.0,0.01,1250000.0,0.2224595123687489,15396000.0,11831000.0,13540000.0,3385000.0,3565000.0,2628000.0,467000.0,7140042.199999999,2010042.1999999993,3.1315510852302806,4.0,0.011561444531047025,0.015045220184261686,0.0005995503372470647,3.1315510852302806,0.0015214267602062378,1.2706962448834311,99.16725277777778,0.6035028484489899,,1.6624809741248097,,0.36496492595479346,2.7852289512555393,0.0011691348402182386,0.0,0.2224595123687489,0.0,1.0199895293777,-0.2632408868316829,0.033507124782214216,0.035625517812758904,-0.3333333333333333,-0.68,-0.9302644421651668,-0.06196029975008353,0.020873665943784744,Metal Fabrication,Industrials,HIHO
2013Q2,2013,Q2,2012-09-30,2012-09-30,27000.0,5507000.0,25000.0,0.01,1207000.0,0.21917559469765752,15527000.0,11926000.0,13716000.0,3421000.0,3601000.0,2814000.0,562000.0,7404502.2,1752502.2000000002,3.1566966649020647,4.009353990061386,0.01577896567269917,0.020543350662418247,0.0008277567057490464,3.1566966649020647,0.0022639610934093576,1.3445618667150898,68.56020555555556,0.6208705517357035,,1.5280739161336176,,0.3546725059573646,2.7921660333235896,0.0017389064210729696,0.0,0.21917559469765752,-0.6666666666666666,-0.6740960666381779,-0.3727599423771959,-0.03387265491596069,0.06156552330694811,-0.7906976744186046,-0.8873873873873874,-0.8067836889831703,0.049597050967516855,0.055790856773047307,Metal Fabrication,Industrials,HIHO
2013Q1,2013,Q1,2012-06-30,2012-06-30,129000.0,5272000.0,222000.0,0.03,1137000.0,0.21566767830045525,15613000.0,12012000.0,13721000.0,3421000.0,3601000.0,3369000.0,648000.0,6230161.5,1230161.5,3.1803018268467036,4.010815551008477,0.019919298020880036,0.025890775890775892,0.012103891097946929,3.1803018268467036,0.01073926073926074,1.1817453528072837,12.073956395348837,0.5186614635364636,,1.2273671712674383,,0.3376673285082944,2.612686349020754,0.008262345481329661,0.0,0.21566767830045525,0.4999999999999999,-0.47873696482103056,-0.408512479367838,-0.030801737953722024,-0.1546468401486989,0.40217391304347827,0.24719101123595505,1.940995421202635,0.13328829825043007,0.0619901029493449,Metal Fabrication,Industrials,HIHO
2012Q4,2012,Q4,2012-03-31,2012-03-31,92000.0,5976000.0,178000.0,0.02,1345000.0,0.2250669344042838,16579000.0,11998000.0,14510000.0,4289000.0,4581000.0,3970000.0,634000.0,9104618.5,3906618.5,3.175880461108832,3.3830729773840056,0.02273961035044333,0.031421903650608436,0.006068772504043132,3.175880461108832,0.007667944657442907,1.5235305388219544,24.740811141304352,0.7588446824470746,,1.1664987405541563,,0.3604559985523855,2.208673350431336,0.0055491887327341815,0.0,0.2250669344042838,0.0,1.2005497991777145,-0.2753660097647953,-0.04987220527359683,0.006736526946107785,0.22666666666666666,28.666666666666668,-0.6612220182050677,-0.1364635880504574,0.054338617328310634,Metal Fabrication,Industrials,HIHO
2012Q3,2012,Q3,2011-12-31,2011-12-31,75000.0,7338000.0,6000.0,0.02,1336000.0,0.18206595802671027,17899000.0,11908000.0,15599000.0,5819000.0,5991000.0,4350000.0,540000.0,7931700.0,1281700.0,3.1527667460947844,2.6807011514005845,0.025643890720151965,0.038545515619751426,0.0008657309077477144,3.1527667460947844,0.006298286865972455,1.0809076042518397,26.439,0.666081625797783,,1.3797701149425288,,0.40996703726465167,1.724351263103626,0.0041901782222470525,0.0,0.18206595802671027,1.2222222222222223,-0.7412157644813459,-0.20013556935518814,-0.092301818094294,0.2580037664783427,1.206043956043956,1.0193548387096774,-0.32594411148819413,-0.08966506531315606,0.08103131587859735,Metal Fabrication,Industrials,HIHO
2012Q2,2012,Q2,2011-09-30,2011-09-30,-364000.0,5593000.0,-310000.0,-0.09,1062000.0,0.18988020740210979,16290000.0,11834000.0,14129000.0,4040000.0,4456000.0,4015000.0,465000.0,9820200.0,4634200.0,3.133174477098226,3.497277227722772,0.032044198895027624,0.04411019097515633,-0.02697528715628263,3.133174477098226,-0.030758830488423188,1.7558018952261756,-6.744642857142858,0.8298293053912456,,1.1285180572851805,,0.3433394720687538,2.2116336633663365,-0.02234499693063229,0.0,0.18988020740210979,-1.9,-2.8510750961868867,-0.2801310727900028,-0.08441425614617673,-0.22931785195936139,-1.9553805774278215,-1.8683473389355743,-4.598559703468361,-0.41839429993461896,0.08236409450317109,Metal Fabrication,Industrials,HIHO
2012Q1,2012,Q1,2011-06-30,2011-06-30,381000.0,6463000.0,357000.0,0.1,1378000.0,0.21321367785857961,18083000.0,12946000.0,15772000.0,4617000.0,5137000.0,3767000.0,1587000.0,12688050.0,7284050.0,3.438512616201859,3.416071041802036,0.06530995963059227,0.09122508883052681,0.021448913811374072,3.438512616201859,0.029429939749729645,1.9631827324771778,8.325492125984253,0.9800749266182606,,1.349880541544996,,0.3574075098158491,2.2991119774745505,0.0210695128020793,0.0,0.21321367785857961,-0.5238095238095237,-0.3717019640735305,-0.1672312076801317,-0.05285677547179483,-0.2214689265536723,-0.5171102661596958,-0.5393548387096774,0.31659563835251314,-0.31424142593706345,0.19994449615866744,Metal Fabrication,Industrials,HIHO
2011Q4,2011,Q4,2011-06-29,2011-03-31,789000.0,7862000.0,775000.0,0.21,1770000.0,0.22513355380310354,19399000.0,12565000.0,16957000.0,6283000.0,6834000.0,4236000.0,1206000.0,12236250.0,6324250.0,3.3373173970783534,2.6988699665764764,0.049074694571885145,0.07576601671309192,0.054000839851158236,3.3373173970783534,0.06279347393553522,1.5563787840244212,3.877138783269962,0.9738360525268602,,1.4381491973559963,,0.40527862260941283,1.8559605284099951,0.040672199597917416,0.0,0.22513355380310354,0.9090909090909091,2.0070533424645207,0.3380846143061461,0.04138224138912284,0.008547008547008548,0.9385749385749386,0.6112266112266113,1.6020816511237899,0.039925230233358144,0.2425840221948459,Metal Fabrication,Industrials,HIHO
2011Q3,2011,Q3,2010-12-31,2010-12-31,407000.0,8998000.0,481000.0,0.11,1755000.0,0.19504334296510337,19824000.0,11988000.0,17254000.0,6993000.0,7836000.0,4918000.0,720000.0,13579200.0,8427200.0,3.1781548250265113,2.467324467324467,0.11657586763518966,0.19277610944277612,0.030289728782320936,3.1781548250265113,0.033950617283950615,1.509135363414092,8.341031941031941,1.1327327327327328,,1.472753151687678,,0.45389426957223566,1.5864435864435864,0.020530669895076674,0.0,0.19504334296510337,0.0,-0.1016182757828848,0.26598710230008754,-0.16037629805908118,0.09962406015037593,-0.007317073170731708,1.8802395209580838,1.4527044286777242,0.18168777527135424,0.04888777667324314,Metal Fabrication,Industrials,HIHO
2011Q2,2011,Q2,2010-09-30,2010-09-30,410000.0,7836000.0,167000.0,0.11,1596000.0,0.20367534456355282,19401000.0,11881000.0,17227000.0,6807000.0,7592000.0,4795000.0,614000.0,7355400.0,2432400.0,3.1497879109225875,2.530777141178199,0.10947889284057523,0.17877283056981735,0.011386160863824508,3.1497879109225875,0.034508879723928965,0.9386676875957121,4.485,0.6190893022472855,,1.3013555787278415,,0.4038967063553425,1.6186278830615544,0.021132931292201434,0.0,0.20367534456355282,10.0,4.311335403726708,0.034008970857475555,-0.18428262982407068,0.11452513966480447,8.318181818181818,-0.44884488448844884,3.956783656364589,-0.10607021797722584,-0.03598712356739768,Metal Fabrication,Industrials,HIHO
2011Q1,2011,Q1,2010-06-30,2010-06-30,44000.0,6451000.0,303000.0,0.01,1432000.0,0.22198108820337933,16471000.0,11772000.0,14573000.0,4588000.0,4763000.0,3943000.0,505000.0,7490000.0,2856000.0,3.1433911882510013,3.1763295553618134,0.06471981057616416,0.09055385660890249,0.016179040933507523,3.1433911882510013,0.0037376826367652057,1.1610603007285691,42.55681818181818,0.6362555215766225,,1.2728886634542227,,0.39165806569121486,2.0363993025283347,0.002671361787383887,0.0,0.22198108820337933,-0.7649823736780258,-0.9281570489047124,-0.13333774099123882,-0.2449641591907466,0.020669992872416252,-0.7267080745341615,-0.1721311475409836,-0.8206856453766311,-0.2700512162208217,-0.042050269925117616,Metal Fabrication,Industrials,HIHO
2010Q4,2010,Q4,2010-06-29,2010-03-31,161000.0,5964000.0,366000.0,0.04255,1403000.0,0.2352448021462106,16352000.0,11722000.0,14292000.0,4489000.0,4680000.0,3495000.0,461000.0,9475200.0,4284200.0,3.1175531914893617,3.183782579639118,0.06653620352250489,0.09281692543934482,0.030646952963301853,3.1175531914893617,0.013734857532844225,1.5887323943661973,14.71304347826087,0.8083262241938236,,1.3050071530758227,,0.3647260273972603,2.1205168188906214,0.009845890410958904,0.0,0.2352448021462106,-0.39214285714285724,1.2281020083515608,-0.30603784985805627,-0.18348660477151038,0.13236481033091202,-0.37109375,0.19607843137254902,1.3526282853566958,-0.27338792166271264,-0.06732196786214545,Metal Fabrication,Industrials,HIHO
2010Q3,2010,Q3,2009-12-31,2009-12-31,256000.0,5941000.0,306000.0,0.07,1239000.0,0.20855074903214946,16029000.0,11494000.0,13698000.0,4293000.0,4549000.0,3541000.0,303000.0,7568940.0,3109940.0,3.067520683213237,3.190775681341719,0.0665044606650446,0.09274404036888811,0.02255519794737908,3.067520683213237,0.022272489994779886,1.2740178421141222,7.3915429687500005,0.65851226726988,,1.3278734820672127,,0.3706407137064071,2.0323782902399254,0.01597105246740283,0.0,0.20855074903214946,0.7500000000000001,0.9006285488160645,-0.29996966059188385,-0.25403999662930554,-0.05779467680608365,0.841726618705036,2.3626373626373627,-0.10961095015100811,-0.3472279945168256,-0.1168446094022919,Metal Fabrication,Industrials,HIHO
2010Q2,2010,Q2,2009-12-01,2009-09-30,139000.0,5219000.0,91000.0,0.04,1315000.0,0.2519639777735198,16396000.0,11236000.0,13914000.0,4856000.0,5180000.0,3824000.0,42000.0,7065040.0,2167040.0,2.989888238424694,2.865321252059308,0.0597096852890949,0.08713065147739409,0.007449856733524355,2.989888238424694,0.012370950516197935,1.3537152711247364,12.706906474820142,0.6287860448558206,,1.0209205020920502,,0.3183093437423762,1.7390856672158155,0.008477677482312759,0.0,0.2519639777735198,2.0,3.2628392762107508,-0.30019319185487786,-0.26939502155107625,0.7698519515477793,2.0220588235294117,1.2116279069767442,-0.28955957786509345,-0.32487200882239226,-0.12628579518074218,Metal Fabrication,Industrials,HIHO
2010Q1,2010,Q1,2009-06-30,2009-06-30,-136000.0,4615000.0,-430000.0,-0.04,743000.0,0.1609967497291441,15864000.0,11221000.0,13103000.0,4176000.0,4567000.0,3496000.0,20000.0,5950236.0,1442236.0,2.9946623965839336,3.137691570881226,0.09083459404942007,0.12841992692273416,-0.03395987995577318,2.9946623965839336,-0.012120131895552982,1.2893252437703142,-10.937933823529411,0.5302768024240264,,1.1075514874141876,,0.2909102370146243,1.9130747126436782,-0.008572869389813415,0.0,0.1609967497291441,-1.5585032113934654,-1.3326406790172023,-0.3647416306499982,-0.29049055143696556,-0.43412033511043413,-1.5018450184501846,-22.88888888888889,-1.2253517433830106,-0.40249261323612234,-0.17511595411655187,Metal Fabrication,Industrials,HIHO
2009Q4,2009,Q4,2009-06-22,2009-03-31,271000.0,6906000.0,-18000.0,0.07162,1313000.0,0.1901245293947292,17811000.0,11356000.0,14945000.0,5905000.0,6362000.0,4010000.0,154000.0,2148900.0,-1257100.0,3.0122015915119364,2.530906011854361,0.1349166245578575,0.21160619936597394,-0.0028331028801741633,3.0122015915119364,0.02386403663261712,0.3111642050390964,1.982380073800738,0.18923036280380412,,1.3947630922693266,,0.3877379147717703,1.5639288738357324,0.01521531637751951,0.0,0.1901245293947292,1.3873333333333335,-0.42563842513132577,-0.1102850747542705,-0.23533895122808654,-0.1939840392879067,1.4636363636363636,-1.0923076923076922,1.3454366340620831,0.17381793781556087,-0.060067451890930684,Metal Fabrication,Industrials,HIHO
2009Q3,2009,Q3,2008-12-31,2008-12-31,110000.0,7969000.0,195000.0,0.03,1629000.0,0.20441711632576232,18474000.0,10890000.0,15484000.0,6888000.0,7435000.0,5699000.0,-144000.0,3024540.0,987540.0,2.9164434922335296,2.247967479674797,0.11935693406950308,0.2024793388429752,0.014089347079037801,2.9164434922335296,0.010101010101010102,0.379538210565943,6.873954545454546,0.27773553719008265,,1.1124758729601685,,0.431362996643932,1.0647502903600465,0.005954314171267728,0.0,0.20441711632576232,0.0,-0.5879866245513568,-0.010751401529909856,-0.29360561849518857,-0.10346725371491469,0.1,-0.47580645161290325,-0.7547231529301989,0.13262068697410032,-0.22951674280682943,Metal Fabrication,Industrials,HIHO
2009Q2,2009,Q2,2008-10-01,2008-09-30,100000.0,9507000.0,372000.0,0.03,1817000.0,0.19112233091406333,21304000.0,10809000.0,18117000.0,9761000.0,10358000.0,6408000.0,-232000.0,6161100.0,6424100.0,2.8947509373326192,1.8560598299354574,0.213809613218175,0.4214080858543806,0.017640495406702126,2.8947509373326192,0.00925154963456379,0.6480593247081098,15.40275,0.5699972245351096,,1.2000624219725344,,0.4462542245587683,0.9437557627292286,0.004693954187007135,0.0,0.19112233091406333,-0.625,-0.601217266639486,0.22238806008620435,-0.292157716059107,-0.06580976863753213,-0.6515679442508711,0.12048192771084337,1.8158619634248985,0.26727463875042634,-0.2503309147492298,Metal Fabrication,Industrials,HIHO
2009Q1,2009,Q1,2008-09-02,2008-06-30,287000.0,9347000.0,332000.0,0.08,1945000.0,0.208088156627795,20556000.0,10700000.0,17156000.0,9057000.0,9721000.0,6261000.0,-331000.0,7019920.0,6727920.0,2.8655597214783075,1.894225460969416,0.1336349484335474,0.25672897196261685,0.021583420693427245,2.8655597214783075,0.026822429906542055,0.7510345565422061,6.114912891986062,0.6560672897196261,,1.1822392589043285,,0.45470908737108384,0.9207243016451364,0.013961860284101965,0.0,0.208088156627795,1.229331498681344,0.42072507267907017,0.23583824946908252,-0.3045516084702935,1.5625823451910408,1.2130660727542688,1.158472553699284,-0.5300075383364081,0.25942582302092676,-0.31169868332571676,Metal Fabrication,Industrials,HIHO
2008Q4,2008,Q4,2008-06-02,2008-03-31,-1347000.0,7771000.0,-2095000.0,-0.34884,759000.0,0.0976708274353365,20490000.0,10394000.0,16790000.0,9234000.0,9945000.0,5775000.0,-614000.0,7585200.0,6743200.0,2.6857881136950903,1.8182802685726662,0.1487066861883846,0.2931498941697133,-0.14949946398293795,2.6857881136950903,-0.12959399653646334,0.9760905932312444,-1.4077951002227171,0.7297671733692516,,1.2141991341991343,,0.3792581747193753,0.9372969460688759,-0.0657393850658858,0.0,0.0976708274353365,-0.45349999999999996,-8.53268541015851,0.0813797537901962,-0.34586499288521355,-0.10495283018867925,-0.48839779005524864,-1.064039408866995,-0.8541621386655074,-0.12147942320107338,-0.29656950920223546,Metal Fabrication,Industrials,HIHO
2008Q3,2008,Q3,2007-12-31,2007-12-31,-905000.0,7665000.0,-1015000.0,-0.24,848000.0,0.11063274624918461,20820000.0,11505000.0,17137000.0,8555000.0,9315000.0,6267000.0,731000.0,13517699.7,12647699.7,3.0300237029233608,2.003156049094097,0.1341018251681076,0.24267709691438505,-0.06819861587045623,3.0300237029233608,-0.07866145154280747,1.7635616046966731,-3.7341711878453037,1.1749413037809646,,1.0877612892931228,,0.3681556195965418,0.9580362361192285,-0.04346781940441883,0.0,0.11063274624918461,-13.0,-5.271102592364993,0.09558480430945057,-0.2543100364880878,-0.4863718958207147,-11.903614457831326,-19.454545454545453,-7.630540898894773,-0.10872327466654708,-0.26315851625217146,Metal Fabrication,Industrials,HIHO
2008Q2,2008,Q2,2007-09-30,2007-09-30,83000.0,8796000.0,55000.0,0.02,1651000.0,0.18769895407003184,22580000.0,12367000.0,18832000.0,9495000.0,10213000.0,6857000.0,1635000.0,18470800.0,18273800.0,3.2673712021136065,1.9833596629805161,0.16430469441984058,0.2999919139645832,0.0034210362629843874,3.2673712021136065,0.006711409395973154,2.0999090495679855,55.63493975903614,1.4935554297727822,,1.0420008750182295,,0.3895482728077945,1.0041074249605055,0.0036758193091231176,0.0,0.18769895407003184,-0.6666666666666666,-0.36341083223249676,0.3248843732391371,0.0,-0.0908590308370044,-0.6653225806451613,-0.802158273381295,1.5272787318361953,0.17102718990855287,-0.20158966611989942,Metal Fabrication,Industrials,HIHO
2008Q1,2008,Q1,2007-06-30,2007-06-30,248000.0,8932000.0,278000.0,0.06,1816000.0,0.20331392745185847,21953000.0,12420000.0,17983000.0,8730000.0,9533000.0,6321000.0,1686000.0,14875050.0,13426050.0,3.2813738441215325,2.0599083619702174,0.12217009064820297,0.21594202898550724,0.017098214042141405,3.2813738441215325,0.01996779388083736,1.6653660994178237,14.99501008064516,1.1976690821256037,,1.1257712387280494,,0.40686922060766184,1.0953035509736542,0.011296861476791327,0.0,0.20331392745185847,1.4963600264725345,1.1371884879699583,0.507618797328223,-0.17518155082822676,0.2708187543736879,1.5610859728506787,1.560483870967742,-0.39950977772008456,0.21715311183669403,-0.2225615317013315,Metal Fabrication,Industrials,HIHO
2007Q4,2007,Q4,2007-06-29,2007-03-31,-442000.0,7946000.0,-496000.0,-0.12088,1429000.0,0.1798389126604581,22414000.0,12167000.0,18362000.0,9418000.0,10247000.0,6104000.0,1439000.0,15979599.999999998,14910599.999999998,3.3425824175824177,1.9496708430664684,0.1887213348799857,0.3476617078984137,-0.03017998522057358,3.3425824175824177,-0.03632777184186735,2.0110244147998992,-9.038235294117646,1.3133557984712747,,1.0676605504587156,,0.35451057374855,1.099702696963262,-0.019719817970911036,0.0,0.1798389126604581,-2.511,-13.085714285714285,0.36406041706623465,-0.15458843441574993,-0.2135388002201431,-2.5899280575539567,-3.234234234234234,-1.9702380952380953,0.060261103616288204,-0.15147027867009177,Metal Fabrication,Industrials,HIHO
2007Q3,2007,Q3,2006-12-31,2006-12-31,278000.0,8800000.0,222000.0,0.08,1817000.0,0.20647727272727273,21936000.0,12584000.0,17676000.0,8796000.0,9352000.0,5254000.0,1872000.0,,,,,,,,,,,,,,,,,,,,,,,,,,,,,,,Metal Fabrication,Industrials,HIHO
2007Q2,2007,Q2,2006-09-30,2006-09-30,188000.0,7428000.0,221000.0,0.03,1464000.0,0.19709208400646203,20741000.0,12357000.0,16911000.0,8088000.0,8384000.0,4247000.0,2187000.0,,,,,,,,,,,,,,,,,,,,,,,,,,,,,,,Metal Fabrication,Industrials,HIHO
2007Q1,2007,Q1,2006-06-30,2006-06-30,570000.0,7295000.0,339000.0,0.16,1526000.0,0.209184372858122,19832000.0,12848000.0,16822000.0,6588000.0,6984000.0,3970000.0,2703000.0,,,,,,,,,,,,,,,,,,,,,,,,,,,,,,,Metal Fabrication,Industrials,HIHO
