Quarters,Year,Quarter,FillingDate,Date,NetIncome,Revenue,OperatingIncome,EPSDiluted,GrossProfit,GrossProfitRatio,TotalAssets,CommonStockEquity,CurrentAssets,CurrentLiability,TotalLiability,Inventory,RetainedEarnings,MarketCap,EnterpriseValue,bookValuePerShare,currentRatio,debtToAssets,debtToEquity,roic,shareholdersEquityPerShare,roe,priceToSalesRatio,peRatio,pbRatio,payoutRatio,inventoryTurnover,dividendYield,assetTurnover,quickRatio,returnOnAssets,priceToFreeCashFlowsRatio,grossProfitMargin,epsdilutedGrowth,fiveYNetIncomeGrowthPerShare,fiveYRevenueGrowthPerShare,fiveYShareholdersEquityGrowthPerShare,grossProfitGrowth,netIncomeGrowth,operatingIncomeGrowth,threeYNetIncomeGrowthPerShare,threeYRevenueGrowthPerShare,threeYShareholdersEquityGrowthPerShare,Industry,Sector,Symbol
2023Q1,2023,Q1,2023-05-12,2023-03-31,-1288000.0,0.0,-1284000.0,-0.0831,0.0,0.0,1251000.0,11000.0,1206000.0,1047000.0,1240000.0,0.0,-103187000.0,5271234.880000001,4461234.880000001,0.0007095111648676904,1.151862464183381,0.1542765787370104,17.545454545454547,-6.303906321471046,0.0007095111648676904,-117.0909090909091,0.0,-1.0231434161490685,479.20317090909094,0.0,0.0,0.0,0.0,0.9579751671442216,-1.0295763389288568,-4.014649565879665,0.0,-0.001204819277108301,0.9757161967246409,-1.0,1.0000235298036841,0.0,-0.003115264797507788,0.002331002331002331,-0.5832570247177523,-1.0,-0.9990936841102812,Medical Instruments & Supplies,Healthcare,GCTK
2022Q4,2022,Q4,2023-03-31,2022-12-31,-1284000.0,0.0,-1287000.0,-0.083,0.0,0.0,2438000.0,1230000.0,2379000.0,1013000.0,1208000.0,0.0,-101901000.0,21819270.599999998,19702270.599999998,0.07948478351059086,2.3484698914116486,0.07998359310910583,0.15853658536585366,-0.9010526315789473,0.07948478351059086,-1.0439024390243903,0.0,-4.248300350467289,17.7392443902439,0.0,0.0,0.0,0.0,2.282329713721619,-0.5266611977030353,-23.286308004268943,0.0,-0.38564273789649417,0.9831299878560293,-1.0,1.0025901210469683,0.0,-0.3851132686084142,-0.38536060279870826,-0.9375267132518156,-1.0,1.787408506861933,Medical Instruments & Supplies,Healthcare,GCTK
2022Q3,2022,Q3,2022-11-14,2022-09-30,-927000.0,0.0,-929000.0,-0.0599,0.0,0.0,3511000.0,2355000.0,3428000.0,965000.0,1156000.0,0.0,-100614000.0,30792306.79,27742306.79,0.1521954828509943,3.5523316062176167,0.054400455710623755,0.081104033970276,-0.3644928996126446,0.1521954828509943,-0.39363057324840767,0.0,-8.304289857065804,13.075289507430996,0.0,0.0,0.0,0.0,3.3585492227979277,-0.2640273426374252,-50.645241430921054,0.0,0.1805745554035567,0.9886129622068043,-1.0,1.0050372866341728,0.0,0.18037135278514588,0.17275155832591274,0.250972464657625,-1.0,3.19830920755526,Medical Instruments & Supplies,Healthcare,GCTK
2022Q2,2022,Q2,2022-08-15,2022-06-30,-1131000.0,0.0,-1123000.0,-0.0731,0.0,0.0,4317000.0,3190000.0,4224000.0,935000.0,1127000.0,0.0,-99686000.0,39999806.605,36337806.605,0.20615474673243112,4.517647058823529,0.04447533009034051,0.06018808777429467,-0.3332305745171079,0.20615474673243112,-0.35454545454545455,0.0,-8.841690230990274,12.539124327586206,0.0,0.0,0.0,0.0,4.12192513368984,-0.2619874913134121,-43.47805065760869,0.0,-0.03394625176803394,0.9863571382626871,-1.0,1.0073619771109048,0.0,-0.03476669716376944,-0.027447392497712716,0.06313802269170467,-1.0,153.7239787220314,Medical Instruments & Supplies,Healthcare,GCTK
2022Q1,2022,Q1,2022-05-16,2022-03-31,-1093000.0,0.0,-1093000.0,-0.0707,0.0,0.0,5359000.0,4231000.0,5231000.0,916000.0,1128000.0,0.0,-98559000.0,56280795.480000004,51715795.480000004,0.2736428984105752,5.710698689956332,0.04179884306773652,0.05294256676908532,-0.24435501900290632,0.2736428984105752,-0.2583313637437958,0.0,-12.873009030192131,13.302007913022926,0.0,0.0,0.0,0.0,5.228165938864628,-0.20395596193319648,-44.49074741501977,0.0,-1.441875,0.9870428026246604,-1.0,1.0103446112620833,0.0,-1.431163708086785,-1.431163708086785,0.23560924185009074,-1.0,2.125328799214618,Medical Instruments & Supplies,Healthcare,GCTK
2021Q4,2021,Q4,2022-03-31,2021-12-31,2535000.0,0.0,2535000.0,0.16,0.0,0.0,6265000.0,5155000.0,6105000.0,883000.0,1110000.0,0.0,-97466000.0,64433697.42,58411697.42,0.3336196875352307,6.913929784824462,0.006384676775738229,0.007759456838021339,0.4879692011549567,0.3336196875352307,0.4917555771096023,0.0,6.354408029585799,12.499262351115421,0.0,0.0,0.0,0.0,6.865232163080408,0.4046288906624102,-17.113863856573705,0.0,4.2,1.0667905828696342,-1.0,1.01413143359795,0.0,4.152985074626866,4.305084745762712,2.3604039066715066,0.0,2.2827087906199237,Medical Instruments & Supplies,Healthcare,GCTK
2021Q3,2021,Q3,2021-11-15,2021-09-30,-804000.0,0.0,-767000.0,-0.05,0.0,0.0,7633000.0,6501000.0,7419000.0,898000.0,1132000.0,288000.0,-95960000.0,89620010.8,82886010.8,0.4207296971225092,8.261692650334076,0.03484868334861784,0.0409167820335333,-0.11226580796252927,0.4207296971225092,-0.12367328103368712,0.0,-27.866918781094526,13.785573111828949,0.0,0.0,0.0,0.0,7.868596881959911,-0.10533211057251408,-100.24609709172259,0.0,0.16641659164415987,0.9840235876768321,-1.0,1.0189101540921912,0.0,0.05744431418522861,0.12142038946162657,0.9790074965452488,0.0,1.0166907008157855,Medical Instruments & Supplies,Healthcare,GCTK
2021Q2,2021,Q2,2021-08-16,2021-06-30,-853000.0,0.0,-873000.0,-0.059982,0.0,0.0,8607000.0,7286000.0,8312000.0,1085000.0,1321000.0,285000.0,-95156000.0,82363594.56,74768594.56,0.47149933423206825,7.660829493087558,0.03450679679330777,0.040763107329124346,-0.11362748926200703,0.47149933423206825,-0.11707384024155916,0.0,-24.13938879249707,11.304363788086743,0.0,0.0,0.0,0.0,7.3345622119815665,-0.09910537934239573,-84.91092222680413,0.0,-0.02479028207274779,0.9846548356815367,-1.0,1.0237815444739402,0.0,0.05641592920353982,0.025669642857142856,0.9836518403618145,-1.0,1.016134498421753,Medical Instruments & Supplies,Healthcare,GCTK
2021Q1,2021,Q1,2021-05-21,2021-03-31,-904000.0,0.0,-896000.0,-0.058531,0.0,0.0,9628000.0,8149000.0,9280000.0,1248000.0,1479000.0,279000.0,-94303000.0,57222543.105000004,48676543.105000004,0.5276250121320084,7.435897435897436,0.03541753219775654,0.041845625230089584,-0.10371570783655516,0.5276250121320084,-0.11093385691495888,0.0,-15.824818336559733,7.022032532212542,0.0,0.0,0.0,0.0,7.176282051282051,-0.09389281262982967,-61.33177181672026,0.0,-0.028302881236823636,0.9791164647688492,-1.0,1.0280833752282106,0.0,-0.028391102596801294,-1.1663571606546006,0.9828910332606307,-1.0,1.0174978401596277,Medical Instruments & Supplies,Healthcare,GCTK
2020Q4,2020,Q4,2021-04-13,2020-12-31,-879043.0,-2271.0,5386002.0,-0.05692,0.0,0.0,10606000.0,8982000.0,10229000.0,1345000.0,1624000.0,284000.0,-93399000.0,71277202.815,61817202.815,0.5815594378414161,7.605204460966543,0.03422590986234207,0.04041416165664663,0.5662918725686048,0.5815594378414161,-0.09786717880204854,-31385.82246367239,-20.271250329904227,7.93556032231129,0.0,0.0,0.0,-0.00021412408070903264,7.352416356877323,-0.0828816707524043,-83.73082305060933,0.0,-0.7250053035124405,0.9838743883113505,0.0,1.0365157258264484,0.0,-0.7269491075901496,7.06991785440993,0.9884281534905756,-1.000171316980147,1.018950914545995,Medical Instruments & Supplies,Healthcare,GCTK
2020Q3,2020,Q3,2020-11-12,2020-09-30,-509015.0,0.0,-887327.0,-0.032997,0.0,0.0,11472833.0,9946611.0,11114189.0,1318585.0,1526222.0,280672.0,-92519886.0,84225697.92,73863145.92,0.6447972222395091,8.428875650792326,0.029992069090520188,0.034594094410649014,-0.08496122858260392,0.6447972222395091,-0.051174716694962735,0.0,-41.367001915464186,8.467778414175442,0.0,0.0,0.0,0.0,8.173860615735808,-0.04436698416162774,-105.82593542566866,0.0,0.11355577047066413,0.9872313755157985,0.0,1.0483787024320252,0.0,0.11348147683712052,-0.4518140988407765,0.9937281049643585,-1.0,1.0213411618301358,Medical Instruments & Supplies,Healthcare,GCTK
2020Q2,2020,Q2,2020-08-14,2020-06-30,-574173.0,97.0,-611185.0,-0.037224,0.0,0.0,12213406.0,10422354.0,11916585.0,1573175.0,1791052.0,252937.0,-92010871.0,74194197.08999999,62984858.08999999,0.6756798335480174,7.5748629364183895,0.02483557821626498,0.02910350195358937,-0.056378463746937134,0.6756798335480174,-0.055090529452367476,764888.6297938143,-32.304809303990254,7.118756193658362,0.0,0.0,0.0,7.942092484275066e-06,7.362590938706756,-0.0470117017316873,-82.15274418269895,0.0,0.29059307821314223,0.9906526725324727,-0.9999609145181486,1.0622832169032204,0.0,0.21750169331220043,-1.8089915154403102,0.9930520270280547,-0.9996567252931389,1.0241291532100236,Medical Instruments & Supplies,Healthcare,GCTK
2020Q1,2020,Q1,2020-05-19,2020-03-31,-733769.0,2174.0,755490.0,-0.052472,0.0,0.0,13333082.0,10947325.0,12814674.0,1983739.0,2385757.0,225262.0,-91436698.0,72716290.4,60628159.400000006,0.7828519536249611,6.459858882645348,0.02508399783335916,0.03055056828951365,0.06609027254659469,0.7828519536249611,-0.06702724181478123,33448.15565777369,-24.774925896297063,6.642379795977556,0.0,0.0,0.0,0.00016305307355043644,6.2974282403078226,-0.05503371238547847,-72.44678834734788,0.0,-0.225408687529192,0.9859975192035244,-0.9991604077658307,1.0749985070709343,0.0,-0.225278404432429,0.24710710241435208,0.9903820892187003,-0.9992507700078932,1.0295944063706777,Medical Instruments & Supplies,Healthcare,GCTK
2019Q4,2019,Q4,2020-04-14,2019-12-31,-598859.0,68507.0,605794.0,-0.04282,0.0,0.0,1282461.0,-1411602.0,718042.0,2272255.0,2694063.0,184602.0,-90702929.0,109056256.5274,109015233.5274,-0.10094478636935528,0.31600414566146845,0.2944323453110855,-0.2674960789230959,-0.7154165648091396,-0.10094478636935528,0.4242406854056597,1591.8994632285753,-45.526683462801756,-77.25708558602213,0.0,0.0,0.0,0.053418388551386746,0.2151087796044018,-0.4669607886711565,-136.75503071312937,0.0,0.4646302103479515,0.9773724545499428,-0.9382086821768494,0.9914456229924311,0.0,0.39920463654357996,-0.3821410686474793,0.9825654606446237,-0.9824562419099446,0.9957241895519516,Medical Instruments & Supplies,Healthcare,GCTK
2019Q3,2019,Q3,2019-11-13,2019-09-30,-996777.0,4175.0,980473.0,-0.07998209990113542,0.0,0.0,1973641.0,-862816.0,1440292.0,2440222.0,2836457.0,139129.0,-90104070.0,64805005.2,63916696.2,-0.06923297338150665,0.5902299053118938,0.16921567802857765,-0.38707093980640134,-2.5680075850635014,-0.06923297338150665,1.155260217705745,15522.156934131737,-16.253636771313946,-75.10871981975299,0.0,0.0,0.0,0.002115379646045051,0.5133340327232522,-0.5050447371127779,-60.33390112335282,0.0,-0.025187151951370234,0.9575955218760029,-0.9949948961805315,0.9942513056228621,0.0,-0.10893835170666746,2.096350689808634,0.9754419990301797,-0.9867566441222007,0.9968882486692551,Medical Instruments & Supplies,Healthcare,GCTK
2019Q2,2019,Q2,2019-08-14,2019-06-30,-898857.0,110518.0,-894306.0,-0.07801707205254692,0.0,0.0,3055032.0,15351.0,2505504.0,2627741.0,3039681.0,129868.0,-89107293.0,32950877.959999997,31028249.959999997,0.0013324033445571962,0.9534820973604324,0.11576474485373639,23.03856426291447,-1.6501145828336095,0.0013324033445571962,-58.553644713699434,298.1494232613692,-9.164660774739474,2146.49716370269,0.0,0.0,0.0,0.03617572581891122,0.8749359240503535,-0.2942217953854493,-26.930442816219948,0.0,0.15638604234155495,-1.0060493711587841,0.0,1.0000809732669924,0.0,0.12019345120114168,-1.8724485465629581,0.9783119631449785,-0.9888998569595074,1.000067203932424,Medical Instruments & Supplies,Healthcare,GCTK
2019Q1,2019,Q1,2019-05-15,2019-03-31,-1021653.0,25562.0,1025053.0,-0.09247958896874224,0.0,0.0,839102.0,-2686348.0,261918.0,3096051.0,3525450.0,157344.0,-88208436.0,35903838.75,36245703.75,-0.24316706246348102,0.08459744364676164,0.44385664674854786,-0.13864212678327603,-0.48452506944894147,-0.24316706246348102,0.38031297508736767,1404.5786225647446,-8.785722439517135,-13.36529695705843,0.0,0.0,0.0,0.030463519333763952,0.02068667473500921,-1.21755519591182,-43.393516263577155,0.0,0.23317090407344743,0.9488079878362231,0.0,0.9916442707139378,0.0,0.23314580807872307,0.013470050789526502,0.9670040662979762,-0.9886392728805866,0.987057187014866,Medical Instruments & Supplies,Healthcare,GCTK
2018Q4,2018,Q4,2019-04-15,2018-12-31,-1332265.0,0.0,1011429.0,-0.1206,0.0,0.0,688186.0,-2873301.0,314145.0,3221609.0,3561487.0,170999.0,-87186783.0,71807677.5,71878819.5,-0.26008996739937734,0.09751183337270289,0.24444118305225623,-0.0585462504624472,-0.3738998476939684,-0.26008996739937734,0.46367053086328236,0.0,-13.474736163601087,-24.99135228087833,0.0,0.0,0.0,0.0,0.03720439072525561,-1.9359083154844765,-65.7770410457981,0.0,0.9513444382844696,0.9931454533187238,0.0,0.9904099224475847,0.0,0.15297626389332167,-0.37221449116321337,0.9658321135411692,0.0,0.9836691259366075,Medical Instruments & Supplies,Healthcare,GCTK
2018Q3,2018,Q3,2018-11-14,2018-09-30,-1572878.0,0.0,1611106.0,-2.4786477793659025,0.0,0.0,2457853.0,-15995905.0,2079633.0,3817207.0,18453758.0,894678.0,-54776727.0,7836951.85,7068567.85,-25.20743147732878,0.5448048795886626,0.07058396087967832,-0.010845588292753677,-0.1018242468598356,-25.20743147732878,0.09833004134495672,0.0,-1.2456388623275294,-0.4899348833342033,0.0,0.0,0.0,0.0,0.2784300144058208,-0.639939817393473,-5.754661951001729,0.0,0.42222716357236434,-0.44385798261753256,0.0,-1.7070784819570792,0.0,0.19852656048485515,-0.19695891252163233,0.040863701891509986,0.0,-0.891296650258169,Medical Instruments & Supplies,Healthcare,GCTK
2018Q2,2018,Q2,2018-08-14,2018-06-30,-1962483.0,15279.0,2006256.0,-4.290004,0.0,0.0,1502173.0,-16984761.0,1138013.0,3930183.0,18486934.0,887914.0,-52240613.0,12466975.95,12621329.95,-29.223054966268705,0.2895572547130757,0.11430041679620123,-0.01010900300569434,-0.11932722308405215,-29.223054966268705,0.11554375124854568,815.9549676025918,-1.588163559888162,-0.7340095012228903,0.0,0.0,0.0,0.010171265227107663,0.0346380817381786,-1.3064294192479828,-12.26675792711365,0.0,0.029411738088924784,-1.3863944653382732,0.0,-2.8761196703776215,0.0,-0.0620680660290054,0.05050086160448505,0.1521058622648468,-0.8366084078083221,-1.6937401128007796,Medical Instruments & Supplies,Healthcare,GCTK
2018Q1,2018,Q1,2018-05-15,2018-03-31,-1847794.0,28209.0,1909809.0,-4.420004,0.0,0.0,1904871.0,-16286538.0,1483911.0,3591666.0,18191409.0,934239.0,-49724998.0,13691965.950000001,13557001.950000001,-30.153722249068256,0.4131539513974852,0.09419168017151817,-0.011016644544101391,-0.11856927823511536,-30.153722249068256,0.11345529663824197,485.37580027650756,-1.85247461973575,-0.840692229987736,0.0,0.0,0.0,0.014808876821580044,0.1285656851166005,-0.9700362911714232,-9.589561240762881,0.0,0.10134208947940924,-0.06306555836923265,0.0,-4.517960784685803,0.0,0.30443584512185023,-0.28733018757031786,0.08706532361877177,-0.7179428658318302,-1.8887762760762479,Medical Instruments & Supplies,Healthcare,GCTK
2017Q4,2017,Q4,2018-03-30,2017-12-31,-2656540.0,463581.0,2679795.0,-4.91845,0.0,0.0,1668928.0,-16574933.0,1227050.0,3685942.0,18243861.0,957349.0,-47368612.0,14043042.0,14172027.0,-30.687671374905808,0.332899975094562,0.10951161464125475,-0.011026711239194752,-0.16348022585910854,-30.687671374905808,0.16027455435264806,30.292531402279213,-1.321553788009968,-0.8472457777054061,-0.00022134054070332087,0.0,4.187126977189131e-05,0.2777717193312114,0.04763070064585932,-1.5917642942056218,-17.818631916864398,0.0,0.14013202084053752,-1.9363164943387714,0.0,-24.46824973324022,0.0,-0.027778422587958557,0.01186884572426277,-1.5987813992460385,9.825766628980116,-1.6005692801685754,Medical Instruments & Supplies,Healthcare,GCTK
2017Q3,2017,Q3,2017-11-14,2017-09-30,-2584740.0,20900.0,2648362.0,-5.720006,0.0,0.0,2648563.0,-14843699.0,2197077.0,2943862.0,17492262.0,1494208.0,-44275592.0,27143717.25,26858879.25,-30.213782519046834,0.7463247258193488,0.06677960841407209,-0.011915493570706332,-0.1805681378026566,-30.213782519046834,0.1741304509071492,1298.74245215311,-2.625381784047912,-1.828635655438715,-0.0030289313431911915,0.0,0.0002884277023626895,0.007891071498016093,0.19730238713635354,-0.9759027819991445,-17.909398540392566,0.0,0.08333325320520532,-2.059170065187704,0.0,-15.533855592672083,0.0,-0.010769196476929267,0.00010120486659461485,-1.7893225888541802,-0.36441877097800257,-1.5087728172846133,Medical Instruments & Supplies,Healthcare,GCTK
2017Q2,2017,Q2,2017-08-14,2017-06-30,-2557201.0,8744.0,2648094.0,-6.240006,0.0,0.0,3387593.0,-13366077.0,2929098.0,2746462.0,16753670.0,1508312.0,-41466658.0,12410190.0,11455754.0,-28.002633481034536,1.066498644437826,0.05259958914781085,-0.013331211543970605,-0.2007973829932322,-28.002633481034536,0.19132023554854577,1419.2806495882892,-1.2132591454484807,-0.9284841019545227,0.0,0.0,0.0,0.0025811837490513174,0.45983450708584356,-0.7548725599562875,-5.038089566199118,0.0,0.0,-1.9593010363231032,0.0,-60.39577993598184,0.0,-0.010621560471480936,0.01865440837051854,-1.4154132713806014,0.0,-0.7017855190868972,Medical Instruments & Supplies,Healthcare,GCTK
2017Q1,2017,Q1,2017-05-15,2017-03-31,-2530325.0,96237.0,2599600.0,-6.240006,0.0,0.0,3795629.0,-12268630.0,3341299.0,3277524.0,16064259.0,1423261.0,-38501218.0,11787349.924999999,10318496.924999999,-26.452700007546436,1.0194582861940904,0.04482787964787918,-0.013868704166642893,-0.21486996713636755,-26.452700007546436,0.20624348439882856,122.48251633986926,-1.164608293895053,-0.9607714899707629,0.0,0.0,0.0,0.025354690882591527,0.5291113047532222,-0.6666418135176014,-10.271394770780505,0.0,-1.5403880601875979,-2.5000586278589907,0.0,-26.88747653503851,0.0,-1.2210815892474836,0.9668876477095095,-2.019997292281975,0.0,0.09102985449903335,Medical Instruments & Supplies,Healthcare,GCTK
2016Q4,2016,Q4,2017-03-31,2016-12-31,-1139231.0,129512.0,1321682.0,-2.45632,0.0,0.0,2460946.0,-10949430.0,2017495.0,2348191.0,13410376.0,1419604.0,-35604176.0,15073337.5,15086535.5,-23.608339891546912,0.8591698886504547,0.06584215988485728,-0.014798395898233972,-0.12252094944878264,-23.608339891546912,0.10404477676006879,116.38564380134659,-3.307787775262436,-1.376632162587459,0.0,0.0,0.0,0.05262691664099903,0.10258833289114898,-0.4629240137735651,-15.592134594358077,0.0,0.3701750049487129,-0.6712286580930855,0.0,-10.93229321116144,0.0,0.21688558261797264,-0.11077665637511917,0.8603852267336647,0.0,0.1295096358097502,Medical Instruments & Supplies,Healthcare,GCTK
2016Q3,2016,Q3,2016-11-14,2016-09-30,-1454744.0,11299.0,1486333.0,-3.900004,0.0,0.0,2029069.0,-9937906.0,1558527.0,1015318.0,11966975.0,674099.0,-34189683.0,14632909.2,14103207.2,-22.248877247184723,1.5350136607447125,0.0820361456411783,-0.016749705622089803,-0.15210978433188363,-22.248877247184723,0.14638335279081932,1295.0623240994778,-2.514688013836111,-1.4724338507528647,-0.006032676539652337,0.0,0.0005997440344945215,0.00556856371074616,0.7561768825136558,-0.7169514688756272,-9.833984008000032,0.0,0.0,-0.8401885142566183,0.0,0.0,0.0,0.08448972245402449,-0.061320677263914415,-0.8971839906957594,0.0,-1.3893531912494843,Medical Instruments & Supplies,Healthcare,GCTK
2016Q2,2016,Q2,2016-08-15,2016-06-30,-1588998.0,381731.0,1583430.0,-3.900004,0.0,0.0,2741926.0,-8757799.0,2296833.0,1039095.0,11499725.0,698170.0,-32476186.0,20672823.599999998,19429281.599999998,-19.826270524554758,2.2104167568894084,0.05907963964016534,-0.01849688489082702,-0.18420958032212684,-19.826270524554758,0.18143805309987132,54.155474928680135,-3.252493646939769,-2.3605044600818084,-0.0029911931921877814,0.0,0.00022991537546907719,0.13922002271396092,1.4196950230729626,-0.5795189221007423,-8.53110957780283,0.0,-0.2500000801281281,-1.6723861607772013,0.0,0.0,0.0,-0.2952760270109002,0.25232027598926604,-1.542374709672649,0.0,-1.6297386518678223,Medical Instruments & Supplies,Healthcare,GCTK
2016Q1,2016,Q1,2016-05-16,2016-03-31,-1226764.0,89147.0,1264397.0,-3.120003,0.0,0.0,1537256.0,-8223404.0,1088967.0,2200457.0,9760660.0,800314.0,-30730799.0,22760348.0,22657133.0,-18.787806232136695,0.49488219947038276,0.018335267515625243,-0.003427534388435738,-0.15428473043670102,-18.787806232136695,0.149179585485524,255.3125511795125,-4.6382898422190415,-2.7677526240958126,0.0,0.0,0.0,0.057990991741128345,0.07648911112555255,-0.7980219299843357,-44.59875062703787,0.0,0.11602375400551353,-0.9376004697798078,0.0,0.0,0.0,0.2059086069009266,-0.18686831659991304,0.12907689820742654,0.0,-2.4380623779344264,Medical Instruments & Supplies,Healthcare,GCTK
2015Q4,2015,Q4,2016-03-30,2015-12-31,-1544865.0,0.0,1554972.0,-3.52951,0.0,0.0,2132660.0,-6970914.0,1712162.0,1510432.0,9103574.0,816223.0,-29376515.0,19915304.5,19466917.5,-15.92627353500922,1.1335578165716829,0.07517091331951647,-0.022997558139434802,-0.22831644789005373,-15.92627353500922,0.2216158454974484,0.0,-3.222822787104375,-2.8569143874103164,-0.003042337032685704,0.0,0.00023599940437767346,0.0,0.4152103504163047,-0.724384102482346,-13.214918130471018,0.0,-0.23409311109114234,-1.4014034050645205,0.0,-7.700361788992665,0.0,-0.40958694124839184,0.38406613017932656,-1.1071203022640124,0.0,-12.217500498952548,Medical Instruments & Supplies,Healthcare,GCTK
2015Q3,2015,Q3,2015-11-16,2015-09-30,-1095970.0,0.0,1123481.0,-2.860003,0.0,0.0,3018913.0,-5652403.0,2633448.0,834506.0,8671316.0,260269.0,-27707038.0,22052992.0,19948134.0,-13.328121463064967,3.155696903317651,0.0,0.0,-0.19876165942166543,-13.328121463064967,0.1938945259210994,0.0,-5.030473461864832,-3.901525068187813,-0.00485870963621267,0.0,0.00024146383402306592,0.0,2.5476809034326897,-0.36303464193900253,-16.37492222039066,0.0,0.33333325563332805,-0.4601484633446736,0.0,0.0,-1.0,0.3424729692597699,0.02488407712805019,-0.502651563508136,0.0,-6.2935335207695635,Medical Instruments & Supplies,Healthcare,GCTK
2015Q2,2015,Q2,2015-08-14,2015-06-30,-1666806.0,67342.0,1096203.0,-4.290004,67342.0,1.0,4150697.0,-4540718.0,3815830.0,793392.0,8691415.0,138039.0,-26521231.0,24485584.5,20969511.5,-10.84850569934322,4.809514086353278,0.0,0.0,-0.24141622536347776,-10.84850569934322,0.36707983186799975,363.6004944908081,-3.67253065143754,-5.392447736239071,-0.015911869767687423,0.0,0.001083167934994568,0.016224263057505763,4.465212656543046,-0.4015725551636267,-19.62526890424925,1.0,-0.0645160649964615,-1.9584228952232594,0.0,0.0,-0.11187603033300363,-0.08619897545243466,0.24469936879539728,-1.199681533320833,0.0,-22.78535108143387,Medical Instruments & Supplies,Healthcare,GCTK
2015Q1,2015,Q1,2015-05-15,2015-03-31,-1534531.0,75825.0,880697.0,-4.030004,75825.0,1.0,5182540.0,-4274415.0,4886121.0,728544.0,9456955.0,75205.0,-24725345.0,26084895.200000003,21545689.200000003,-10.43823382890187,6.706693075504019,0.030113226333033608,-0.03651096114906952,-0.21384694654560854,-10.43823382890187,0.3590037467115383,344.01444378503135,-4.249652695188302,-6.1025649591815485,-0.013368253883434092,0.0,0.0007864321417706903,0.01463085668417417,6.450314600079062,-0.2960963157061981,-42.93682689237192,1.0,-1.1293479868963332,-1.5906262692024233,0.0,0.0,1.3355202365551655,-0.9800093417908368,-0.12556048913971618,-1.4040919677989758,0.0,-11.215196680711383,Medical Instruments & Supplies,Healthcare,GCTK
2014Q4,2014,Q4,2015-03-31,2014-12-31,-775012.0,32466.0,1007156.0,-1.8926,32466.0,1.0,6348266.0,-4832203.0,6048305.0,1000007.0,11180469.0,83653.0,-23087063.0,31940688.0,26113128.0,-11.80036679234962,6.048262662161365,0.0,0.0,-0.20842584634792868,-11.80036679234962,0.16038481827025894,983.8196266863796,-10.303288207150342,-6.609964026759638,-0.11946782759492756,0.0,0.0028987791371306716,0.005114152431545874,5.850769044616688,-0.12208247102437106,-33.48866819882237,1.0,0.0900970287528569,-0.28768283222177143,0.0,-5.964546576306908,0.18883884433703174,-0.007070172862542897,2.2124315780476738,-0.28768283222177143,0.0,-5.964546576306908,Medical Instruments & Supplies,Healthcare,GCTK
2014Q3,2014,Q3,2014-11-14,2014-09-30,-769571.0,27309.0,-830691.0,-2.080002,27309.0,1.0,4951413.0,-4913731.0,4639227.0,576576.0,9865144.0,134369.0,-22181516.0,34423550.59,30035570.590000004,-12.04325170891676,8.046167374292374,0.0,0.0,0.16905504188161705,-12.04325170891676,0.15661642853465116,1260.520362884031,-11.182707830076758,-7.005583046772402,-0.12031248578753617,0.0,0.002689699302166029,0.005515395302310674,7.6343638999889,-0.1554245222525368,-39.69001924340778,1.0,-1.2051282000708086,-0.0657212001435262,0.0,0.0,0.0,-1.1462526663230663,-1.9414785464782858,-0.0657212001435262,0.0,0.0,Medical Instruments & Supplies,Healthcare,GCTK
2014Q2,2014,Q2,2014-08-19,2014-06-30,5261928.0,0.0,882326.0,10.14001,0.0,0.0,1019814.0,-6713663.0,708397.0,517105.0,7733477.0,0.0,-21313444.0,37128455.0,36538719.0,-16.45485471991765,1.3699287378772202,0.0,0.0,-0.1314224440517792,-16.45485471991765,-0.7837640942060988,0.0,1.764013827251152,-5.5302827979301314,0.017596021838383193,0.0,0.002493747719909164,0.0,1.1404569671536728,5.159693826521307,-40.94037210646042,0.0,5.875000120192193,10.580964372077492,0.0,0.0,0.0,8.140442843786088,-0.005477994467901883,10.580964372077492,0.0,0.0,Medical Instruments & Supplies,Healthcare,GCTK
2014Q1,2014,Q1,2014-05-13,2014-03-31,-736919.0,0.0,887186.0,-2.080002,0.0,0.0,1982338.0,-11871250.0,1705609.0,505919.0,13853588.0,0.0,-26482783.0,43749527.25,42156244.25,-29.101835894695295,3.3713084505622444,0.012025194492563831,-0.002008044645677582,-0.07488437137157043,-29.101835894695295,0.06207593977045383,0.0,-14.84204072971385,-3.685334505633358,-0.12575873332075846,0.0,0.002118285746733412,0.0,3.1964029815049444,-0.3717423567524812,-62.757256968999734,0.0,0.8817750101031114,-0.24888501036697253,0.0,0.0,0.0,0.8973191786359171,0.1361361540825735,-0.24888501036697253,0.0,0.0,Medical Instruments & Supplies,Healthcare,GCTK
2013Q4,2013,Q4,2014-03-28,2013-12-31,-7176793.0,0.0,780880.0,-17.59359,0.0,0.0,2756205.0,-11063118.0,2478963.0,310907.0,13819323.0,0.0,-25653190.0,45075270.5,42689359.5,-27.120736613216774,7.973326428803468,0.0,0.0,,-27.120736613216774,0.6487134097277096,0.0,-1.5701745368718314,-4.074373110727012,-0.025837306440355742,0.0,0.004113763443749051,0.0,7.674034357541001,-2.6038676368412363,-47.55843929068451,0.0,-7.458448597645579,-10.970285228376046,0.0,-12.409997881367346,0.0,-9.254495133368007,0.07352803699772889,-10.970285228376046,0.0,-12.409997881367346,Medical Instruments & Supplies,Healthcare,GCTK
2013Q3,2013,Q3,2013-11-14,2013-09-30,-699868.0,0.0,727396.0,-2.080002,0.0,0.0,3857332.0,-3796239.0,3587043.0,547514.0,7653571.0,0.0,-18381815.0,50349221.0,46832606.0,-9.31167369004577,6.5515091851532565,0.0,0.0,,-9.31167369004577,0.1843582556314289,0.0,-17.98525614830225,-13.262921802341738,-0.12440774546057257,0.0,0.0017293018297145054,0.0,6.422876857943359,-0.181438362059579,-64.70441256223157,0.0,-0.23076895766987252,0.030042144946752874,0.0,0.0,0.0,-0.21379056776223254,-0.12550944103948813,0.030042144946752874,0.0,0.0,Medical Instruments & Supplies,Healthcare,GCTK
2013Q2,2013,Q2,2013-08-19,2013-06-30,-576597.0,0.0,831794.0,-1.690002,0.0,0.0,4657740.0,-3072352.0,4399702.0,548694.0,7730092.0,0.0,-17591100.0,52976820.0,48655546.0,-7.539255093076557,8.018498470914572,0.0,0.0,-0.2707352542937788,-7.539255093076557,0.18767283175886096,0.0,-22.96960442041842,-17.2430828238431,0.0,0.0,0.0,0.0,7.8755626997925985,-0.12379329889603112,-58.22095618659519,0.0,0.4799998646155096,-0.051137800659326216,0.0,0.0,0.0,0.570855056769339,0.20931226592849334,-0.051137800659326216,0.0,0.0,Medical Instruments & Supplies,Healthcare,GCTK
2013Q1,2013,Q1,2013-05-20,2013-03-31,-1343595.0,0.0,687824.0,-3.250003,0.0,0.0,5585636.0,-2281524.0,5397849.0,504588.0,7867160.0,0.0,-17008009.0,33922362.5,28597022.5,-5.464649609825966,10.697537396846537,0.0,0.0,-0.3014756802908933,-5.464649609825966,0.5889024178575374,0.0,-6.31186527562249,-14.868290888020464,0.0,0.0,0.0,0.0,10.553837982671011,-0.24054467566450805,-52.498150621437624,0.0,-0.9402539640844396,-1.2247664182885385,0.0,0.0,0.0,-0.9212328767123288,0.003396081085812317,-1.2247664182885385,0.0,0.0,Medical Instruments & Supplies,Healthcare,GCTK
2012Q4,2012,Q4,2013-04-01,2012-12-31,-699340.0,0.0,685496.0,-1.67504,0.0,0.0,814571.0,-503069.0,624883.0,457953.0,1317640.0,0.0,-15289826.0,33922362.5,33416378.5,-1.2049383721431548,1.3645133889285581,0.0459468849247027,-0.07439734907139975,,-1.2049383721431548,1.3901472760197906,0.0,-12.126563080904853,-67.43083453760816,0.0,0.0,0.0,0.0,1.1866086694486115,-0.8585378070174362,-60.912624662867074,0.0,0.026022375142029965,-0.13966127253594085,0.0,-1.5069310789527606,0.0,0.0017357641644636546,-0.0007725654712795142,-0.13966127253594085,0.0,-1.5069310789527606,Medical Instruments & Supplies,Healthcare,GCTK
2012Q3,2012,Q3,2012-11-19,2012-09-30,-700556.0,0.0,686026.0,-1.7197931012473333,0.0,0.0,497680.0,-744385.0,314353.0,419234.0,1242065.0,0.0,-14590486.0,33097106.25,32914716.25,-1.8273887992851339,0.7498270655528894,0.0,0.0,,-1.8273887992851339,0.9411205223103636,0.0,-11.81101376977715,-44.46234979211027,0.0,0.0,0.0,0.0,0.4350553628761026,-1.4076434656807588,-53.04507983902376,0.0,0.055059773974241014,0.028285399753109324,0.0,0.0,0.0,0.050039459874325044,-0.0902416868348639,0.028285399753109324,0.0,0.0,Medical Instruments & Supplies,Healthcare,GCTK
2012Q2,2012,Q2,2012-08-14,2012-06-30,-737458.0,0.0,754075.0,-1.820002,0.0,0.0,1044434.0,-185792.0,858944.0,364164.0,1230226.0,0.0,-13889930.0,33097106.25,32338739.25,-0.45610029728807483,2.3586735646576815,0.0,0.0,,-0.45610029728807483,3.9692667068549774,0.0,-11.219997020169284,-178.14064249268,0.0,0.0,0.0,0.0,2.0824875605496427,-0.7060838693493318,-50.9174499819235,0.0,-0.16760767284822656,-0.344932368803844,0.0,0.0,0.0,-0.16143714574149584,0.16369419182995087,-0.344932368803844,0.0,0.0,Medical Instruments & Supplies,Healthcare,GCTK
2012Q1,2012,Q1,2012-05-15,2012-03-31,-634953.0,0.0,648001.0,-1.5587444672749902,0.0,0.0,1688769.0,416243.0,1481015.0,324000.0,1272526.0,0.0,-13152472.0,33097106.25,31680981.25,1.0218338574539276,4.571033950617284,0.0,0.0,,1.0218338574539276,-1.525438265628491,0.0,-13.031321314333503,79.51390473833794,0.0,0.0,0.0,0.0,4.370756172839506,-0.37598570319564134,-69.31679550385779,0.0,-0.06053632015552783,-0.07759033510445343,0.0,0.0,0.0,-0.06053515057373353,2.0847928350213443,-0.07759033510445343,0.0,0.0,Medical Instruments & Supplies,Healthcare,GCTK
2011Q4,2011,Q4,2012-03-14,2011-12-31,-598710.0,0.0,-597350.0,-1.46977,0.0,0.0,2182499.0,968239.0,1989321.0,283041.0,1214260.0,0.0,-12517529.0,33097106.25,31200602.25,2.376927401319262,7.0283845803258185,0.0,0.0,,2.376927401319262,-0.6183493951390101,0.0,-13.820174312271384,34.18278570683478,0.0,0.0,0.0,0.0,6.700456824276341,-0.27432314974714767,-57.070470519059064,0.0,0.16955303113553116,0.0,0.0,0.0,0.0,0.15520919758207893,-1.8530573541298343,0.0,0.0,0.0,Medical Instruments & Supplies,Healthcare,GCTK
2011Q3,2011,Q3,2011-12-29,2011-09-30,-708708.0,0.0,700246.0,-1.7698541329011346,0.0,0.0,,,,,,,,32535181.25,,,0.0,0.0,0.0,0.0,,0.0,0.0,-11.476934523809524,0.0,0.0,0.0,0.0,0.0,0.0,0.0,-69.9357958148383,0.0,-0.36142520882763524,0.0,0.0,0.0,0.0,-0.3717185676377171,0.4097143512861138,0.0,0.0,0.0,Medical Instruments & Supplies,Healthcare,GCTK
2011Q2,2011,Q2,2011-06-30,2011-06-30,-516657.0,0.0,496729.0,-1.300001,0.0,0.0,,,,,,,,31185700.0,,,0.0,0.0,0.0,0.0,,0.0,0.0,-15.090137170308347,0.0,0.0,0.0,0.0,0.0,0.0,0.0,-56.374709410578,0.0,0.1012840509547185,0.0,0.0,0.0,0.0,0.0436953045177913,-0.07863169863537128,0.0,0.0,0.0,Medical Instruments & Supplies,Healthcare,GCTK
2011Q1,2011,Q1,2011-03-31,2011-03-31,-540264.0,0.0,539121.0,-1.4465093240873372,0.0,0.0,,,,,,,,30346468.75,,,0.0,0.0,0.0,0.0,,0.0,0.0,-14.042425901966446,0.0,0.0,0.0,0.0,0.0,0.0,0.0,-81.48956288584495,0.0,0.0,0.0,0.0,0.0,0.0,0.0,0.0,0.0,0.0,0.0,Medical Instruments & Supplies,Healthcare,GCTK
