Quarters,Year,Quarter,FillingDate,Date,NetIncome,Revenue,OperatingIncome,EPSDiluted,GrossProfit,GrossProfitRatio,TotalAssets,CommonStockEquity,CurrentAssets,CurrentLiability,TotalLiability,Inventory,RetainedEarnings,MarketCap,EnterpriseValue,bookValuePerShare,currentRatio,debtToAssets,debtToEquity,roic,shareholdersEquityPerShare,roe,priceToSalesRatio,peRatio,pbRatio,payoutRatio,inventoryTurnover,dividendYield,assetTurnover,quickRatio,returnOnAssets,priceToFreeCashFlowsRatio,grossProfitMargin,epsdilutedGrowth,fiveYNetIncomeGrowthPerShare,fiveYRevenueGrowthPerShare,fiveYShareholdersEquityGrowthPerShare,grossProfitGrowth,netIncomeGrowth,operatingIncomeGrowth,threeYNetIncomeGrowthPerShare,threeYRevenueGrowthPerShare,threeYShareholdersEquityGrowthPerShare,Industry,Sector,Symbol
2023Q1,2023,Q1,2023-05-09,2023-03-31,180198000.0,639690000.0,-9833000.0,22.78,639690000.0,1.0,52873511000.0,5015506000.0,445928000.0,1549116000.0,47858005000.0,0.0,2997263000.0,1299493120.0,2880665120.0,87.68980348276104,0.2878596567332595,0.06791071619964863,0.7159154031517458,-0.000845351338577309,87.68980348276104,0.035928179529642675,2.0314419797089216,1.802868400315209,0.25909511821937803,0.17424166749908435,0.0,0.02416172853612338,0.01209849673118927,6.16034112358274,0.0034080959745608724,21.91314154665947,1.0,8.003952569169961,1.1913590577032982,1.0605021300608097,0.6495663420021442,0.1620649000775691,0.24431523923296297,-1.030814598466948,1.8601191955291043,0.706037071107152,0.35127484410277504,Banks—Regional,Financial Services,WTFCP
2022Q4,2022,Q4,2023-02-28,2022-12-31,144817000.0,550477000.0,319102000.0,2.53,550477000.0,1.0,52949649000.0,4796838000.0,4792686000.0,779144000.0,48152811000.0,0.0,2849007000.0,1489955800.0,2903971800.0,83.86666899783202,6.151219800190979,0.07353482173224604,0.8117103391859387,0.02724491896719856,83.86666899783202,0.030190096059112274,2.7066631303396873,2.5721355227632117,0.3106120740371053,0.19095824385258636,0.0,0.018560282123805283,0.01039623511007599,12.697290873060693,0.002734994522815439,4.903735177280222,1.0,0.14479638009049767,1.099074482109635,0.8379735322059002,0.606430363401594,0.09503424487222077,0.012982561677660341,0.1660101582197537,0.6794988827181473,0.4698147070691463,0.2955625329073829,Banks—Regional,Financial Services,WTFCP
2022Q3,2022,Q3,2022-11-08,2022-09-30,142961000.0,502703000.0,273670000.0,2.21,502703000.0,1.0,52382939000.0,4637980000.0,8469452000.0,1493656000.0,47744959000.0,0.0,2731844000.0,1397870240.0,393787240.0,81.08923700958108,5.670282849598569,0.06593963733115471,0.7447449104998297,0.02416934833773301,81.08923700958108,0.0308239794048271,2.7807079726995863,2.444495771574066,0.3013963492727438,0.19335343205489608,0.0,0.01977436761226135,0.009596693305047279,6.896393145409653,0.0027291519477362657,6.419551783680517,1.0,0.4832214765100671,1.171793012265758,0.70045598370636,0.5895461288140231,6613.513157894737,0.5126067313491266,0.5537690268149636,0.4379000234355247,0.3214689104211989,0.306058193177274,Banks—Regional,Financial Services,WTFCP
2022Q2,2022,Q2,2022-08-08,2022-06-30,94513000.0,76000.0,176133000.0,1.49,76000.0,1.0,50969332000.0,4727623000.0,7621453000.0,1308797000.0,46241709000.0,0.0,2616525000.0,1477372680.0,51526680.0,82.65653192530947,5.82325066454156,0.045901837599127256,0.49487575468686906,0.01789069436816251,82.65653192530947,0.019991653310765262,19439.114210526317,3.907855744712367,0.3124979889470882,0.2799826478897083,0.0,0.01791152656214003,1.4910927221883152e-06,7.229620789167456,0.00185431113752874,4.225217585283822,1.0,-0.33183856502242154,0.4519234373385358,-0.9997417102041922,0.6599086034887631,-0.9998351717467023,-0.2580873060106287,-0.1839914383799636,0.1566233190896687,-0.9997916212792776,0.3673655734620451,Banks—Regional,Financial Services,WTFCP
2022Q1,2022,Q1,2022-05-06,2022-03-31,127391000.0,461086000.0,215847000.0,2.23,461086000.0,1.0,50250661000.0,4492256000.0,5080347340.0,177786000.0,45758405000.0,-1481368000.0,2548474000.0,1611783280.0,-450143720.0,78.54143646408839,28.575632164512392,0.04804287052064848,0.5374106017110334,0.022923481897522458,78.54143646408839,0.028357911926657785,3.4956239833783718,3.1630634817216285,0.3587915025323579,0.20764418208507665,0.0,0.01641163568839106,0.009175720096497836,56.50623221176021,0.0025351109311776017,3.5793384883922346,1.0,0.28901734104046245,1.1755362434823997,0.7674416636286422,0.6197531015761212,0.07508825271286741,0.2899440039693389,0.276838531068099,0.42466801451568803,0.34049719364047537,0.3281811919124026,Banks—Regional,Financial Services,WTFCP
2021Q4,2021,Q4,2022-02-25,2021-12-31,98757000.0,428882000.0,169048000.0,1.73,428882000.0,1.0,50142143000.0,4498688000.0,6867868000.0,3000.0,45643455000.0,0.0,2447535000.0,1557270820.0,-1809969180.0,78.89390059976851,2289289.3333333335,0.0481932533278444,0.5371595007255449,0.017616106306572517,78.89390059976851,0.021952400344278155,3.63100064819694,3.9421783265996333,0.34616110741620665,0.24979495124396245,0.0,0.01584117526840964,0.00855332409705744,3073909.6666666665,0.001969540871039357,4.252166179723125,1.0,-0.09424083769633505,0.8084712862584237,0.5573679413484197,0.668889905353765,0.013699342450471063,-0.09510981610269661,0.0,0.23977804838243966,0.30497701208881156,0.3767686690721241,Banks—Regional,Financial Services,WTFCP
2021Q3,2021,Q3,2021-11-08,2021-09-30,109137000.0,423086000.0,0.0,1.91,423086000.0,1.0,47832271000.0,4410317000.0,0.0,0.0,43421954000.0,0.0,2373447000.0,1631969640.0,-1640665360.0,77.34413033565993,0.0,0.050633682017732336,0.5491496416244003,0.0,77.34413033565993,0.024745840264996825,3.857300028835745,3.7383509717144507,0.37003454400216584,0.22594537141391097,0.0,0.015109962462291885,0.008845199927889688,0.0,0.0022816604296291934,23.01238969499556,1.0,0.03804347826086948,1.0547303021745271,0.5676935504190782,0.6490408955181469,0.0470507877270005,0.03832212274876557,0.0,0.18694261974159315,0.2212600379870336,0.38696977377979025,Banks—Regional,Financial Services,WTFCP
2021Q2,2021,Q2,2021-08-06,2021-06-30,105109000.0,404074000.0,0.0,1.84,404074000.0,1.0,46738450000.0,4339011000.0,0.0,0.0,42399439000.0,0.0,2288969000.0,1611441720.0,-1081081280.0,76.09363052856793,0.0,0.0524161370349252,0.5646099998363683,0.0,76.09363052856793,0.024224183805941032,3.987986655909561,3.83278720185712,0.3713845666673811,0.23475630060223196,0.0,0.015312375057535433,0.008645430047423481,0.0,0.0022488764603875396,3.79826784236913,1.0,-0.3159851301115241,1.1004576247477067,0.5616688245183481,0.6538417705476647,-0.0942217898396573,-0.3136769660720349,0.0,0.17335342710426424,0.2162514410241128,0.3965855035500348,Banks—Regional,Financial Services,WTFCP
2021Q1,2021,Q1,2021-05-07,2021-03-31,153148000.0,446107000.0,0.0,2.69,446107000.0,1.0,45682202000.0,4252511000.0,0.0,0.0,41429691000.0,0.0,2208535000.0,1596616000.0,256971000.0,74.57667216162183,0.0,0.05331341076772087,0.5727143327789158,0.0,74.57667216162183,0.036013545879128826,3.57899786374121,2.6063285188183976,0.375452526754193,0.16079870452111683,0.0,0.015423871488197538,0.009765444318993205,0.0,0.0033524653649576698,7.517272226485807,1.0,0.519774011299435,2.118405245260736,0.9011915822132063,0.7583679906319855,0.06981635227365382,0.5132603454408917,0.0,0.8680913870287019,0.44133773169762436,0.4028902268041236,Banks—Regional,Financial Services,WTFCP
2020Q4,2020,Q4,2021-02-26,2020-12-31,101204000.0,416994000.0,0.0,1.77,416994000.0,1.0,45080768000.0,4115995000.0,0.0,0.0,40964773000.0,0.0,2080013000.0,1624556780.0,-1074322220.0,72.1825786538529,0.0,0.05381591990624472,0.5894232135850506,0.0,72.1825786538529,0.024587979334280047,3.89587567207202,4.013074532627169,0.39469357470064953,0.2286470890478637,0.0,0.014243885030598931,0.009249931145804791,0.0,0.0022449484445340416,-15.536036990637582,1.0,-0.05851063829787228,1.8499338233223508,0.8106478043951177,0.7497940290969506,-0.02056836037965853,-0.0569445091552905,0.0,0.47139471656416737,0.3965390785388708,0.382626583883647,Banks—Regional,Financial Services,WTFCP
2020Q3,2020,Q3,2020-11-06,2020-09-30,107315000.0,425751000.0,0.0,1.88,425751000.0,1.0,43731718000.0,4074089000.0,0.0,0.0,39657629000.0,0.0,2001949000.0,1521917180.0,-186776820.0,71.4476693206131,0.0,0.05546930491045424,0.5954136004392638,0.0,71.4476693206131,0.026340858042129173,3.574664956747019,3.5454437403904397,0.37356012104792014,0.24613520943018216,0.0,0.01735574073748218,0.009735519651892021,0.0,0.002453939724023648,-21.82116538819987,1.0,3.9473684210526314,1.7979402946160867,0.8526781634704509,0.7442420718779863,0.003143135171305579,3.954753220370285,0.0,0.6352512723615639,0.44455075679692196,0.40054796875134285,Banks—Regional,Financial Services,WTFCP
2020Q2,2020,Q2,2020-08-07,2020-06-30,21659000.0,424417000.0,0.0,0.38,424417000.0,1.0,43540017000.0,3990218000.0,0.0,0.0,39549799000.0,0.0,1921048000.0,1482001780.0,-451254220.0,69.9768159657676,0.0,0.055737575848902404,0.608191081289293,0.0,69.9768159657676,0.005428024233262443,3.4918530124853624,17.10607345676162,0.37140872503707817,0.8388660602982594,0.0,0.012259769350614411,0.0097477453901775,0.0,0.0004974504258921167,-224.40971835251364,1.0,-0.6545454545454545,-0.5058520225411239,0.8254337597095937,0.761699651476259,0.13536338733494555,-0.6551773546456091,0.0,-0.6662557591259997,0.44680379617382754,0.40527452774437944,Banks—Regional,Financial Services,WTFCP
2020Q1,2020,Q1,2020-05-05,2020-03-31,62812000.0,373816000.0,0.0,1.1,373816000.0,1.0,38799847000.0,3700393000.0,0.0,0.0,35099454000.0,0.0,1917558000.0,1206585984.5354252,1265866984.5354252,64.89412858195082,0.0,0.060622455547311827,0.6356465380839278,0.0,64.89412858195082,0.016974413258267432,3.2277537198392396,4.802370504582823,0.3260696862564125,0.2892281729605808,0.0,0.01505653159645716,0.00963447098129021,0.0,0.0016188723630791637,-3.007480114496505,1.0,-0.27152317880794696,0.608419543173205,0.7383071528882194,0.7363981729400293,0.0011623484795731985,-0.26932204178493324,0.0,0.07595327006749118,0.43728949108749476,0.33830587746832436,Banks—Regional,Financial Services,WTFCP
2019Q4,2019,Q4,2020-02-28,2019-12-31,85964000.0,373382000.0,0.0,1.51,373382000.0,1.0,36620583000.0,3691250000.0,0.0,0.0,32929333000.0,0.0,1899630000.0,1206585984.5354252,518043984.5354252,64.73378695941918,0.0,0.04812006952483525,0.47739519133085,0.0,64.73378695941918,0.023288587876735524,3.2315054944679313,3.5089862748808374,0.3268773408832848,0.19192917965660045,0.0,0.013674118721304931,0.01019596001516415,0.0,0.0023474230325606776,4.669866066002102,1.0,-0.132183908045977,1.254320404898644,0.7788057511457509,0.7833659126243709,-0.015485623129556631,-0.13273675608599592,0.0,0.5742015821857603,0.35583483726655735,0.3693525452614374,Banks—Regional,Financial Services,WTFCP
2019Q3,2019,Q3,2019-11-08,2019-09-30,99121000.0,379255000.0,0.0,1.74,379255000.0,1.0,34911902000.0,3540325000.0,0.0,0.0,31371577000.0,0.0,1830165000.0,1206585984.5354252,171904984.5354252,62.08700150818982,0.0,0.04797447013915197,0.47308651041924116,0.0,62.08700150818982,0.027997712074456442,3.1814636182395097,3.043214819602872,0.34081220919984045,0.16365855873124766,0.0,0.01344454536014356,0.010863200750277083,0.0,0.0028391750183075102,-18.46711640472359,1.0,0.21678321678321683,1.4642253381066033,0.8233325801318263,0.7452852046923156,0.04302400092406446,0.21671617607345395,0.0,0.8661583356867175,0.4052831279318802,0.3237462768379876,Banks—Regional,Financial Services,WTFCP
2019Q2,2019,Q2,2019-08-09,2019-06-30,81466000.0,363611000.0,0.0,1.43,363611000.0,1.0,33641769000.0,3446950000.0,0.0,0.0,30194819000.0,0.0,1747266000.0,1206585984.5354252,1151013984.5354252,60.44947564098067,0.0,0.05001125238093157,0.4881031056441202,0.0,60.44947564098067,0.02363422736042008,3.3183429118905234,3.7027286982772725,0.3500445276361494,0.1990523654039722,0.0,0.01343957265195956,0.010808319859755293,0.0,0.002421573015378591,-14.511828546941189,1.0,-0.0833333333333334,1.1137489945772037,0.8031877172710998,0.7249973101261864,0.06033768809051674,-0.08615080878558769,0.0,0.6279850522571491,0.4052870586871244,0.3138270197953571,Banks—Regional,Financial Services,WTFCP
2019Q1,2019,Q1,2019-05-09,2019-03-31,89146000.0,342920000.0,0.0,1.56,342920000.0,1.0,32358621000.0,3371972000.0,0.0,0.0,28986649000.0,0.0,1682016000.0,1206585984.5354252,667316984.5354252,59.134579635929995,0.0,0.041452569934917805,0.3977933387347226,0.0,59.134579635929995,0.026437348827333087,3.518564051485551,3.3837356262070792,0.35782799635804363,0.1814214883449622,0.0,0.01340393490997422,0.010597484979350634,0.0,0.0027549381662463302,16.288267404665756,1.0,0.1142857142857144,1.5839420289855075,0.8252270090164895,0.7380017864662556,0.04341687686938424,0.11912324089533877,0.0,0.8151941520229684,0.46143552415127465,0.3942744957290687,Banks—Regional,Financial Services,WTFCP
2018Q4,2018,Q4,2019-02-28,2018-12-31,79657000.0,328651000.0,0.0,1.4,328651000.0,1.0,31244849000.0,3267570000.0,0.0,0.0,27977279000.0,0.0,1610574000.0,1206585984.5354252,877213984.5354252,57.30367226684437,0.0,0.03720178004380818,0.3557273447852686,0.0,57.30367226684437,0.02437805463999241,3.671329113665941,3.7868171803338853,0.3692609445353658,0.16022446238246482,0.0,0.010577779092067086,0.010518565796237325,0.0,0.0025494442299913178,12.012165465722472,1.0,-0.13043478260869576,1.2573396055316257,0.7553330128718687,0.7192407195874542,-0.05133156676307753,-0.13367338060642972,0.0,1.2431640900002816,0.42704981741286413,0.3891111324616095,Banks—Regional,Financial Services,WTFCP
2018Q3,2018,Q3,2018-11-09,2018-09-30,91948000.0,346434000.0,0.0,1.61,346434000.0,1.0,30142731000.0,3179822000.0,0.0,0.0,26962909000.0,0.0,1543680000.0,1206585984.5354252,1170914984.5354252,55.76482761039599,0.0,0.04582560883418294,0.4343982147428378,0.0,55.76482761039599,0.028916083982059373,3.4828740381585677,3.280620526100147,0.37945079458391856,0.13879584112759386,0.0,0.010576950307369753,0.01149311918684475,0.0,0.003050420348441553,8.739830101809593,1.0,0.02547770700636945,1.5854961617411354,0.7750644319992621,0.6972030875880539,0.04275665279069558,0.02643447198035276,0.0,1.397288489114848,0.5075260114097727,0.3613790257118099,Banks—Regional,Financial Services,WTFCP
2018Q2,2018,Q2,2018-08-08,2018-06-30,89580000.0,332229000.0,0.0,1.57,332229000.0,1.0,29464588000.0,3106871000.0,0.0,0.0,26357717000.0,0.0,1464494000.0,1206585984.5354252,996013984.5354252,54.48547928869559,0.0,0.04464392985912445,0.4233889981270545,0.0,54.48547928869559,0.028832867537789627,3.631790074121841,3.367341997475511,0.3883605030705894,0.14231971422192455,0.0,0.010566176106304418,0.011275535228933119,0.0,0.0030402597178687853,20.235224802700497,1.0,0.09027777777777786,1.6111289241262716,0.6720888213356417,0.6915874467783911,0.07340658914603453,0.09269220917041754,0.0,1.043758983367936,0.4289296436159688,0.37169787662771714,Banks—Regional,Financial Services,WTFCP
2018Q1,2018,Q1,2018-05-09,2018-03-31,81981000.0,309509000.0,0.0,1.44,309509000.0,1.0,28456772000.0,3031250000.0,0.0,0.0,25425522000.0,0.0,1387663000.0,1206585984.5354252,1549567984.5354252,53.15930693416576,0.0,0.05463616885288324,0.5129134845360824,0.0,53.15930693416576,0.027045278350515463,3.8983873959575495,3.6794683662538428,0.3980489845890062,0.15507251680267378,0.0,0.010536339857200412,0.01087646202457538,0.0,0.00288089597794156,111.94896868949947,1.0,0.19008264462809915,1.5577499064020968,0.6563772684216441,0.6603329813199188,0.03656506726592563,0.1919134644742007,0.0,1.0992778858957288,0.4392688076039546,0.42240485313977844,Banks—Regional,Financial Services,WTFCP
2017Q4,2017,Q4,2018-02-28,2017-12-31,68781000.0,298591000.0,0.0,1.21,298591000.0,1.0,27915970000.0,2976939000.0,0.0,0.0,24939031000.0,0.0,1313657000.0,1206585984.5354252,1067040984.5354252,52.206849987724034,0.0,0.04303024397862586,0.4035121310849836,0.0,52.206849987724034,0.02310460509939908,4.040932193319374,4.385607887844845,0.4053109534778594,0.1436879370756459,0.0,0.00819087916374669,0.010696063937595576,0.0,0.0024638585010658774,5.177414028592501,1.0,0.052173913043478314,1.2859184419555318,0.602553643692103,0.6495432771561003,0.013103562934085211,0.04807545789778441,0.0,0.8037133191723704,0.4224986422493878,0.4382584589399475,Banks—Regional,Financial Services,WTFCP
2017Q3,2017,Q3,2017-11-08,2017-09-30,65626000.0,294729000.0,0.0,1.15,294729000.0,1.0,27358162000.0,2908925000.0,0.0,0.0,24449237000.0,0.0,1254759000.0,1206585984.5354252,849221984.5354252,51.01408228403073,0.0,0.04069206111141531,0.3827049511417448,0.0,51.01408228403073,0.02256022413778286,4.093882802626905,4.596447995213121,0.4147875880386827,0.15030628104714594,0.0,0.008175132254497354,0.010772982483253079,0.0,0.002398772256703502,116.93990933663744,1.0,0.008771929824561412,1.031638907807566,0.5074110065466448,0.651578379605973,0.00470771915949657,0.011233184892984267,0.0,0.6315135242641212,0.41695953384839507,0.4340219511088938,Banks—Regional,Financial Services,WTFCP
2017Q2,2017,Q2,2017-08-08,2017-06-30,64897000.0,293348000.0,0.0,1.14,293348000.0,1.0,26929265000.0,2839458000.0,0.0,0.0,24089807000.0,0.0,1198997000.0,1206585984.5354252,887420984.5354252,49.79583318719091,0.0,0.0367100624543596,0.3481562326331293,0.0,49.79583318719091,0.022855418181920634,4.113155653133566,4.648080745394338,0.4249353167172838,0.15167110960445013,0.0,0.00815772777585335,0.010893279114747469,0.0,0.002409906100296462,-59.039290724442196,1.0,0.1176470588235293,1.5355342840398516,0.6369409335677019,0.6488594566784005,0.12789714092370158,0.11166877933468088,0.0,0.6838431799901403,0.4547456223437757,0.4209830175129552,Banks—Regional,Financial Services,WTFCP
2017Q1,2017,Q1,2017-05-09,2017-03-31,58378000.0,260084000.0,0.0,1.02,260084000.0,1.0,25778893000.0,2764983000.0,0.0,0.0,23013910000.0,0.0,1143943000.0,1206585984.5354252,843946984.5354252,48.489758338886745,0.0,0.033319157653511344,0.31064603290508475,0.0,48.489758338886745,0.02111333053403945,4.639216501343509,5.167126248481556,0.4363809775812094,0.18762204940217206,0.0,0.009077678789893504,0.010089029036273978,0.0,0.0022645658213484962,10.146369637358728,1.0,0.06250000000000006,1.5152089616544593,0.5040886431719083,0.6380997688872879,-0.055575930774286554,0.06903750366246704,0.0,0.6921159420289856,0.38432386974526034,0.4251439198038496,Banks—Regional,Financial Services,WTFCP
2016Q4,2016,Q4,2017-02-28,2016-12-31,54608000.0,275389000.0,0.0,0.96,275389000.0,1.0,25668553000.0,2695617000.0,0.0,0.0,22972936000.0,0.0,1096518000.0,1206585984.5354252,705979984.5354252,47.273280488232615,0.0,0.02910351043161646,0.27713321291563303,0.0,47.273280488232615,0.020258070786762363,4.381387726217914,5.523851745785532,0.44761031872681656,0.1801567535892177,0.0,0.008153583852366685,0.010728653072107337,0.0,0.002127428063436221,3.1223274743566245,1.0,0.03225806451612894,1.841059258103116,1.1555856476408155,0.7463941490075044,0.020420338078687407,0.028108820483855785,0.0,0.5474948991158468,0.47085937082732476,0.41830611457816513,Banks—Regional,Financial Services,WTFCP
2016Q3,2016,Q3,2016-11-08,2016-09-30,53115000.0,269878000.0,0.0,0.93,269878000.0,1.0,25321759000.0,2674474000.0,0.0,0.0,22647285000.0,0.0,1051748000.0,1206585984.5354252,1201163984.5354252,46.90249377433271,0.0,0.04160481110336766,0.3939118495823852,0.0,46.90249377433271,0.019859979943719776,4.470857144841095,5.67912070288725,0.4511488930292182,0.1850889579214911,0.0,0.00814778235948535,0.01065794836764697,0.0,0.0020976030930552653,214.96276225466332,1.0,0.05681818181818187,0.7586583669955631,0.45363762206649894,0.7500960288236976,0.04302691839455835,0.06142962770528167,0.0,0.49354666366729455,0.38280549478139236,0.4274778684070909,Banks—Regional,Financial Services,WTFCP
2016Q2,2016,Q2,2016-08-08,2016-06-30,50041000.0,258745000.0,0.0,0.88,258745000.0,1.0,24420616000.0,2623595000.0,0.0,0.0,21797021000.0,0.0,1008464000.0,1206585984.5354252,1478912984.5354252,46.01022412402231,0.0,0.05049614637075494,0.4700218593189879,0.0,46.01022412402231,0.019073446930642876,4.663224350365901,6.027986973358971,0.4598979585398757,0.18902499950040966,0.0,0.007839474452077298,0.010595351075501126,0.0,0.0020491293094326533,-6.911443506830329,1.0,0.023255813953488393,3.2588085106382976,0.7800533854345821,0.7806569357927928,0.10270364719620194,0.01893669442691047,0.0,0.45862360451219875,0.30224821456432344,0.42845981292128094,Banks—Regional,Financial Services,WTFCP
2016Q1,2016,Q1,2016-05-09,2016-03-31,49111000.0,234646000.0,0.0,0.86,234646000.0,1.0,23488168000.0,2418442000.0,0.0,0.0,21069726000.0,0.0,967882000.0,1206585984.5354252,1626154984.5354252,42.41243730489986,0.0,0.06152297616399883,0.5975177407603738,0.0,42.41243730489986,0.02030687525274536,5.142154498842619,6.142137120682867,0.49891044917985433,0.19221762945165036,0.0,0.007823727542827962,0.009989966011823484,0.0,0.0020908825243416175,20.916806527440844,1.0,0.3870967741935484,1.9942080234117787,0.5590992750878732,0.6641575830223642,0.01886661369251545,0.3829799217143984,0.0,0.5322288780731314,0.2557382839467192,0.32467431455977125,Banks—Regional,Financial Services,WTFCP
2015Q4,2015,Q4,2016-02-29,2015-12-31,35511000.0,230301000.0,0.0,0.62,230301000.0,1.0,22917166000.0,2352274000.0,0.0,0.0,20564892000.0,0.0,928211000.0,1206585984.5354252,1802923984.5354252,41.252043071095365,0.0,0.06438728069605117,0.6272968200133148,0.0,41.252043071095365,0.015096455599985376,5.239169541319513,8.49445231432109,0.5129444888373655,0.2647630311734392,0.0,0.00779223372432929,0.010049279217159748,0.0,0.001549537146085166,-91.39418152820976,1.0,-0.07462686567164185,1.500070402703464,1.1147351312636016,0.6374478002490691,0.002167073536898996,-0.07414939382088385,0.0,0.18019874372694342,0.23603761230557843,0.303411914966712,Banks—Regional,Financial Services,WTFCP
2015Q3,2015,Q3,2015-11-09,2015-09-30,38355000.0,229803000.0,0.0,0.67,229803000.0,1.0,22043930000.0,2335736000.0,0.0,0.0,19708194000.0,0.0,901652000.0,1206585984.5354252,1320422984.5354252,40.962014661008034,0.0,0.048189410871836376,0.4547962612213024,0.0,40.962014661008034,0.016420948257851058,5.250523206987834,7.864593824373779,0.5165763530362272,0.17971581280146004,0.0,0.005712812918719613,0.010424774529768512,0.0,0.0017399347575500375,13.765641223650633,1.0,-0.12987012987012983,0.9083988456562844,0.4578078611484687,0.6696804373684693,-0.011608502292453398,-0.12493440715475349,0.0,0.18738777784657287,0.17534267594108013,0.326143189689434,Banks—Regional,Financial Services,WTFCP
2015Q2,2015,Q2,2015-08-10,2015-06-30,43831000.0,232502000.0,0.0,0.77,232502000.0,1.0,20799924000.0,2264982000.0,0.0,0.0,18534942000.0,0.0,872690000.0,1206585984.5354252,1413893984.5354252,39.721195328118974,0.0,0.05034263586732336,0.462309634248749,0.0,39.721195328118974,0.019351588666046794,5.189572496302936,6.882035457412705,0.5327132774279995,0.15536948734913644,0.0,0.005644023788840935,0.011178021612002044,0.0,0.0021072673150151896,27.251467714685724,1.0,0.13235294117647053,2.3692828042124683,0.5024361873990307,0.6356778476186076,0.08117333035722589,0.122375294479156,0.0,0.7124829068177381,0.2974079964286712,0.3152640362725411,Banks—Regional,Financial Services,WTFCP
2015Q1,2015,Q1,2015-05-08,2015-03-31,39052000.0,215046000.0,0.0,0.68,215046000.0,1.0,20382271000.0,2131074000.0,0.0,0.0,18251197000.0,0.0,835669000.0,1206585984.5354252,1164502984.5354252,37.37283855354074,0.0,0.0462391555877164,0.44224602242812777,0.0,37.37283855354074,0.01832503235457802,5.610827378958107,7.724226573129578,0.5661868074667633,0.17369148827204753,0.0,0.005621646602012931,0.010550639818300915,0.0,0.0019159788425931537,-9.712282441343485,1.0,0.01492537313432837,1.438159455578448,0.5529926627765902,0.5614185482169233,0.024487151391575278,0.02409986101277109,0.0,0.6825506247307195,0.24362992863669483,0.2625436853975986,Banks—Regional,Financial Services,WTFCP
2014Q4,2014,Q4,2015-02-27,2014-12-31,38133000.0,209906000.0,0.0,0.67,209906000.0,1.0,20010727000.0,2069822000.0,0.0,0.0,17940905000.0,0.0,803400000.0,1206585984.5354252,1253454984.5354252,36.29865665883343,0.0,0.06348804818535578,0.6137928768754028,0.0,36.29865665883343,0.018423323358240467,5.74822055841865,7.910379359973154,0.5829419073405468,0.16395248210211627,0.0,0.0051815619277288585,0.010489673863423353,0.0,0.001905627916467003,17.23521911430893,1.0,-0.05633802816901398,0.35381829800830755,15.254142790769707,0.817803535624548,0.009158609814375893,-0.051983890214797136,0.0,0.98392383330732,0.6430226369015938,0.3409638796190298,Banks—Regional,Financial Services,WTFCP
2014Q3,2014,Q3,2014-11-07,2014-09-30,40224000.0,208001000.0,0.0,0.71,208001000.0,1.0,19169345000.0,2028508000.0,0.0,0.0,17140837000.0,0.0,771519000.0,1206585984.5354252,1081467984.5354252,35.574129283434466,0.0,0.03943515023596268,0.3726610888396792,0.0,35.574129283434466,0.01982935241073735,5.80086626764018,7.499167067766913,0.5948145062949839,0.1553052903739061,0.0,0.005177418004242191,0.010850709818201926,0.0,0.002098350256620662,66.12154671938981,1.0,0.0441176470588234,0.2571964369432722,-0.12730392753300926,0.8339580609755877,0.03150028018983481,0.04366778236164085,0.0,0.33183232898483533,0.12035096979914563,0.32739514208666887,Banks—Regional,Financial Services,WTFCP
2014Q2,2014,Q2,2014-08-08,2014-06-30,38541000.0,201649000.0,0.0,0.68,201649000.0,1.0,18895681000.0,1998235000.0,0.0,0.0,16897446000.0,0.0,737542000.0,1206585984.5354252,1339859984.5354252,35.043228929185226,0.0,0.05234836468714729,0.495015851488939,0.0,35.043228929185226,0.019287521237492087,5.983595180414608,7.826639063175742,0.6038258685967492,0.161723878467087,0.0,0.005165815018479522,0.010671697939862553,0.0,0.002039672452133374,-26.68316381466696,1.0,0.11475409836065584,4.885020613834174,0.7096287378443223,0.8761431109141505,0.07329756544140346,0.11713043478260869,0.0,2.2800851063829786,0.3872576672766547,0.35621961929867657,Banks—Regional,Financial Services,WTFCP
2014Q1,2014,Q1,2014-05-08,2014-03-31,34500000.0,187878000.0,0.0,0.61,187878000.0,1.0,18221163000.0,1940143000.0,0.0,0.0,16281020000.0,0.0,705234000.0,1206585984.5354252,991918984.5354252,34.024464241871556,0.0,0.03603277134395867,0.3384075297542501,0.0,34.024464241871556,0.017782194405257756,6.422178139725913,8.743376699532067,0.6219056969179206,0.1797391304347826,0.0,0.005139293908164851,0.010310977405778106,0.0,0.00189340274273382,7.80108479744115,1.0,-0.01612903225806453,4.42623466498899,0.856336887035738,0.8247683702539533,0.0034609838166960423,-0.02233053729313081,0.0,1.1034020241433968,0.24835050929894148,0.3350345741588009,Banks—Regional,Financial Services,WTFCP
2013Q4,2013,Q4,2014-02-28,2013-12-31,35288000.0,187230000.0,0.0,0.62,187230000.0,1.0,18097783000.0,1900589000.0,0.0,0.0,16197194000.0,0.0,676935000.0,1206585984.5354252,1144615984.5354252,33.33080214653993,0.0,0.03796111380051358,0.3614732064638909,0.0,33.33080214653993,0.018566875847434664,6.444405194335444,8.548132400075275,0.6348484519985254,0.05177397415552029,0.0,0.0015141896420282509,0.010345466071728234,0.0,0.0019498520896178279,13.72336826431866,1.0,0.0,17.05012787723785,1.3975874300495579,0.7819603364798626,-0.04066773583648875,-0.007732755954222085,0.0,1.4843705998310335,0.7192363846725986,0.323024136315573,Banks—Regional,Financial Services,WTFCP
2013Q3,2013,Q3,2013-11-07,2013-09-30,35563000.0,195167000.0,0.0,0.62,195167000.0,1.0,17682548000.0,1873566000.0,0.0,0.0,15808982000.0,0.0,643228000.0,1206585984.5354252,874435984.5354252,32.8568973378696,0.0,0.038034676902898835,0.35896787196180974,0.0,32.8568973378696,0.01898145034655838,6.182325826268914,8.482031778361113,0.644005060155567,0.17310125692433148,0.0,0.0051019985967848454,0.011037266801142007,0.0,0.002011192052186144,5.928149873660182,1.0,0.03333333333333337,15.527369281045752,1.3629396452569769,1.314956426974872,-0.017736082661016353,0.036610604249861546,0.0,0.7694795502040005,0.23808647770813784,0.33930225775459794,Banks—Regional,Financial Services,WTFCP
2013Q2,2013,Q2,2013-08-08,2013-06-30,34307000.0,198691000.0,0.0,0.6,198691000.0,1.0,17613546000.0,1836660000.0,0.0,0.0,15776886000.0,0.0,612821000.0,1206585984.5354252,1416668984.5354252,32.20967345936656,0.0,0.04967909357945299,0.4764218744895626,0.0,32.20967345936656,0.01867901516883909,6.0726755843768725,8.792564087033442,0.6569457518187498,0.06809106013350046,0.0,0.0019360410529709873,0.011280579163332584,0.0,0.0019477622507131727,-12.001173520081014,1.0,0.07142857142857129,2.0424796026959915,1.150149337719678,1.452067687994393,0.06332047158552706,0.07035442406090103,0.0,1.6371742639710967,0.2839483037156704,0.32636112587525723,Banks—Regional,Financial Services,WTFCP
2013Q1,2013,Q1,2013-05-09,2013-03-31,32052000.0,186859000.0,0.0,0.56,186859000.0,1.0,17074247000.0,1825688000.0,0.0,0.0,15248559000.0,0.0,581131000.0,1206585984.5354252,1064091984.5354252,32.0172564974922,0.0,0.043479691959475576,0.4066319108193733,0.0,32.0172564974922,0.017556121308788798,6.4572002661655326,9.411159869395242,0.6608938572940312,0.1115063022588294,0.0,0.0029620765082698244,0.010943908683059347,0.0,0.0018772130917398583,12.949953146677956,1.0,0.05660377358490571,2.3026275115919628,1.1652761361792858,1.4236094056363198,0.0028821073195865222,0.06523978862707301,0.0,1.0011238059561716,0.34943526489109716,0.33766500199291927,Banks—Regional,Financial Services,WTFCP
2012Q4,2012,Q4,2013-02-28,2012-12-31,30089000.0,186322000.0,0.0,0.53,186322000.0,1.0,17519613000.0,1804705000.0,0.0,0.0,15714908000.0,0.0,555023000.0,1206585984.5354252,841230984.5354252,31.649275718143873,0.0,0.0545171288886347,0.5292382965637044,0.0,31.649275718143873,0.016672530967665074,6.475810610316684,10.025141950010179,0.6685779584671319,0.05257735385024428,0.0,0.0013111373911815505,0.010635052269704817,0.0,0.0017174466125478914,7.283640199541373,1.0,-0.0701754385964911,0.9234801508662024,1.1410661549245602,1.4402579929822659,-0.04704378068739771,-0.068509689802489,0.0,0.06823587886533887,13.427907697072943,0.5849667892984518,Banks—Regional,Financial Services,WTFCP
2012Q3,2012,Q3,2012-11-08,2012-09-30,32302000.0,195520000.0,0.0,0.57,195520000.0,1.0,17018592000.0,1761300000.0,0.0,0.0,15257292000.0,0.0,527550000.0,1206585984.5354252,1143611984.5354252,30.88807828557399,0.0,0.06217952695499134,0.6008107647760177,0.0,30.88807828557399,0.01833986260148754,6.171163996191822,9.338322584789061,0.6850542125335974,0.1954677728933193,0.0,0.005232946578963533,0.011488611983882098,0.0,0.001898041859162027,5.10095917636023,1.0,0.26666666666666655,2.2565782841012205,1.5155679069528072,1.4395649144774112,0.09104098657961553,0.26204336784528226,0.0,0.009595249257696524,-0.17966963577701048,0.5923774186723949,Banks—Regional,Financial Services,WTFCP
2012Q2,2012,Q2,2012-08-09,2012-06-30,25595000.0,179205000.0,0.0,0.45,179205000.0,1.0,16576282000.0,1722074000.0,0.0,0.0,14854208000.0,0.0,501139000.0,1206585984.5354252,1479767984.5354252,30.200168356073096,0.0,0.09456879413610363,0.9102971184745835,0.0,30.200168356073096,0.014862892070840161,6.732992854749729,11.78536808493285,0.7006586154459246,0.039070130884938464,0.0,0.0008287846973334705,0.010810928530294067,0.0,0.0015440736348476696,-3.922976582605611,1.0,0.09756097560975618,0.6609344581440623,1.081238023343592,1.389685107989143,0.036358273863912376,0.1027574321413184,0.0,2.908230264162467,0.5193431059186596,0.6168555107804513,Banks—Regional,Financial Services,WTFCP
2012Q1,2012,Q1,2012-05-09,2012-03-31,23210000.0,172918000.0,0.0,0.41,172918000.0,1.0,16172018000.0,1687921000.0,0.0,0.0,14484097000.0,0.0,478160000.0,1206585984.5354252,1802376984.5354252,29.601224088948126,0.0,0.10156802941970507,0.9731261119448126,0.0,29.601224088948126,0.013750643543151605,6.977792852886485,12.996402246180796,0.7148355785225879,0.1835846617837139,0.0,0.0035314515953379184,0.01069241946181361,0.0,0.0014351950387391358,12.102287731425843,1.0,0.20588235294117632,0.5809549758190858,1.0487186474414416,1.3130412022895797,0.35350198816493944,0.2075334269809063,0.0,2.6505190311418687,0.7085239454989181,0.587545274903666,Banks—Regional,Financial Services,WTFCP
2011Q4,2011,Q4,2012-02-29,2011-12-31,19221000.0,127756000.0,0.0,0.34,127756000.0,1.0,15893808000.0,1543533000.0,0.0,0.0,14350275000.0,0.0,459457000.0,1206585984.5354252,2217657984.535425,27.069078601241625,0.0,0.12007009270528497,1.236365532839272,0.0,27.069078601241625,0.012452600624670804,9.444456499384962,15.693590142753044,0.7817040416598966,0.052026429426148484,0.0,0.0008287846973334705,0.008038098862148077,0.0,0.001209338882160902,-76.48237731588648,1.0,-0.3584905660377358,0.2805463024650235,0.5782672612944272,0.9959151531138714,-0.3118708155361769,-0.36358519303357395,0.0,8.831713554987212,0.6359887823180649,0.44719062566802803,Banks—Regional,Financial Services,WTFCP
2011Q3,2011,Q3,2011-11-09,2011-09-30,30202000.0,185657000.0,0.0,0.53,185657000.0,1.0,15914804000.0,1528187000.0,0.0,0.0,14386617000.0,0.0,441268000.0,1206585984.5354252,1773111984.5354252,26.799954403563536,0.0,0.11405412218711584,1.1877793751680914,0.0,26.799954403563536,0.019763288131622637,6.499006148625827,9.987633141310386,0.7895538860986419,0.13903052777961725,0.0,0.0034800669441032435,0.011665679325991071,0.0,0.0018977299374846213,-49.114095515749796,1.0,1.5238095238095242,1.0325728514704893,1.2130741080688037,1.0020843759580136,0.2772396428129171,1.5703829787234043,0.0,13.337418300653596,1.247799503601913,0.8882101389913396,Banks—Regional,Financial Services,WTFCP
2011Q2,2011,Q2,2011-08-09,2011-06-30,11750000.0,145358000.0,0.0,0.21,145358000.0,1.0,14615897000.0,1473386000.0,0.0,0.0,13142511000.0,0.0,415297000.0,1206585984.5354252,1822542984.5354252,25.83890428255761,0.0,0.1195067945539025,1.1854999300929967,0.0,25.83890428255761,0.007974828049133085,8.300788291909804,25.67204222415798,0.818920489630976,0.08519148936170212,0.0,0.0008296134820308041,0.009945198710691517,0.0,0.0008039191847068983,-88.53077881982722,1.0,-0.27586206896551724,-0.332803361535404,0.6993979072894139,1.041257794716841,-0.034172530415080296,-0.2836239482989879,0.0,0.042036183043632575,0.5730023374599602,0.9670718600847771,Banks—Regional,Financial Services,WTFCP
2011Q1,2011,Q1,2011-05-09,2011-03-31,16402000.0,150501000.0,0.0,0.29,150501000.0,1.0,14094294000.0,1453253000.0,0.0,0.0,12641041000.0,0.0,404580000.0,1206585984.5354252,1693498984.5354252,25.48583003051454,0.0,0.1116781727413945,1.0831045936254733,0.0,25.48583003051454,0.011286403675065525,8.017129351535374,18.39083624764396,0.8302656072517485,0.2526521155956591,0.0,0.003434483785749902,0.010678151030480846,0.0,0.0011637333519507965,3.543290207635298,1.0,0.15999999999999992,-0.13732709198969123,0.7522732829582368,1.2258874812946192,0.3819729484036252,0.154745142213461,0.0,0.6900566718186503,0.7439685740109854,0.9292001916916791,Banks—Regional,Financial Services,WTFCP
2010Q4,2010,Q4,2011-03-01,2010-12-31,14204000.0,108903000.0,0.0,0.25,108903000.0,1.0,13980156000.0,1436549000.0,0.0,0.0,12543607000.0,0.0,392354000.0,1206585984.5354252,1772933984.5354252,25.19289046332994,0.0,0.11341883452516553,1.1037653431940018,0.0,25.19289046332994,0.009887584760422374,11.079455887674584,21.236728818210103,0.8399198248966274,0.38080822303576456,0.0,0.004482896427876743,0.007789827237979319,0.0,0.001016011552374666,-224.69012747400842,1.0,-0.28571428571428564,-0.16422477199176236,0.38821894758311226,1.2878226372845831,-0.30914892537237687,-0.2932630112449,0.0,-0.09199002748833338,0.25142778345954514,0.9424505276821871,Banks—Regional,Financial Services,WTFCP
2010Q3,2010,Q3,2010-11-01,2010-09-30,20098000.0,157636000.0,0.0,0.35,157636000.0,1.0,14100368000.0,1398912000.0,0.0,0.0,12701456000.0,0.0,394323000.0,1206585984.5354252,1388781984.5354252,24.532846971344394,0.0,0.11076639985566335,1.1164726587519445,0.0,24.532846971344394,0.014366879403422088,7.6542540062893325,15.008781775990462,0.8625174310717365,0.3446114041198129,0.0,0.005740162813731618,0.011179566377274693,0.0,0.0014253528702229616,-400.9923511250998,1.0,0.5217391304347825,0.1267589841341033,0.935799194419884,1.2792455043575592,0.018649434571890146,0.544930432777308,0.0,1.0262123197903015,1.0281508929030927,0.937623706149676,Banks—Regional,Financial Services,WTFCP
2010Q2,2010,Q2,2010-08-09,2010-06-30,13009000.0,154750000.0,0.0,0.23,154750000.0,1.0,13708560000.0,1384736000.0,0.0,0.0,12323824000.0,0.0,381969000.0,1206585984.5354252,1512238984.5354252,24.284241170074708,0.0,0.11230121909230437,1.111755598179003,0.0,24.284241170074708,0.009394570517412706,7.7970015155762535,23.187523724641114,0.8713473070212843,0.3170881697286494,0.0,0.0034187368765005665,0.011288567143449056,0.0,0.0009489691112706222,49.60271262221686,1.0,-0.1785714285714286,-0.24242953645469364,1.004196184580317,1.3197977621829353,0.11755445144144665,-0.18780046200911532,0.0,-0.15580791693705376,0.7972243191452297,0.9215684097759176,Banks—Regional,Financial Services,WTFCP
2010Q1,2010,Q1,2010-05-10,2010-03-31,16017000.0,138472000.0,0.0,0.28,138472000.0,1.0,12839978000.0,1364832000.0,0.0,0.0,11475146000.0,0.0,373903000.0,1206585984.5354252,1428108984.5354252,23.935182911858583,0.0,0.12074374270734732,1.1359251541581674,0.0,23.935182911858583,0.011735510304564958,8.713573751627948,18.832896056306193,0.8840545829343283,0.39433102328775677,0.0,0.005234604148358201,0.010784442154028613,0.0,0.0012474320438866796,7.589163864791212,1.0,-0.4285714285714285,0.06694644284572322,0.8910997910492605,1.4262515399260836,9.722626606783336,-0.4313558419426989,0.0,0.091001975342279,0.6406051917585868,0.8702964476437532,Banks—Regional,Financial Services,WTFCP
2009Q4,2009,Q4,2010-03-01,2009-12-31,28167000.0,12914000.0,0.0,0.49,12914000.0,1.0,12215620000.0,1138639000.0,0.0,0.0,11076981000.0,0.0,366152000.0,1206585984.5354252,1035706984.5354252,19.968415699203817,0.0,0.08103698379615606,0.8693861706827186,0.0,19.968415699203817,0.02473742775366029,93.43239774937473,10.7092163217189,1.0596738602273637,0.14644797102992865,0.0,0.0034187368765005665,0.0010571710645877982,0.0,0.0023058182883881457,-17.048435647772138,1.0,-0.1250000000000001,0.9876508362148049,-0.8137287426618011,1.4026380425057818,-0.9458175822239377,-0.11964369432723863,0.0,0.8765489673550967,-0.8404635131629338,0.47235390109989583,Banks—Regional,Financial Services,WTFCP
2009Q3,2009,Q3,2009-11-09,2009-09-30,31995000.0,238343000.0,0.0,0.56,238343000.0,1.0,12136021000.0,1106082000.0,0.0,0.0,11029939000.0,0.0,342873000.0,1206585984.5354252,910872984.5354252,19.397460629230824,0.0,0.08252680182409045,0.9054907321518658,0.0,19.397460629230824,0.028926426792950252,5.062393208675838,9.42792611763889,1.0908648586049001,0.19665572745741522,0.0,0.005214713315622198,0.019639303524606622,0.0,0.0026363665652852776,-18.87738762043627,1.0,4.090909090909092,1.4470363288718933,2.9370808417853254,1.5713687920344623,1.0207292982560259,3.8854786990380212,0.0,1.1532404603270747,1.8411033364723273,0.44908279597221534,Banks—Regional,Financial Services,WTFCP
2009Q2,2009,Q2,2009-08-10,2009-06-30,6549000.0,117949000.0,0.0,0.11,117949000.0,1.0,11359536000.0,1065076000.0,0.0,0.0,10294460000.0,0.0,317713000.0,1206585984.5354252,1424203984.5354252,18.67833467784364,0.0,0.08765842196371401,0.9349182593542621,0.0,18.67833467784364,0.0061488569829758625,10.229726276063596,46.05993222382902,1.1328637435595441,0.6298671552908841,0.0,0.0034187368765005665,0.010383258611971475,0.0,0.0005765200268743371,-2.0647072047164463,1.0,0.0,-0.4757864404066277,1.026092931375075,1.8466398682888239,0.16540031024908852,0.03004089336269267,0.0,-0.6281301459315201,0.37895598293096405,0.47557713115628514,Banks—Regional,Financial Services,WTFCP
2009Q1,2009,Q1,2009-05-11,2009-03-31,6358000.0,101209000.0,0.0,0.11,101209000.0,1.0,10818941000.0,1063227000.0,0.0,0.0,9755714000.0,0.0,315855000.0,1206585984.5354252,1824837984.5354252,18.64590859668198,0.0,0.0930748212787185,0.9470893797843735,0.0,18.64590859668198,0.0059799083356611524,11.921726175887768,47.44361373605793,1.134833845016563,1.1388801509908777,0.0,0.006001229993391661,0.009354797294855383,0.0,0.0005876730448941352,-8.604581065818216,1.0,2.2352941176470584,-0.45161290322580644,0.8336956915606768,1.8813115162814897,0.29603923627562717,2.252173913043478,0.0,-0.6655972229527166,0.1783697563133811,0.6285007972283104,Banks—Regional,Financial Services,WTFCP
2008Q4,2008,Q4,2009-03-02,2008-12-31,1955000.0,78091000.0,0.0,0.034,78091000.0,1.0,10658326000.0,1066572000.0,0.0,0.0,9591754000.0,0.0,318793000.0,1206585984.5354252,1957042984.5354252,18.70457016590088,0.0,0.10257333093395717,1.0250222207220892,0.0,18.70457016590088,0.0018329751765469185,15.451024888084737,154.2948829329188,1.131274761137012,0.2782608695652174,0.0,0.000450858875349408,0.007326760318646662,0.0,0.00018342467663308478,125.32052186699472,1.0,1.791986955508968,-0.8211181260865588,0.5321273715395631,2.048768426438598,-0.054531145953144865,1.7986111111111112,0.0,-0.8849661665195645,-0.004550785233530621,0.698603783020205,Banks—Regional,Financial Services,WTFCP
2008Q3,2008,Q3,2008-11-10,2008-09-30,-2448000.0,82595000.0,0.0,-0.04293,82595000.0,1.0,9864920000.0,809331000.0,0.0,0.0,9055589000.0,0.0,318066000.0,1206585984.5354252,2145634984.5354252,14.19331135351268,0.0,0.11170247706012822,1.361539345459398,0.0,14.19331135351268,-0.003024720417233493,14.608462794786915,-123.22160789781712,1.4908436530114688,-1.738562091503268,0.0,0.003527307671851251,0.008372597040827498,0.0,-0.00024815203772559735,20.163535837824618,1.0,-1.21465,-1.2470980115070154,0.6409059302672098,1.6989035394865848,-0.10619210457969007,-1.2170982617949628,0.0,-1.1372428098895555,0.014281854799096225,0.31864194694677567,Banks—Regional,Financial Services,WTFCP
2008Q2,2008,Q2,2008-08-11,2008-06-30,11276000.0,92408000.0,0.0,0.2,92408000.0,1.0,9923077000.0,749025000.0,0.0,0.0,9174052000.0,0.0,325314000.0,1206585984.5354252,2221836984.535425,13.13571954684157,0.0,0.11977595255987633,1.5867908280764995,0.0,13.13571954684157,0.01505423717499416,13.05715938593439,26.75119689019655,1.61087545079994,0.0,0.0,0.0,0.00931243403633772,0.0,0.0011363410764624723,80.36941214516919,1.0,0.1764705882352941,0.2502494733340724,0.9481795374528282,2.0033199812348887,0.07080117731581265,0.1618753219989696,0.0,-0.3433496389471232,0.19679328610467153,0.254814288657963,Banks—Regional,Financial Services,WTFCP
2008Q1,2008,Q1,2008-05-12,2008-03-31,9705000.0,86298000.0,0.0,0.17,86298000.0,1.0,9732466000.0,753293000.0,0.0,0.0,8979173000.0,0.0,314038000.0,1206585984.5354252,2156909984.535425,13.210567851004875,0.0,0.11533500348215961,1.4901160637361557,0.0,13.210567851004875,0.012883433139561896,13.981621642858759,31.08155550065495,1.6017485686650814,0.43596084492529624,0.0,0.0035065880544179143,0.00886702301348908,0.0,0.0009971778992086898,31.60422192192952,1.0,-0.37037037037037035,0.17451288878131438,0.9459715426071662,2.153106883489253,-0.00833113085046482,-0.3795947068976539,0.0,-0.35351718625099926,0.17856411236906433,0.3391232776382288,Banks—Regional,Financial Services,WTFCP
2007Q4,2007,Q4,2008-02-29,2007-12-31,15643000.0,87023000.0,0.0,0.27,87023000.0,1.0,9368859000.0,739555000.0,0.0,0.0,8629304000.0,0.0,309556000.0,1206585984.5354252,2080964984.5354252,12.969643295570132,0.0,0.11260485401690858,1.4265051280837802,0.0,12.969643295570132,0.02115190891820081,13.865138923450411,19.283161550460672,1.631502707081184,0.0,0.0,0.0,0.00928853769706642,0.0,0.0016696803740989163,40.937300147093204,1.0,0.5882352941176471,0.9746276192880583,0.963515342960289,2.25792283768425,0.11964129483814523,0.577074301844944,0.0,0.10387410909604108,0.25521787419406017,0.5605323351170682,Banks—Regional,Financial Services,WTFCP
2007Q3,2007,Q3,2007-11-09,2007-09-30,9919000.0,77724000.0,0.0,0.17,77724000.0,1.0,9465114000.0,721973000.0,0.0,0.0,8743141000.0,0.0,293913000.0,1206585984.5354252,2122777984.5354252,12.661306162533759,0.0,0.11367026324247125,1.4902247036939054,0.0,12.661306162533759,0.013738740922444467,15.523982097362786,30.410978539556034,1.671234221411916,0.377759854824075,0.0,0.0031054562609085148,0.008211628512873695,0.0,0.0010479535692861175,29.046364577164784,1.0,-0.37037037037037035,0.3617517847336626,0.8786618969351253,0.0,-0.09733464955577492,-0.35632706035042183,0.0,-0.24137667304015298,0.283887806006145,0.6784097751265248,Banks—Regional,Financial Services,WTFCP
2007Q2,2007,Q2,2007-08-09,2007-06-30,15410000.0,86105000.0,0.0,0.27,86105000.0,1.0,9348460000.0,720628000.0,0.0,0.0,8627832000.0,0.0,287741000.0,1206585984.5354252,2049349984.5354252,12.637718775209569,0.0,0.10806924349037168,1.4019452477561238,0.0,12.637718775209569,0.021384126067818626,14.012960740205855,19.574723954176267,1.6743534591154174,0.0,0.0,0.0,0.009210607950400386,0.0,0.0016483998433966664,-40.339205795039454,1.0,0.03846153846153849,1.4433169494212776,1.254765895045564,0.0,0.020165160006160917,0.04965601798242626,0.0,0.23349075482270062,0.4790861461822553,0.9260300626483354,Banks—Regional,Financial Services,WTFCP
2007Q1,2007,Q1,2007-05-10,2007-03-31,14681000.0,84403000.0,0.0,0.26,84403000.0,1.0,9414604000.0,729741000.0,0.0,0.0,8684863000.0,0.0,272331000.0,1206585984.5354252,1991692984.5354252,12.797534285012802,0.0,0.09840891873943929,1.26960250280579,0.0,12.797534285012802,0.02011809669458068,14.295534335692158,20.546726798845874,1.653444145985254,0.2781826851031946,0.0,0.003384756703909894,0.008965114199173964,0.0,0.0015593858222820631,38.37253480903909,1.0,0.0,1.3076076705438542,1.4170389461626576,0.0,0.04269460264123439,-0.021918720852764823,0.0,0.26625840952216673,0.5292060731238902,0.9775750119238606,Banks—Regional,Financial Services,WTFCP
