Quarters,Year,Quarter,FillingDate,Date,NetIncome,Revenue,OperatingIncome,EPSDiluted,GrossProfit,GrossProfitRatio,TotalAssets,CommonStockEquity,CurrentAssets,CurrentLiability,TotalLiability,Inventory,RetainedEarnings,MarketCap,EnterpriseValue,bookValuePerShare,currentRatio,debtToAssets,debtToEquity,roic,shareholdersEquityPerShare,roe,priceToSalesRatio,peRatio,pbRatio,payoutRatio,inventoryTurnover,dividendYield,assetTurnover,quickRatio,returnOnAssets,priceToFreeCashFlowsRatio,grossProfitMargin,epsdilutedGrowth,fiveYNetIncomeGrowthPerShare,fiveYRevenueGrowthPerShare,fiveYShareholdersEquityGrowthPerShare,grossProfitGrowth,netIncomeGrowth,operatingIncomeGrowth,threeYNetIncomeGrowthPerShare,threeYRevenueGrowthPerShare,threeYShareholdersEquityGrowthPerShare,Industry,Sector,Symbol
2023Q1,2023,Q1,2023-05-15,2023-03-31,2181764.0,0.0,-241274.0,0.15,0.0,0.0,122019904.0,117506663.0,725681.0,488241.0,4513241.0,0.0,-3787848.0,30216250.0,29691592.0,40.871882782608694,1.4863172081000982,0.0,0.0,-0.0046171543083392205,40.871882782608694,0.01856715137932221,0.0,3.462364627888259,0.25714499270564767,0.0,0.0,0.0,0.0,1.074588164451572,0.017880394333042584,-260.0925328168711,0.0,-0.9993402243237299,0.0,0.0,0.0,0.0,0.24822443466251387,-0.15969238163902907,0.0,0.0,0.0,Shell Companies,Financial Services,CHEA
2022Q4,2022,Q4,2023-03-31,2022-12-31,1747894.0,0.0,-208050.0,227.35,0.0,0.0,120939257.0,116536418.0,856553.0,377839.0,4402839.0,0.0,-3546574.0,79186.40000000001,-561646.6,15158.222944849116,2.2669787925545006,0.0,0.0,-0.004052979594806395,15158.222944849116,0.014998693369827103,0.0,0.011325972856477568,0.0006794991759571673,0.0,0.0,0.0,0.0,1.6960477875497235,0.014452660313598585,-2.5805383562536663,0.0,3918.8275862068963,0.0,0.0,0.0,0.0,1.0968521317689963,0.15154357489498796,0.0,0.0,0.0,Shell Companies,Financial Services,CHEA
2022Q3,2022,Q3,2022-11-10,2022-09-30,833580.0,0.0,-245210.0,0.058,0.0,0.0,120070077.0,115766496.0,945964.0,278581.0,4303581.0,0.0,-3338524.0,28951250.0,28279731.0,40.26660730434783,3.3956515340242155,0.0,0.0,-0.006001807336736232,40.26660730434783,0.007200528899138486,0.0,8.682804889752633,0.2500831501369792,0.0,0.0,0.0,0.0,2.410498203395063,0.006942445785222575,-928.5496648385131,0.0,16.575757575757578,0.0,0.0,0.0,0.0,23.46668623422366,-0.2472279302557425,0.0,0.0,0.0,Shell Companies,Financial Services,CHEA
2022Q2,2022,Q2,2022-08-05,2022-06-30,34070.0,0.0,-196604.0,0.0033,0.0,0.0,119628971.0,115547059.0,1178971.0,56912.0,4081912.0,0.0,-2903229.0,27472530.0,26323568.0,42.05912560656044,20.715683862805736,0.0,0.0,0.0007133314290130953,42.05912560656044,0.00029485821876262553,0.0,201.58886116818314,0.2377605301057468,0.0,0.0,0.0,0.0,20.244781416924376,0.00028479723360656507,-59.306072753884116,0.0,0.0,19.954945092933993,0.0,0.0,0.0,0.0,0.0,19.954945092933993,0.0,0.0,Shell Companies,Financial Services,CHEA
2022Q1,2022,Q1,2022-06-02,2022-03-31,0.0,0.0,0.0,0.0,0.0,0.0,682806.0,12525.0,13040.0,670281.0,670281.0,0.0,-12475.0,143462500.0,143717007.0,0.000871304347826087,0.019454527280349583,0.37273691209508997,20.31992015968064,,0.000871304347826087,0.0,0.0,0.0,11454.091816367265,0.0,0.0,0.0,0.0,0.019454527280349583,0.0,0.0,0.0,0.0,0.0,0.0,0.0,0.0,0.0,0.0,0.0,0.0,0.0,Shell Companies,Financial Services,CHEA
2021Q3,2021,Q3,2021-09-30,2021-09-30,0.0,0.0,0.0,0.0,0.0,0.0,,,,,,,,143462500.0,,,0.0,0.0,0.0,0.0,,0.0,0.0,0.0,0.0,0.0,0.0,0.0,0.0,0.0,0.0,0.0,0.0,1.0,0.0,0.0,0.0,0.0,1.0,1.0,0.0,0.0,0.0,Shell Companies,Financial Services,CHEA
2021Q2,2021,Q2,2021-06-30,2021-06-30,-9405.0,0.0,-9405.0,-0.000654,0.0,0.0,,,,,,,,143462500.0,,,0.0,0.0,0.0,0.0,,0.0,0.0,-3813.4635832004255,0.0,0.0,0.0,0.0,0.0,0.0,0.0,0.0,0.0,0.0,0.0,0.0,0.0,0.0,0.0,0.0,0.0,0.0,0.0,Shell Companies,Financial Services,CHEA
2021Q1,2021,Q1,2021-03-31,2021-03-31,,,,,,,448436.0,12525.0,13040.0,435911.0,435911.0,0.0,-12475.0,0.0,192479.0,0.0,0.029914363253049362,0.42922289914279854,15.367584830339322,,0.0,,0.0,0.0,0.0,0.0,0.0,,,0.029914363253049362,,0.0,0.0,0.0,0.0,0.0,0.0,0.0,0.0,0.0,0.0,0.0,0.0,Shell Companies,Financial Services,CHEA
