Quarters,Year,Quarter,FillingDate,Date,NetIncome,Revenue,OperatingIncome,EPSDiluted,GrossProfit,GrossProfitRatio,TotalAssets,CommonStockEquity,CurrentAssets,CurrentLiability,TotalLiability,Inventory,RetainedEarnings,MarketCap,EnterpriseValue,bookValuePerShare,currentRatio,debtToAssets,debtToEquity,roic,shareholdersEquityPerShare,roe,priceToSalesRatio,peRatio,pbRatio,payoutRatio,inventoryTurnover,dividendYield,assetTurnover,quickRatio,returnOnAssets,priceToFreeCashFlowsRatio,grossProfitMargin,epsdilutedGrowth,fiveYNetIncomeGrowthPerShare,fiveYRevenueGrowthPerShare,fiveYShareholdersEquityGrowthPerShare,grossProfitGrowth,netIncomeGrowth,operatingIncomeGrowth,threeYNetIncomeGrowthPerShare,threeYRevenueGrowthPerShare,threeYShareholdersEquityGrowthPerShare,Industry,Sector,Symbol
2023Q1,2023,Q1,2023-05-04,2023-03-31,-6977000.0,557507000.0,34737000.0,-0.0829,226497000.0,0.4062675446,5025730000.0,1037158000.0,498623000.0,2733152000.0,3698960000.0,0.0,116147000.0,3420308007.48,6226275007.48,15.728813119271269,0.18243515179543618,0.5782574869720418,2.802047518314471,0.0022234800282407373,15.728813119271269,-0.006727036767782729,6.13500459631897,-122.55654319478285,3.2977694888146263,-0.21943528737279633,0.0,0.0004476205057122922,0.11093055138258522,0.11907716804627039,-0.0013882560344467372,-387.04402031006,0.4062675446227581,-3.8197674418604657,0.4505334210906353,1.6970616886166598,2.2612581524446336,-0.02085837058299686,-3.9447200566973777,-0.06432323232323232,-1.246086558152132,0.18991245847273958,0.4371552562615606,Asset Management,Financial Services,FOCS
2022Q4,2022,Q4,2023-02-16,2022-12-31,-1411000.0,547679000.0,37125000.0,-0.0172,231322000.0,0.4223678469,4866754000.0,1053918000.0,508548000.0,2685341000.0,3563459000.0,0.0,116779000.0,2455469994.6800003,5115140994.68,15.996743574591697,0.18937930043149082,0.5752589919276792,2.6564153947460807,0.0015237359091936859,15.996743574591697,-0.0013388138356114992,4.483410893388281,-435.058468228207,2.3298491862554775,-1.7469879518072289,0.0,0.001003881132875029,0.11253476136250158,0.13301550901729053,-0.0002899263040622148,48.702249091197594,0.42236784685920037,-1.039090909090909,0.8616495063731507,1.7407975095183374,2.2859849175911746,0.09853589966424946,-1.0482409655030942,-0.19628940076203671,0.915747724194331,0.1533254818623224,0.5597445531464058,Asset Management,Financial Services,FOCS
2022Q3,2022,Q3,2022-11-03,2022-09-30,29249000.0,519864000.0,46192000.0,0.44,210573000.0,0.4050540141,4784677000.0,1058623000.0,510527000.0,2629997000.0,3497817000.0,0.0,116429000.0,2067040024.43,4652653024.43,16.137670454251833,0.19411695146420319,0.567256891113026,2.5638409518780527,0.00864250040530381,16.137670454251833,0.027629288235755316,3.9761168775487437,17.6676127767616,1.9525742633874386,0.15600533351567575,0.0,0.0022075044247187605,0.10865184839018391,0.12795451857929876,0.006113056325432208,21.919598142437515,0.4050540141267716,-0.41333333333333333,1.7367867710393194,1.7520547234138508,0.0,-0.06110719731761475,-0.4069305324627925,-0.21282868390109236,15.477490036934098,0.1774189858442646,0.5244876477898286,Asset Management,Financial Services,FOCS
2022Q2,2022,Q2,2022-08-04,2022-06-30,49318000.0,539211000.0,58681000.0,0.75,224278000.0,0.4159373603,4810762000.0,1014035000.0,593669000.0,2654832000.0,3561906000.0,0.0,87180000.0,2227171206.52,4772671206.52,15.507578402096161,0.22361829298426417,0.5750750089071128,2.7282579003683303,0.008731724211201993,15.507578402096161,0.04863540213109015,4.1304261347042255,11.289849580883248,2.1963454974631054,0.15708260675615393,0.0,0.0034784034461835755,0.11208432260835186,0.16119965406473932,0.010251598395430911,17.035507978001636,0.41593736032833156,0.27118644067796616,10.01157731802025,2.2829712862729368,0.0,0.03388220976545213,0.26191085410163245,-0.20002999154783652,43.24507842837658,0.2769655832338094,0.49147103455228325,Asset Management,Financial Services,FOCS
2022Q1,2022,Q1,2022-05-05,2022-03-31,39082000.0,536567000.0,73354000.0,0.59,216928000.0,0.4042887468,4706081000.0,941192000.0,688240000.0,2570408000.0,3523463000.0,0.0,54097000.0,2988256863.8,5394018863.8,14.406432928009929,0.2677551579360164,0.5785697271253937,2.892923016770223,0.013273270450337476,14.406432928009929,0.04152393985499239,5.569214774296594,19.115301569776367,3.1749705307737424,0.2100455452638043,0.0,0.0027470864701908764,0.11401567461333538,0.20473131113815393,0.008304574443151318,-379.5093807213615,0.40428874679210614,1.4583333333333333,7.412985409803079,2.7928721415915367,0.0,0.027549357686915004,1.6168061600267827,0.8963342122951243,10.396439950325522,0.46018138642014694,0.46300065814077174,Asset Management,Financial Services,FOCS
2021Q4,2021,Q4,2022-02-17,2021-12-31,14935000.0,523886000.0,38682000.0,0.24,211112000.0,0.4029731659,4709006000.0,870544000.0,633337000.0,2594475000.0,3591598000.0,0.0,24995000.0,3660258686.7599998,6020567686.76,14.20361021696521,0.24410988735678701,0.5672095130055048,3.068188397140179,0.005220317307190712,14.20361021696521,0.017155939274752337,6.986746518822797,61.269813973217275,4.204564831599551,0.39638433210579177,0.0,0.001617372023844655,0.11125192875099331,0.19638308328274506,0.0031715822829701213,51.11236506116293,0.402973165917776,22.999999999999996,2.5741357564445018,1.8181941740793202,2.141834175761449,0.1528615115771079,22.012326656394453,0.7939062282613737,0.1070748785815293,0.5074399922800444,0.32010983580737623,Asset Management,Financial Services,FOCS
2021Q3,2021,Q3,2021-11-04,2021-09-30,649000.0,454535000.0,21563000.0,0.01,183120000.0,0.40287326608512,4088366000.0,675055000.0,962291000.0,2452956000.0,3187065000.0,0.0,17465000.0,3139066493.42,5000371493.42,11.262147655713866,0.39229851656531955,0.6123502641397566,3.708604484079075,0.0025663680789831745,11.262147655713866,0.0009614031449289317,6.906105125941897,1209.1935644915252,4.65008998291991,11.221879815100154,0.0,0.0023201165108373356,0.11117766853554696,0.3389412610743935,0.00015874312622695717,37.527992891710305,0.40287326608512,-0.75,1.0178919648100024,1.6334021943661219,0.0,0.0765115663854678,-0.6717248356095094,0.11057890399670375,1.044965130501112,0.36254882709354835,0.25503552162795257,Asset Management,Financial Services,FOCS
2021Q2,2021,Q2,2021-08-05,2021-06-30,1977000.0,425355000.0,19416000.0,0.04,170105000.0,0.3999130138355021,3386554000.0,668696000.0,449136000.0,1760913000.0,2487469000.0,0.0,16816000.0,2701967301.0,4429240301.0,12.003015724134405,0.2550585974434853,0.5525540121315059,2.7983627836864584,0.004890943603551422,12.003015724134405,0.0029565004127436083,6.352264111154212,341.6751771623672,4.040651209219137,5.084977238239757,0.0,0.0037206223762513255,0.1256011272815966,0.1830192633026163,0.0005837792635227432,23.222952504963516,0.3999130138355021,7.227067050596463,1.4240066183926916,2.0396983839141933,0.0,0.12607573149741824,6.72265625,0.3200979059015502,1.1827550054380962,0.30072965044532307,1.6230758172499962,Asset Management,Financial Services,FOCS
2021Q1,2021,Q1,2021-05-06,2021-03-31,256000.0,394175000.0,14708000.0,0.004862,151060000.0,0.3832307985032029,3214463000.0,606499000.0,433867000.0,99856000.0,2336816000.0,0.0,14839000.0,2172565206.98,3877826206.98,11.618748334411844,4.344926694439994,0.583293694778879,3.0914741821503418,0.00363673431793179,11.618748334411844,0.0004220946778148027,5.5116768110103385,2121.645709941406,3.5821414494995047,35.37109375,0.0,0.004167884108107857,0.12262545874691978,3.467723521871495,7.964005185314002e-05,69.42655568274056,0.3832307985032029,-0.9305428571428571,-0.9310293463635233,2.487260102911073,0.0,0.023830179471886353,-0.9288493607559756,-0.32498049474505486,1.0254677600245528,1.4088394575174126,1.9316813002263193,Asset Management,Financial Services,FOCS
2020Q4,2020,Q4,2021-02-19,2020-12-31,3598000.0,379673000.0,21789000.0,0.07,147544000.0,0.38860809169996285,3062881000.0,539799000.0,300659000.0,139114000.0,2204002000.0,0.0,14583000.0,2206490215.5,4414586215.5,10.641903750603783,2.161241859194617,0.7424232283265331,4.212593947006201,0.004611556839571844,10.641903750603783,0.006665443989336771,5.811554194003787,153.3136614438577,4.087614492616696,1.859922178988327,0.0,0.003032870915533865,0.12395943557715758,1.6898227353106086,0.0011747109992193625,33.31255232049037,0.38860809169996285,1.3333333333333337,1.4582234892587085,1.4678744732751965,1.8555071007995905,0.13175880399180775,1.1912302070645555,0.1774019237004215,1.4582234892587085,1.4678744732751965,1.8555071007995905,Asset Management,Financial Services,FOCS
2020Q3,2020,Q3,2020-11-05,2020-09-30,1642000.0,331483000.0,18506000.0,0.03,130367000.0,0.393284120150958,2729267000.0,541008000.0,262713000.0,127854000.0,1890581000.0,0.0,10985000.0,1596334588.2,4330532588.2,11.112740681765803,2.054789056267305,1.0174354506173269,5.132739257090468,0.002445499775936334,11.112740681765803,0.003035075266909177,4.815735914662291,243.04728809378807,2.9506672511312213,4.946406820950061,0.0,0.005087905793708467,0.12145495475525113,1.5621411922974644,0.0006016267371422437,23.7038323290519,0.393284120150958,0.0,1.0557342197513946,1.3645394152117911,0.0,0.06676322335689971,-0.3183893731838937,0.3272609911783691,1.0557342197513946,1.3645394152117911,0.0,Asset Management,Financial Services,FOCS
2020Q2,2020,Q2,2020-08-06,2020-06-30,2409000.0,313109000.0,13943000.0,0.03,122208000.0,0.39030497366731715,2661096000.0,504732000.0,238723000.0,93033000.0,1829886000.0,0.0,9343000.0,1581368335.8,4353040335.8,10.548707864168176,2.566003461137446,1.054828912598418,5.561369201873469,0.003903030890127929,10.548707864168176,0.004772829937471767,5.050536189633641,164.11045410958903,3.1330851537053324,1.2768783727687838,0.0,0.0019451508736855285,0.1176616702291086,1.9661947910956328,0.0009052661008847482,27.154014386043237,0.39030497366731715,-0.930232558139535,1.601560818956615,1.6052612328680431,0.0,-0.09820908077953319,-0.8818886056089429,-0.7874218630888855,1.601560818956615,1.6052612328680431,0.0,Asset Management,Financial Services,FOCS
2020Q1,2020,Q1,2020-05-07,2020-03-31,20396000.0,337054000.0,65590000.0,0.43,135517000.0,0.4020631708865642,2848777000.0,519165000.0,432797000.0,1591127000.0,2021731000.0,0.0,6934000.0,1091515130.5500002,2583470130.55,10.944407746304512,0.27200657144275725,0.5355585923362903,2.938732387583909,0.02157288682827657,10.944407746304512,0.039286161432299946,3.2383983888338372,13.379034253652678,2.1024435979890788,0.2239164542067072,0.0,0.004184092251381571,0.11831533321140966,0.23413655855252283,0.007159563560082099,5626.366652319589,0.4020631708865642,2.7199999999999998,5.046819187538534,2.2813484650437523,0.0,-0.033698651626106114,2.6998083173597798,1.5333127341547257,5.046819187538534,2.2813484650437523,0.0,Asset Management,Financial Services,FOCS
2019Q4,2019,Q4,2020-02-25,2019-12-31,-11999000.0,340231000.0,25891000.0,-0.25,140243000.0,0.4121993586710206,2653629000.0,484120000.0,253096000.0,1381118000.0,1849659000.0,0.0,-13462000.0,1391089443.6599998,3871909443.66,10.25600220390073,0.18325443589903254,0.9594400724441887,5.259022556390978,0.05246644955247219,10.25600220390073,-0.024785177228786252,4.088661655345926,-28.983445363363614,2.873439320127241,-0.4513709475789649,0.0,0.0038933513762783893,0.128213476714341,0.14083879871234753,-0.00452173231450214,23.13085207283006,0.4121993586710206,-9.333333333333334,-0.6420980003668968,1.3764302034605687,1.8244843137916478,0.13373484236054972,-10.425765907305577,1.0062766369624176,-0.6420980003668968,1.3764302034605687,1.8244843137916478,Asset Management,Financial Services,FOCS
2019Q3,2019,Q3,2019-11-07,2019-09-30,1273000.0,316641000.0,12905000.0,0.03,123700000.0,0.3906632432312935,2644628000.0,497996000.0,260711000.0,1387495000.0,1831054000.0,0.0,-1463000.0,1119659266.6000001,3619498266.6000004,10.58563542817018,0.1879004969387277,0.9646354799238305,5.1227359255897635,-0.00044546689550683177,10.58563542817018,0.0025562454316902143,3.5360527114302953,219.88595180675568,2.2483298391954953,2.7423409269442263,0.0,0.003117912836644405,0.1197298826148706,0.13091722853055326,0.00048135314305074287,17.49358269170677,0.3906632432312935,0.4999999999999999,1.0447147453518602,1.3373622784250405,0.0,0.05942001678628321,0.5992462311557789,-0.3393231966415809,1.0447147453518602,1.3373622784250405,0.0,Asset Management,Financial Services,FOCS
2019Q2,2019,Q2,2019-08-08,2019-06-30,796000.0,301545000.0,19533000.0,0.02,116762000.0,0.3872125221774528,2420652000.0,485524000.0,227568000.0,1193612000.0,1604797000.0,0.0,-2736000.0,1302823980.0,3490447980.0,10.397505578612392,0.19065491968914522,0.9194084899440316,4.58384755439484,0.004628823210268244,10.397505578612392,0.0016394658142542902,4.3204960453663634,409.178385678392,2.6833359010059232,13.992462311557789,0.0,0.008549121117650906,0.12457180957857635,0.131213493161932,0.00032883702407450553,41.86452377892031,0.3872125221774528,1.3333333333333335,1.2036741178481147,1.5709160288870783,0.0,0.15070464176603923,1.2705642420122365,1.0964902865729311,1.2036741178481147,1.5709160288870783,0.0,Asset Management,Financial Services,FOCS
2019Q1,2019,Q1,2019-05-09,2019-03-31,-2942000.0,259924000.0,9317000.0,-0.06,101470000.0,0.3903833428232868,2396156000.0,455054000.0,286482000.0,1181621000.0,1583880000.0,0.0,-3532000.0,1693192987.3600001,3778779987.36,9.847181440313285,0.24244829771982726,0.9053525730378156,4.7672715765601446,0.0023190890537937315,9.847181440313285,-0.00646516677141614,6.514184866961112,-143.88111721278042,3.720861672153195,-0.2025832766825289,0.0,0.00035199767802563005,0.1084754081119927,0.1717818149812842,-0.0012277998594415389,120.61497274255593,0.3903833428232868,-1.272727272727273,-1.8953375378631168,1.5975349205692384,0.0,0.15204704920638526,-1.306203164029975,-0.7294008306468008,-1.8953375378631168,1.5975349205692384,0.0,Asset Management,Financial Services,FOCS
2018Q4,2018,Q4,2019-03-28,2018-12-31,9608000.0,247515000.0,34431000.0,0.22,88078000.0,0.35584914045613397,1937778000.0,469662000.0,207959000.0,921390000.0,1125258000.0,0.0,-590000.0,1149337570.48,2789288570.48,10.759415490816576,0.22570138594948935,0.8634446257517631,3.562485361813389,0.01321827399025147,10.759415490816576,0.020457265011859592,4.643506738904713,29.905744444213152,2.4471589578888646,0.14945878434637802,0.0,0.0012494153474860137,0.1277313500308085,0.1430545154603371,0.00495825631212657,67.9237379871166,0.35584914045613397,1.9166666666666665,2.4218873419487283,0.8695232901554667,1.8649539188253275,0.33792076801555476,1.9421455187291625,3.415024198639265,2.4218873419487283,0.8695232901554667,1.8649539188253275,Asset Management,Financial Services,FOCS
2018Q3,2018,Q3,2018-11-13,2018-09-30,-10198000.0,235701000.0,-14257000.0,-0.24,65832000.0,0.27930301526086015,1740948000.0,380040000.0,270075000.0,896227000.0,1092123000.0,0.0,-10198000.0,2009133479.9199998,3507717479.92,8.973568844573675,0.30134664543692613,0.9172944855331693,4.202089253762762,-0.00797912033475867,8.973568844573675,-0.026834017471845068,8.52407702945681,-49.253125120611884,5.286636880117881,-0.07864287115120612,0.0,0.00039917706215912254,0.13538658248264737,0.22309972808228273,-0.005857728088374839,42.59436239733723,0.27930301526086015,-0.2359793591447023,0.6020924522934539,0.9327029916303475,0.0,-0.2652924567257793,-0.3320271682340648,-2.217090660747823,0.6020924522934539,0.9327029916303475,0.0,Asset Management,Financial Services,FOCS
2018Q2,2018,Q2,2018-08-28,2018-06-30,-7656000.0,231435000.0,11714000.0,-0.194178,89603000.0,0.38716270227061594,1502710000.0,-759543000.0,201806000.0,77850000.0,2262253000.0,0.0,0.0,1480515054.05,3825153054.05,-19.264133500014243,2.5922414900449584,1.58194861283947,-3.1297898868135183,0.008023058724195075,-19.264133500014243,0.010079745320541431,6.397109573098278,-48.34492731354493,-1.9492182194424803,-0.04806687565308255,0.0,0.0002485621466619494,0.15401175210120382,1.6277071290944123,-0.005094795402971964,66.3610512796952,0.38716270227061594,-0.006103626943005101,-1.3200821087021517,1.3369178851835277,0.0,0.17005745625489685,0.36485813837730213,-0.06631595727721983,-1.3200821087021517,1.3369178851835277,0.0,Asset Management,Financial Services,FOCS
2018Q1,2018,Q1,2018-03-31,2018-03-31,-12054000.0,196229000.0,12546000.0,-0.193,76580000.0,0.3902583206355839,1254519000.0,-780629000.0,160240000.0,67759000.0,2035148000.0,0.0,0.0,2350512994.2,4306933994.2,-12.470732568732974,2.3648519015924085,1.5817775577731386,-2.5420141962443106,0.011549265435275798,-12.470732568732974,0.015441394055306682,11.978418043204622,-48.74964729965156,-3.0110500560445486,-0.011448481831757094,0.0,5.87105880037768e-05,0.15641771866348775,1.6585545831550053,-0.00960846348281692,225.72870394698933,0.3902583206355839,-0.24676972260061925,-3.7081554706807456,0.4476930340991249,0.0,0.054530432387771964,-0.24396284829721362,3.318760757314974,-3.7081554706807456,0.4476930340991249,0.0,Asset Management,Financial Services,FOCS
2017Q4,2017,Q4,2017-12-31,2017-12-31,-9690000.0,189857000.0,2905000.0,-0.1548000376504364,72620000.0,0.3824984066955656,1234837000.0,-778661000.0,162391000.0,69170000.0,2013498000.0,0.0,0.0,2350512994.2,4260061994.2,-12.439293304120378,2.3477085441665464,1.588067089016607,-2.518430998855728,0.0019089314236409715,-12.439293304120378,0.012444439878201168,12.380438931406267,-60.64275010835913,-3.0186602310890103,-0.06047471620227038,0.0,0.00024930727949429857,0.1537506569693004,1.8066791961833164,-0.007847189548094201,438.774126227366,0.3824984066955656,0.7441989734078763,0.0,0.0,0.0,0.5573665022517692,0.7441989387819752,1.2638750113543464,0.0,0.0,0.0,Asset Management,Financial Services,FOCS
2017Q3,2017,Q3,2017-09-30,2017-09-30,-37881000.0,180254000.0,-11009000.0,-0.605158,46630000.0,0.2586905144962109,,,,,,,,2350512994.2,,,0.0,0.0,0.0,0.0,,0.0,13.040004627913943,-15.512479832897757,0.0,-0.0808584778648927,0.0,0.0013031197902577418,0.0,0.0,0.0,51.05704094967091,0.2586905144962109,-6.2306019547398845,0.0,0.0,0.0,-0.23880572650549306,-6.230578354647833,-5.469752334551361,0.0,0.0,0.0,Asset Management,Financial Services,FOCS
2017Q2,2017,Q2,2017-06-30,2017-06-30,-5239000.0,157230000.0,2463000.0,-0.083694,61259000.0,0.3896139413597914,,,,,,,,2350512994.2,,,0.0,0.0,0.0,0.0,,0.0,14.949519774852126,-112.16420090666156,0.0,-0.015842718075968695,0.0,3.531144061096721e-05,0.0,0.0,0.0,82.91343589544604,0.3896139413597914,-2.1770314741372037,0.0,0.0,0.0,0.1513551103259031,-2.1770388676701864,-0.7838335966298051,0.0,0.0,0.0,Asset Management,Financial Services,FOCS
2017Q1,2017,Q1,2017-03-31,2017-03-31,4451000.0,135546000.0,11394000.0,0.071106,53206000.0,0.3925309489029555,,,,,,,,2350512994.2,,,0.0,0.0,0.0,0.0,,0.0,17.341072360674602,132.02162402830822,0.0,0.46843405976185126,0.0,0.0008870404057092365,0.0,0.0,0.0,-111.02512843984695,0.3925309489029555,0.0,0.0,0.0,0.0,0.0,0.0,0.0,0.0,0.0,0.0,Asset Management,Financial Services,FOCS
