Quarters,Year,Quarter,FillingDate,Date,NetIncome,Revenue,OperatingIncome,EPSDiluted,GrossProfit,GrossProfitRatio,TotalAssets,CommonStockEquity,CurrentAssets,CurrentLiability,TotalLiability,Inventory,RetainedEarnings,MarketCap,EnterpriseValue,bookValuePerShare,currentRatio,debtToAssets,debtToEquity,roic,shareholdersEquityPerShare,roe,priceToSalesRatio,peRatio,pbRatio,payoutRatio,inventoryTurnover,dividendYield,assetTurnover,quickRatio,returnOnAssets,priceToFreeCashFlowsRatio,grossProfitMargin,epsdilutedGrowth,fiveYNetIncomeGrowthPerShare,fiveYRevenueGrowthPerShare,fiveYShareholdersEquityGrowthPerShare,grossProfitGrowth,netIncomeGrowth,operatingIncomeGrowth,threeYNetIncomeGrowthPerShare,threeYRevenueGrowthPerShare,threeYShareholdersEquityGrowthPerShare,Industry,Sector,Symbol
2023Q1,2023,Q1,2023-05-08,2023-03-31,10738000.0,193104000.0,24499000.0,0.21,45828000.0,0.2373228934,1327147000.0,873313000.0,396436000.0,215343000.0,453734000.0,24448000.0,-688911000.0,2230624320.0,2234902320.0,17.257785945775037,1.8409514123978954,0.12765955843625462,0.19400031832802214,0.01115201940221905,17.257785945775037,0.012295706121402064,11.551414367387522,51.93295585770162,2.5542094529681796,0.0,6.024051047120419,0.0,0.1455030979989406,1.6129755784957023,0.00809104040471779,538.4079942070963,0.2373228933631618,0.049999999999999906,1.1273590090934391,-0.022994299712543183,-0.5887974830352039,0.12668715427166563,0.011111111111111112,4.083186508935313,1.4593661431065823,0.31500697206781003,-0.3061164487473733,Oil & Gas Equipment & Services,Energy,TDW
2022Q4,2022,Q4,2023-02-28,2022-12-31,10620000.0,186746000.0,-7946000.0,0.2,40675000.0,0.2178092168,1297656000.0,865968000.0,377908000.0,194787000.0,431666000.0,30830000.0,-699649000.0,1797027100.0,1801871100.0,17.757618012549727,1.9401089395082833,0.1302625657339079,0.19519889880457478,-0.006580512870343635,17.757618012549727,0.012263732609057148,9.622841185353368,42.30289783427495,2.075165710511243,0.0,4.737950048653908,0.0,0.14391025048240827,1.646193021094837,0.008183987127559229,44.46876098092103,0.21780921679714693,1.0,1.2172012029419368,-0.151723638885154,-0.5970751546429135,-0.13964507054170103,0.9739776951672863,-1.416894018887723,1.1420247046532261,0.2736338341234327,-0.30873042184616034,Oil & Gas Equipment & Services,Energy,TDW
2022Q3,2022,Q3,2022-11-03,2022-09-30,5380000.0,191762000.0,19060000.0,0.1,47277000.0,0.2465399819,1283061000.0,846639000.0,346713000.0,184403000.0,435962000.0,20764000.0,-710269000.0,964586700.0,1018221700.0,19.046568131200647,1.8801917539302506,0.13144269835962594,0.19919824151734092,0.008184640574163423,19.046568131200647,0.006354538356962058,5.030124320772624,44.82280204460966,1.1393128594359578,0.0,6.95843768060104,0.0,0.14945665093085989,1.6087590765876911,0.004193097600192041,44.2775625430342,0.24653998185250467,1.1666666666666667,0.0,0.0,-0.576648231815791,0.5279725929995799,1.2150795554489486,4.8790869833436155,1.1064743614609407,0.38812635281163066,-0.3174858140058327,Oil & Gas Equipment & Services,Energy,TDW
2022Q2,2022,Q2,2022-08-04,2022-06-30,-25014000.0,163447000.0,3242000.0,-0.6,30941000.0,0.1893029545,1282735000.0,840717000.0,329783000.0,187621000.0,441088000.0,21182000.0,-715649000.0,881857260.0,962155260.0,20.106112785191563,1.7577083588724076,0.1311876576221901,0.20016129089812623,0.004369250245449721,20.106112785191563,-0.029753174968509023,5.395371343615974,-8.813636963300551,1.0489347307119994,0.0,6.255594372580493,0.0,0.12742070653720372,1.4776597502411777,-0.019500520372485352,-34.241564805467114,0.18930295447453915,-1.0,0.9789461063788776,-0.37324293967453537,-0.6659520668123727,2.0334313725490194,-1.0384646728058022,1.7155153387773119,-0.44510702793000206,0.16687333749471295,-0.3216540184029718,Oil & Gas Equipment & Services,Energy,TDW
2022Q1,2022,Q1,2022-05-09,2022-03-31,-12271000.0,105729000.0,-4531000.0,-0.3,10200000.0,0.0964730585,1054130000.0,689379000.0,309191000.0,125499000.0,364388000.0,13252000.0,-690068000.0,900296879.9999999,932059879.9999999,16.646841495218776,2.463692937792333,0.15937028639731343,0.24369323695673933,-0.009194514711829188,16.646841495218776,-0.01780007804125162,8.515136622875463,-18.3419623502567,1.3059534450570731,0.0,7.208647751282825,0.0,0.10029977327274625,2.154423541223436,-0.011640879208446775,-70.04566093519021,0.0964730584796981,0.673913043478261,0.8221536855554316,-0.3463299392275365,-0.6033545007536854,0.8640350877192983,0.6777488904645605,0.6231389836147384,0.4824439408126436,-0.22290214926476573,-0.4504184422980369,Oil & Gas Equipment & Services,Energy,TDW
2021Q4,2021,Q4,2022-03-09,2021-12-31,-38079000.0,105175000.0,-12023000.0,-0.92,5472000.0,0.0520275731,1095780000.0,701303000.0,342672000.0,157942000.0,394011000.0,12606000.0,-677900000.0,442108800.00000006,460956800.00000006,16.98892926356589,2.1696065644350457,0.1532104984577196,0.239390106701383,-0.012807612781163952,16.98892926356589,-0.054297500509765395,4.203554076539102,-2.902576223115103,0.630410535816901,0.0,7.909170236395367,0.0,0.09598185767216047,1.935356016765648,-0.03475058862180365,775.6294736842107,0.05202757309246494,-0.43750000000000006,0.07997275175441111,-0.4356142720761265,-0.614516896834527,5.28169014084507,-0.4420040140871739,0.44245038026340194,0.6736408533707383,-0.26096479145253454,-0.5250913160675785,Oil & Gas Equipment & Services,Energy,TDW
2021Q3,2021,Q3,2021-11-09,2021-09-30,-26407000.0,92401000.0,-21564000.0,-0.64,-1278000.0,-0.0138310191,1123073000.0,734001000.0,350093000.0,299880000.0,388461000.0,13335000.0,-639966000.0,496051920.0,523771920.0,17.84501118350676,1.1674436441243163,0.13813349621974708,0.2113539354851015,-0.025095740351216277,17.84501118350676,-0.03597679022235665,5.368469172411554,-4.696216154807438,0.6758191337613981,0.0,7.025046869141358,0.0,0.08227515041319665,0.9391956782713086,-0.023513164326806894,-154.0055634895995,-0.01383101914481445,0.11111111111111106,0.9332913739729469,-0.711520105581355,-0.8381892743003463,0.6284883720930232,0.10928593112287921,-0.06969591745622303,0.4520514658920313,-0.39724805140232095,-0.4963310206781049,Oil & Gas Equipment & Services,Energy,TDW
2021Q2,2021,Q2,2021-08-09,2021-06-30,-29647000.0,89953000.0,-20159000.0,-0.72,-3440000.0,-0.0382421931,1151733000.0,758978000.0,355163000.0,162660000.0,391995000.0,15404000.0,-613708000.0,492832950.0,517642950.0,18.557373040905645,2.1834685847780646,0.1354194071021669,0.20549607498504568,-0.02765390524775107,18.557373040905645,-0.039061738284904175,5.478782808800151,-4.155841653455662,0.649337596083154,0.0,6.0629057387691505,0.0,0.07810230322479256,1.7601623017336776,-0.02574120911704362,117.73362398471095,-0.03824219314530922,0.17241379310344832,0.8490734736928546,-0.7582705500110999,-0.8451989853526609,0.5860409145607701,0.16550792355110197,0.23352724231017832,-0.5982320778615445,-0.4865168476019108,-0.5304063727080022,Oil & Gas Equipment & Services,Energy,TDW
2021Q1,2021,Q1,2021-05-06,2021-03-31,-35527000.0,83504000.0,-26301000.0,-0.87,-8310000.0,-0.0995161908,1188930000.0,787766000.0,363742000.0,172648000.0,400219000.0,15676000.0,-584246000.0,510171480.0,544851480.0,19.347823951272225,2.1068416662805247,0.14007384791367028,0.2114054173447445,-0.02921231374871896,19.347823951272225,-0.045098417550389326,6.109545410998275,-3.590026458749683,0.6476180490145551,0.0,5.856978821127838,0.0,0.07023458067337858,1.7040278485705018,-0.029881490079315013,112.86979646017699,-0.09951619084115731,-0.20833333333333337,0.983960363175627,-0.9832989488161902,-0.9873791102731427,-2.2448262397500978,-0.2072926224215856,-0.48274890066523846,0.4762976181216709,-0.47491108692296047,-0.5389979959449767,Oil & Gas Equipment & Services,Energy,TDW
2020Q4,2020,Q4,2021-03-04,2020-12-31,-29427000.0,91859000.0,-17738000.0,-0.72,-2561000.0,-0.0278796852,1251177000.0,822115000.0,388649000.0,183179000.0,427905000.0,15876000.0,-548931000.0,350818560.0,393616560.0,20.247143138607033,2.121689713340503,0.15403975616559448,0.23443313891608838,-0.015170488170469254,20.247143138607033,-0.03579426235988882,3.819098400809937,-2.980413905596901,0.4267268691119856,0.0,5.947341899722852,0.0,0.07341806954571575,1.7720699425152446,-0.023519454082036356,-43.64500622045285,-0.0278796851696622,0.23404255319148934,0.9445358504942712,-0.984447886862546,-0.9871858931235347,0.5943291620465706,0.22725243559780467,0.29544010168414364,0.27717691558806906,-0.4988634429155868,-0.5405871996863246,Oil & Gas Equipment & Services,Energy,TDW
2020Q3,2020,Q3,2020-11-05,2020-09-30,-38081000.0,86467000.0,-25176000.0,-0.94,-6313000.0,-0.0730105127,1350774000.0,852240000.0,440815000.0,163294000.0,497197000.0,17808000.0,-519684000.0,271117550.0,334629550.0,21.092439054572456,2.699517434810832,0.18933959344790469,0.3000973904064583,-0.02693230862667498,21.092439054572456,-0.04468342251009105,3.1355031399262145,-1.7798741498385022,0.3181234746080916,0.0,5.210017969451932,0.0,0.06401292888373629,2.1955368843925682,-0.02819198474356184,19.335155469975753,-0.07301051268113846,0.6581818181818182,0.6046585183884958,-0.8547516205913935,-0.837665003065063,-1.682117774176121,0.6558862864165401,-1.6099937798051005,0.0,0.0,-0.5311742615488168,Oil & Gas Equipment & Services,Energy,TDW
2020Q2,2020,Q2,2020-07-30,2020-06-30,-110664000.0,102344000.0,-9646000.0,-2.75,9255000.0,0.0904303135,1415675000.0,888509000.0,473767000.0,162159000.0,525675000.0,20580000.0,-481757000.0,225310540.0,304843540.0,22.044087728874114,2.9216201382593625,0.1996588199975277,0.3181194563026373,-0.008444593478132045,22.044087728874114,-0.12455022965439855,2.2015021886969435,-0.5089969186004482,0.2535827324202681,0.0,4.523275024295432,0.0,0.07229342892966253,2.3673863307001155,-0.07817048404471365,17.230845824411134,0.09043031345266943,-4.978260869565217,-2.341679896326733,-0.8462352701102254,-0.8340102056853042,0.19219373953368543,-4.9740876700496655,0.28764493021194887,0.9033709617514949,-0.5928666465047331,-0.6337540715348686,Oil & Gas Equipment & Services,Energy,TDW
2020Q1,2020,Q1,2020-05-11,2020-03-31,-18524000.0,116368000.0,-13541000.0,-0.46,7763000.0,0.0667107796,1553124000.0,997364000.0,518193000.0,189635000.0,554228000.0,21944000.0,-371134000.0,283915080.0,378232080.0,24.871299967581855,2.7325810108893402,0.18164615317257346,0.28286463116775823,-0.008273595370511687,24.871299967581855,-0.01857295831812658,2.439803726110271,-3.831719391060246,0.2846654581476773,0.0,4.949188844331024,0.0,0.0749251186640603,2.2963113349328976,-0.011926929208485607,-9.472045105758324,0.06671077959576516,0.6993464052287582,0.9221460195030021,-0.9865984939751266,-0.9849234390982531,1.098108108108108,0.6941922276884472,-0.6680216802168022,0.7227505531162117,-0.2570338248844841,-0.4073897324378467,Oil & Gas Equipment & Services,Energy,TDW
2019Q4,2019,Q4,2020-03-02,2019-12-31,-60574000.0,118777000.0,-8118000.0,-1.53,3700000.0,0.031150812,1579528000.0,1014799000.0,537296000.0,185677000.0,563118000.0,21856000.0,-352526000.0,761640089.12,832284089.12,25.688412413540107,2.8937132762808533,0.18292426598325576,0.2847204224678976,-0.006361261033421416,25.688412413540107,-0.0596906382446179,6.412353310152639,-3.1434282411595738,0.7505329519638865,0.0,5.265236090775988,0.0,0.07519778060281299,2.4474867646504412,-0.03834943096925157,627.3806335420098,0.03115081202589727,-0.34210526315789486,0.9857140583932748,-0.9883641777851134,-0.9846035806847364,-0.7126659936320572,-0.38277861480162534,0.5075821909498969,-0.5293198705976191,-0.33397155572687437,-0.4171234232046344,Oil & Gas Equipment & Services,Energy,TDW
2019Q3,2019,Q3,2019-11-12,2019-09-30,-43806000.0,119765000.0,-16486000.0,-1.14,12877000.0,0.1075188912,1754021000.0,1075432000.0,644941000.0,159853000.0,676257000.0,21303000.0,-292673000.0,582294070.0,657389070.0,27.906479487246024,4.0345880277504955,0.24767491381232037,0.403955805666932,-0.016592558641854816,27.906479487246024,-0.040733398299474075,4.861971945059074,-3.3231410651508924,0.5414513144485192,0.0,5.017509270994696,0.0,0.06828025434131062,3.798627489005524,-0.02497461546925607,-27.67688911069918,0.10751889116185864,-1.7804878048780488,-1.3444533758667345,-0.8557118648581121,-0.8140888350098227,-0.34951505354617096,-1.816562721018453,-7.471736896197328,0.8818867952691083,-0.6009101137324571,-0.746956297694714,Oil & Gas Equipment & Services,Energy,TDW
2019Q2,2019,Q2,2019-08-09,2019-06-30,-15553000.0,125859000.0,-1946000.0,-0.41,19796000.0,0.1572871229,1792270000.0,1113601000.0,669878000.0,154349000.0,676731000.0,29141000.0,-248473000.0,900576870.0,971070870.0,29.63990844002023,4.340021639272039,0.24552271700134468,0.3951532011914501,-0.0019395295167860774,29.63990844002023,-0.013966402688215977,7.155442757371344,-14.475935028611842,0.8087069515921771,0.0,3.6396486050581656,0.0,0.07022323645432887,3.969335726178984,-0.008677821979947218,-38.613251725764265,0.1572871228914897,0.2807017543859649,-1.1749404946434931,-0.8396940137843875,-0.798634471429156,0.21821538461538462,0.2693319552757681,0.7705729780712096,0.9138095932835613,-0.6318217546781072,-0.7527512169715245,Oil & Gas Equipment & Services,Energy,TDW
2019Q1,2019,Q1,2019-05-06,2019-03-31,-21286000.0,122149000.0,-8482000.0,-0.57,16250000.0,0.1330342451,1809298000.0,1126153000.0,674118000.0,156081000.0,681613000.0,29337000.0,-232514000.0,880398720.0,931808720.0,30.290029317625542,4.319026659234628,0.24455341242846673,0.39290398373933205,-0.007422894226277143,30.290029317625542,-0.01890151693419988,7.207580250349983,-10.340114629333835,0.7817754070716856,0.0,3.609741964072673,0.0,0.06751181950126513,3.9912737617006555,-0.011764783910665905,-140.34731707317073,0.1330342450613595,0.7985865724381626,-1.0211070046851434,-0.98570775444475,-0.9819123509337162,0.1258920529342479,0.7644754749549111,0.31761866452131937,0.9894755973881524,-0.9732456844705774,-0.9802413376923512,Oil & Gas Equipment & Services,Energy,TDW
2018Q4,2018,Q4,2019-02-28,2018-12-31,-90377000.0,110234000.0,-12430000.0,-2.83,14433000.0,0.1309305659,1827739000.0,1143836000.0,683302000.0,158355000.0,682816000.0,29505000.0,-210783000.0,611677962.26,678890962.26,35.77304403636338,4.315001105111932,0.24018965508751522,0.38379977549229083,-0.008600576255656073,35.77304403636338,-0.07901220104980085,5.548904714153528,-1.6920177762594464,0.5347601948705933,0.0,3.2469411964073887,0.0,0.060311674697536136,3.8901581888794166,-0.049447432045822734,-20.013020620992016,0.13093056588711288,-1.418803418803419,-1.3589215171510505,-0.9848958282049982,-0.9783193672506888,-0.23570218174115654,-1.898277907834397,-2.189633051064922,0.7836856927884294,-0.9763002253972789,-0.9773597881715771,Oil & Gas Equipment & Services,Energy,TDW
2018Q3,2018,Q3,2018-11-13,2018-09-30,-31183000.0,99192000.0,-3897000.0,-1.17,18884000.0,0.1903782563,1590909000.0,942953000.0,768387000.0,153707000.0,647001000.0,27591000.0,-120274000.0,838356970.5,820240970.5,35.430038211866936,4.999037129083256,0.27843955876797477,0.4697710278242924,-0.002932005393741979,35.430038211866936,-0.033069516720345554,8.451860739777402,-6.721266158644133,0.8890760944606995,0.0,2.9106592729513245,0.0,0.06234926070567204,4.706929417658272,-0.01960074397718537,439.8515060335782,0.1903782563109928,-1.5999999999999999,-1.3991779627945107,-0.8130494631993318,-0.7517985402438718,-0.21844218193858125,-1.7886782328742623,-2.2814863531732983,0.5085281801744533,-0.7470386114494639,-0.7273176833818423,Oil & Gas Equipment & Services,Energy,TDW
2018Q2,2018,Q2,2018-08-14,2018-06-30,-11182000.0,105601000.0,3041000.0,-0.45,24162000.0,0.2288046515,1643542000.0,974284000.0,797331000.0,169121000.0,668016000.0,28930000.0,-89378000.0,713246584.6,698809584.6,39.51794053918558,4.714559398300625,0.2706648202479766,0.4565906860833186,0.004449662804013635,39.51794053918558,-0.011477146294099051,6.7541650609369235,-15.946310691289572,0.7320725626203448,0.0,2.815036294503975,0.0,0.06425208482655144,4.452551723322355,-0.006803598569431143,37.799914388679845,0.2288046514711035,0.7305389221556886,-1.2782588817518512,-0.7633743906867807,-0.7179037825939572,0.5450824913671825,0.713495093392093,1.383625583448972,0.4479779781231242,-0.7406174191781225,-0.7024338270416227,Oil & Gas Equipment & Services,Energy,TDW
2018Q1,2018,Q1,2018-05-15,2018-03-31,-39029000.0,91493000.0,-7927000.0,-1.67,15638000.0,0.1709201797,1686048000.0,983123000.0,816069000.0,197217000.0,700567000.0,28896000.0,-78438000.0,670187619.23,675659619.23,41.969066904453086,4.137924215458099,0.26567689650591203,0.4556337304691275,-0.006054395518330795,41.969066904453086,-0.03969900002339483,7.325015238652138,-4.292882338965898,0.6816925443001537,0.0,2.6251038205980066,0.0,0.05426476589041356,3.929448272714827,-0.023148214048473115,-87.4804358739068,0.1709201796858776,-0.6699999999999999,-2.7698161889930524,-0.4110971698000466,-0.18905893833615905,-0.3061496139852693,-0.6823569981464719,-0.00012616704516780217,0.7191915750525153,-0.9819621586099936,-0.9745590622927138,Oil & Gas Equipment & Services,Energy,TDW
2017Q4,2017,Q4,2017-12-31,2017-12-31,-23199000.0,104453000.0,-7926000.0,-1.0,22538000.0,0.2157716868,1759595000.0,1019729000.0,845184000.0,220132000.0,737651000.0,28220000.0,-39266000.0,586777372.24,602902372.24,44.0717871264858,3.8394417894717714,0.25469497242263134,0.43948931529847635,-0.004835557148051941,44.0717871264858,-0.02275016205285914,5.617621056743224,-6.323304584680374,0.5754248160442628,,2.90272856130404,,0.059361955449975704,2.0030845129286066,-0.013184283883507284,0.0,0.21577168678735892,0.0,-2.656536146317096,-0.2794516885645574,-0.13820754302798613,0.0,0.0,0.0,0.990658630753851,-0.9825295416210259,-0.9735854554322417,Oil & Gas Equipment & Services,Energy,TDW
2017Q3,2017,Q3,2017-11-09,2017-09-30,0.0,0.0,0.0,0.0,0.0,0.0,1812852000.0,1040973000.0,871201000.0,259185000.0,770038000.0,31083000.0,-15693000.0,672850393.7199999,663723393.7199999,44.989934051516926,3.361309489360881,0.24869708062213572,0.43310537353034134,,44.989934051516926,0.0,0.0,0.0,0.6463668065550211,0.0,0.0,,0.0,3.184231340548257,0.0,0.0,0.0,1.0,-1.0,-1.0,-0.6705381934759631,1.0,1.0,1.0,-1.0,-1.0,-0.7002799634338907,Oil & Gas Equipment & Services,Energy,TDW
2017Q2,2017,Q2,2017-08-09,2017-06-30,-524410000.0,115106000.0,-205374000.0,-28.41,-6539000.0,-0.0568085069,3919580000.0,1110865000.0,1118916000.0,260172000.0,2793750000.0,31097000.0,950895000.0,428659684.7988,-164149315.2012,60.189304550788556,4.30067801300678,0.023208864215043448,0.08189023868786936,-0.17098001511817731,60.189304550788556,-0.4720735642944912,3.724042923903185,-0.20435331362807727,0.38587918855918585,0.0,3.9117921342894815,0.0,0.029366921966129025,4.048091262703135,-0.1337923961240745,-17.153248691428573,-0.0568085069414279,0.0,-16.960859508156805,-0.6090786828234528,-0.5531696231044607,0.0,0.0,0.0,-13.007647745746802,-0.7015481866950843,-0.5910901293872968,Oil & Gas Equipment & Services,Energy,TDW
2016Q3,2016,Q3,2016-11-08,2016-09-30,-177623000.0,143722000.0,-29730000.0,-9.62,9360000.0,0.0651257288,4688262000.0,2035408000.0,1248528000.0,2421555000.0,2645499000.0,31124000.0,1867701000.0,1678916791.1922,3045360791.1921997,110.28324053517883,0.5155893630332575,0.4354208446541597,1.0029276685558866,-0.007442020524058862,110.28324053517883,-0.08726653329455324,11.681696547447155,-2.3630340541374144,0.8248551598461831,0.0,4.31699010409973,0.0,0.030655709941125302,0.4895738482091053,-0.03788674779694479,200.58743024996414,0.06512572883761707,-1.0041666666666667,-2.1425423941206225,-0.9503406975180924,-0.9297726717916557,-0.11664779161947905,-1.0038017666369594,0.11824895453332147,-4.278871003470428,-0.6093842152324991,-0.22742219119878143,Oil & Gas Equipment & Services,Energy,TDW
2016Q2,2016,Q2,2016-08-09,2016-06-30,-88643000.0,167925000.0,-33717000.0,-4.8,10596000.0,0.063099598,4877858000.0,2212507000.0,1281154000.0,2431983000.0,2658863000.0,32125000.0,2046170000.0,2625541953.6066003,3998287953.6066003,119.87888505241548,0.5267939784118557,0.41850459771481663,0.9226664593603545,-0.008300288682841607,119.87888505241548,-0.04006450601060245,15.635205916966505,-7.404820328752977,1.1866818742750194,0.0,4.897400778210117,0.0,0.03442597139974144,0.49849238255366096,-0.018172525727481202,-142.06709342603756,0.06309959803483699,0.911764705882353,-1.3123829795594681,-0.9428212071989057,-0.9241302891167815,-0.872183353437877,-0.08631127450980391,0.4730813108503024,-3.946614366918193,-0.49735845668018624,-0.14425246966988953,Oil & Gas Equipment & Services,Energy,TDW
2016Q1,2016,Q1,2016-05-26,2016-03-31,-81600000.0,184200000.0,-63989000.0,-54.4,82900000.0,0.4500542888,4983800000.0,2299500000.0,1323300000.0,2452400000.0,2684300000.0,33400000.0,2135100000.0,330483900.0,1697583900.0,1533.0,0.5395938672320991,0.0,0.0,-0.02918653043497217,1533.0,-0.035485975212002606,1.7941579804560261,-1.0125119485294118,0.14371989562948467,0.0,3.032934131736527,0.0,0.03695974958866728,0.5077067362583592,-0.016373048677715798,16.741838905775076,0.4500542888165038,-3.162203519510329,-8.253333333333334,-0.22645669291338585,-0.024304864950873147,-0.07166853303471445,-3.163265306122449,-4.877020573108009,-58.78540772532189,17.51538227231191,28.621164805995782,Oil & Gas Equipment & Services,Energy,TDW
2015Q4,2015,Q4,2016-02-03,2015-12-31,-19600000.0,218200000.0,-10888000.0,-13.07,89300000.0,0.4092575619,4480500000.0,2370100000.0,745200000.0,407100000.0,2110400000.0,38700000.0,2216900000.0,336774150.0,1740474150.0,1580.0666666666666,1.8305084745762712,0.32181676152215155,0.6083709548120333,-0.0023038012945906148,1580.0666666666666,-0.008269693261887683,1.5434195692025665,-4.295588647959184,0.14209280199147714,-0.6020408163265304,3.330749354005168,0.035038318707062276,0.048699921883718335,1.586096782117416,-0.004374511773239594,23.608422712933756,0.4092575618698442,-4.491596638655463,-1.607751937984496,-0.14368408143242578,0.008781240439993045,0.45843540747999345,0.554535330348417,-1.8414869773552824,-22.588405797101448,22.218266020463112,29.897080051194763,Oil & Gas Equipment & Services,Energy,TDW
2015Q3,2015,Q3,2015-11-04,2015-09-30,-43999000.0,271923000.0,12939000.0,-2.38,61230000.0,0.2251740382,4607665000.0,2398041000.0,786559000.0,452594000.0,2203673000.0,37135000.0,2248182000.0,7823042016.006,9233205016.006,129.93155790692617,1.7378909132688458,0.3251926952154725,0.6248346045793212,0.004480367503551789,129.93155790692617,-0.018347893134437653,28.76932814070895,-44.45011259350212,3.2622636627171926,-0.2679606354689879,5.673704052780396,0.0015070863707337344,0.05901535810437608,1.5558071914342655,-0.009549088312626894,315.4198054997984,0.2251740382387661,-1.902439024390244,-1.1966161104550332,-0.9117428133829798,-0.9161664276751827,-0.173594990012417,-1.9015431284621471,-0.35450236966824644,-2.0639085017893413,-0.12822280214671802,-0.048509701226044366,Oil & Gas Equipment & Services,Energy,TDW
2015Q2,2015,Q2,2015-08-10,2015-06-30,-15164000.0,304774000.0,20045000.0,-0.82,74092000.0,0.2431047268,4713484000.0,2451053000.0,834812000.0,492230000.0,2256316000.0,43255000.0,2303831000.0,13532551744.798801,14973096744.798801,132.80387399650178,1.6959795217682792,0.3274709323294616,0.6297411765473859,0.01560255564234341,132.80387399650178,-0.00618672872434827,44.40192321129362,-223.10326669742153,5.521117554291482,-0.7774333948826168,5.33307132123454,0.0008711586862788882,0.06466002642631226,1.52611177701481,-0.003217153171624217,136692.44186665455,0.24310472678115588,0.8617200674536256,-1.0329472297527373,-0.8993470213597708,-0.9141157599149579,-0.4024838709677419,-0.7038202247191011,-0.2603866873293484,-1.4615290966642318,0.03506901048742062,-0.014097180322593453,Oil & Gas Equipment & Services,Energy,TDW
2015Q1,2015,Q1,2015-05-28,2015-03-31,-8900000.0,324800000.0,27102000.0,-5.93,124000000.0,0.381773399,4756200000.0,2474500000.0,868800000.0,482200000.0,2281700000.0,49000000.0,2330200000.0,926129100.0,2382029100.0,1649.6666666666667,1.801742015761095,0.32048694335814304,0.6160032329763588,-0.003968424079855535,1649.6666666666667,-0.003596686199232168,2.851382697044335,-26.01486235955056,0.3742691856940796,-1.3258426966292132,4.09795918367347,0.012741204223039744,0.06828981119381018,1.6634176690170055,-0.0018712417476136412,-18.74413770770506,0.3817733990147783,0.9447498369514582,-1.1772700644405392,0.4157948717948718,0.13816287878787878,-0.26540284360189575,0.94472049689441,1.1299475932700744,-1.2817012858555885,0.1971435153190509,0.04475406375343049,Oil & Gas Equipment & Services,Energy,TDW
2014Q4,2014,Q4,2015-02-09,2014-12-31,-161000000.0,387600000.0,-208561000.0,-107.33,168800000.0,0.435500516,4716600000.0,2502700000.0,873100000.0,446000000.0,2213900000.0,55300000.0,2351200000.0,1568225850.0,2982125850.0,1668.4666666666667,1.9576233183856502,0.3146970275198236,0.5930794741678986,-0.03809114243634644,1668.4666666666667,-0.06433052303512207,4.045990325077399,-2.435133307453416,0.6266135973148999,-0.07453416149068323,3.9566003616636527,0.007651959059340847,0.08217783996946953,1.7943946188340807,-0.034134758088453544,-120.87450670571927,0.43550051599587203,-33.52424242424242,-3.8670005564830268,0.4430715532286212,0.10375699440447644,0.2556067154131675,-3.643374324790254,-3.4616810075186195,-6.036168132942326,0.5194413818449098,0.06730635961405194,Oil & Gas Equipment & Services,Energy,TDW
2014Q3,2014,Q3,2014-11-04,2014-09-30,60907000.0,397524000.0,84723000.0,3.3,134437000.0,0.3381858705,5002465000.0,2770394000.0,896905000.0,421979000.0,2225741000.0,63531000.0,2623636000.0,23236934308.8078,24618842308.8078,150.1065279684546,2.1254730685650234,0.3010961595933205,0.5436854830035006,0.014714367797423116,150.1065279684546,0.02198495954005098,58.45416706615902,95.37875083655327,8.38759191248891,0.205526458370959,4.141080732240953,0.0005387113391827741,0.07946562344764031,1.9165290215863822,0.012175397529018195,353.10733370018085,0.33818587053863414,0.3924050632911391,-0.9462307789151283,-0.8833770848864457,-0.8986066429900251,0.11417110748294809,0.39461452155794197,0.28360402399854556,2.077579083782532,-0.8626461880587674,-0.9044135776687385,Oil & Gas Equipment & Services,Energy,TDW
2014Q2,2014,Q2,2014-08-06,2014-06-30,43673000.0,385677000.0,66004000.0,2.37,120661000.0,0.3128550575,4930844000.0,2716650000.0,871294000.0,409773000.0,2207782000.0,63214000.0,2575339000.0,33429510676.7958,34887414676.7958,147.19455038001894,2.1262845526669643,0.30651040673767005,0.5563304069350119,0.011866056156520486,147.19455038001894,0.016076049546316234,86.6774805777783,191.36257342520437,12.305416846776653,0.28667597829322466,4.192362451355712,0.0003745193915952357,0.07821723826590336,1.8911909764674588,0.008857104382130119,-3743.9254873777354,0.3128550574703703,-0.9126428308145963,-0.9149193030163802,-0.8976269637105585,-0.8967101089390683,-0.22404501607717042,0.006290322580645161,0.03239328672203725,-0.8460938611475171,-0.8686762228902922,-0.9068425771891815,Oil & Gas Equipment & Services,Energy,TDW
2014Q1,2014,Q1,2014-05-21,2014-03-31,43400000.0,367800000.0,63932999.99999999,27.13,155500000.0,0.4227841218,4885800000.0,2679400000.0,820200000.0,401700000.0,2206400000.0,57400000.0,2544300000.0,2509419360.0,3963919360.0,1674.625,2.0418222554144885,0.3081174014490974,0.5618422034783906,0.012950011238589656,1674.625,0.016197656191684704,6.8227823817292,14.45518064516129,0.9365601851160708,0.2857142857142857,3.6986062717770034,0.004941382137101229,0.07527938106349011,1.8478964401294498,0.008882885095583118,-15.448569968664774,0.422784121805329,2.4428934010152283,-0.6043755697356427,0.07669789227166277,0.19365616786207512,-0.04834761321909425,2.4444444444444446,1.5936308316430017,2.6166666666666667,0.44803149606299214,0.0658339631648037,Oil & Gas Equipment & Services,Energy,TDW
2013Q4,2013,Q4,2014-02-05,2013-12-31,12600000.0,365200000.0,24650000.0,7.88,163400000.0,0.4474260679,4847400000.0,2640000000.0,803900000.0,339200000.0,2207500000.0,55700000.0,2513400000.0,3059096800.0,4408996800.0,1650.0,2.36998820754717,0.3020175764327268,0.5545454545454546,0.006103211658177702,1650.0,0.004772727272727273,8.37649726177437,60.69636507936508,1.1587487878787879,0.9920634920634921,3.6229802513464993,0.004086173409092514,0.07533935718116928,2.1497641509433962,0.0025993316004456,-26.112871642096817,0.4474260679079956,1.6802721088435373,-0.8923076923076924,0.008004416229643941,0.23145815841029946,0.29144437858130806,-0.767407516798346,-0.678051328936198,-0.6337209302325582,0.34363502575423105,0.05342963169865528,Oil & Gas Equipment & Services,Energy,TDW
2013Q3,2013,Q3,2013-11-05,2013-09-30,54172000.0,367937000.0,76565000.0,2.94,126525000.0,0.343876805,4754579000.0,2634567000.0,681755000.0,301307000.0,2120012000.0,53744000.0,2513193000.0,35340619207.198204,36740713207.198204,142.74709845251886,2.262659015555563,0.3040496329958972,0.5487155953900584,0.014555469719034826,142.74709845251886,0.02056201265710836,96.05073479209268,163.09449165250592,13.41420400665392,0.22989736395185706,4.491887466507889,0.00035239903203120336,0.07738582112107087,2.005788116439379,0.01139364810217687,-613.105360799386,0.3438768049965076,0.8036809815950922,-0.9507728696830828,-0.9080244489441465,-0.8881675769847572,0.32077539772015534,0.8007512548615497,0.7631548647092689,-0.7579243179260878,-0.8805798535897791,-0.9078976701653237,Oil & Gas Equipment & Services,Energy,TDW
2013Q2,2013,Q2,2013-08-06,2013-06-30,30083000.0,334085000.0,43425000.0,1.63,95796000.0,0.2867413981,4697042000.0,2585467000.0,619173000.0,291306000.0,2111575000.0,62007000.0,2471557000.0,34001058153.6066,35411307153.6066,140.0867438158675,2.1255071986158884,0.31404062386497716,0.5705205287864823,0.008127737108896502,140.0867438158675,0.011635422150040979,101.77367482409147,282.56040083773723,13.150838186527462,0.41338962204567364,3.8429370877481577,0.0003657533228471266,0.07112667930156895,1.8282836604807315,0.006404669151350999,-222.4632335569233,0.28674139814717814,0.7340425531914894,-0.9692095697393669,-0.9148414282095613,-0.8855032743638189,-0.33336116910229646,-0.3544420600858369,-0.35501359038721464,-0.9346378585695333,-0.8896669323202735,-0.9094059293862867,Oil & Gas Equipment & Services,Energy,TDW
2013Q1,2013,Q1,2013-05-21,2013-03-31,46600000.0,328300000.0,67327000.0,0.94,143700000.0,0.4377094121,4168100000.0,2561800000.0,508100000.0,266600000.0,1606300000.0,62300000.0,2454000000.0,80190000000.0,81149400000.0,51.753535353535355,1.9058514628657164,0.23991746839087355,0.3903505347802326,0.014804327525833175,51.753535353535355,0.018190334920758843,244.2583003350594,430.20386266094425,31.302209384026856,0.2618025751072962,2.9630818619582664,0.00015213867065718922,0.07876490487272378,1.627906976744186,0.011180154027014708,-969.3680189545962,0.4377094121230582,0.540983606557377,-0.9812599058500697,-0.9659778228879012,-0.9544163462509662,0.1191588785046729,0.5585284280936454,0.5101496085952044,-0.9718733912055528,-0.9566348096348095,-0.9642934212252393,Oil & Gas Equipment & Services,Energy,TDW
2012Q4,2012,Q4,2013-02-01,2012-12-31,29900000.0,309500000.0,44583000.0,0.61,128400000.0,0.4148626817,4055700000.0,2526300000.0,490000000.0,263900000.0,1529400000.0,61300000.0,2419600000.0,71199740820.0,72075540820.0,51.13967611336032,1.856763925729443,0.2293069013980324,0.36812730079563,0.010312345231469898,51.13967611336032,0.011835490638483158,230.0476278513732,595.3155586956522,28.183406887543047,0.4113712374581939,2.9543230016313213,0.0001727534378403935,0.0763123505190226,1.577112542629784,0.007372340163227063,-709.0054053892571,0.4148626817447496,-0.7276785714285715,-0.9884905216060285,-0.9661018150331024,-0.9534346816321839,0.2633567506936655,-0.2770093819518329,-0.22053604210011016,-0.983832703628855,-0.9650111989599451,-0.966169072280916,Oil & Gas Equipment & Services,Energy,TDW
2012Q3,2012,Q3,2012-11-06,2012-09-30,41356000.0,311918000.0,57197000.0,2.24,101634000.0,0.3258356363,4022100000.0,2520300000.0,541800000.0,263400000.0,1501800000.0,56100000.0,2422000000.0,28583274283.2042,29336574283.2042,136.55584095218805,2.0569476082004554,0.22127744213221948,0.3531325635837004,0.012596773565939592,136.55584095218805,0.016409157639963496,91.63714272085677,172.78795267436527,11.34121901488085,0.3020601605571138,3.748377896613191,0.00043703880375036027,0.07755103055617713,1.7843583902809415,0.010282190895303448,-811.6789516741219,0.3258356362890247,0.2584269662921349,-0.9533173683157866,-0.9046369129855241,-0.8712884150840768,0.08346036991631577,0.25870465059654246,0.15579849253339262,-0.9634905691105133,-0.9084915968937985,-0.90775980684616,Oil & Gas Equipment & Services,Energy,TDW
2012Q2,2012,Q2,2012-08-08,2012-06-30,32856000.0,294448000.0,49487000.0,1.78,93805000.0,0.3185791719,4042300000.0,2486100000.0,639600000.0,321200000.0,1556200000.0,55800000.0,2393200000.0,27600929018.4054,28310329018.4054,134.7028037103657,1.9912826899128269,0.2201716844370779,0.3579904267728571,0.011140257596880237,134.7028037103657,0.01321588029443707,93.73787228442849,210.0143734660747,11.102099279355377,0.38245678110542974,3.595752688172043,0.0004552745304920893,0.0728416990327289,1.7546699875466998,0.008128045914454643,-3304.7089341960486,0.31857917187415097,-0.9154795821462488,-0.9634202165240839,-0.9059999810870699,-0.8711662876308935,-0.21039562289562289,-0.025044510385756676,-0.07766429343571762,-0.9359922290638653,-0.9218425371765662,-0.905475862489985,Oil & Gas Equipment & Services,Energy,TDW
2012Q1,2012,Q1,2012-05-21,2012-03-31,33700000.0,289400000.0,53653999.99999999,21.06,118800000.0,0.4105044921,4061600000.0,2526400000.0,694100000.0,238900000.0,1535300000.0,53900000.0,2437800000.0,2788128960.0,3417428960.0,1579.0,2.905399748848891,0.23389797124285996,0.3760291323622546,0.011233659954079751,1579.0,0.01333913869537682,9.634170559778854,20.683449258160238,1.103597593413553,0.3738872403560829,3.165120593692022,0.004519159687649453,0.0712527082922986,2.6379238174968607,0.00829722276935198,606.2467840834935,0.4105044920525225,-0.011731581417175035,-0.567208904109589,0.10928449744463381,0.5069989395546128,0.03937007874015748,-0.011730205278592375,0.23835022041683,-0.6927985414767548,-0.15281030444964872,0.12549561188577538,Oil & Gas Equipment & Services,Energy,TDW
2011Q4,2011,Q4,2012-02-03,2011-12-31,34100000.0,272100000.0,43327000.0,21.31,114300000.0,0.4200661521,3877900000.0,2501200000.0,538400000.0,206800000.0,1376600000.0,52500000.0,2416800000.0,2544516160.0,3181216160.0,1563.25,2.6034816247582206,0.2127440109337528,0.32984167599552217,0.011908465617762494,1563.25,0.013633455941148249,9.351400808526277,18.65481055718475,1.0173181512873821,0.3753665689149561,3.005714285714286,0.005030425902266623,0.07016684287887774,2.2988394584139265,0.008793419118595117,-35.61204405816573,0.42006615214994486,7.964052287581699,-0.5892665952890792,0.06325981243487314,0.5698783753626422,0.3047945205479452,7.959183673469388,117.37978142076503,-0.7085470085470086,-0.24896494617720122,0.1667133128090307,Oil & Gas Equipment & Services,Energy,TDW
2011Q3,2011,Q3,2011-11-04,2011-09-30,-4900000.0,250900000.0,366000.0,-3.06,87600000.0,0.3491430849,3896200000.0,2512600000.0,658000000.0,211900000.0,1383600000.0,53500000.0,2430500000.0,2170322560.0,2693122560.0,1570.375,3.1052383199622464,0.21174477696216826,0.3283451404919207,0.00012212095790115922,1570.375,-0.0019501711374671656,8.650149701076126,-110.73074285714287,0.863775595001194,-2.6530612244897958,3.052336448598131,0.005989893041520978,0.06439607823007032,2.7829164700330344,-0.0012576356449874237,-87.84597101918563,0.34914308489438023,-1.198959687906372,-1.0529030710172744,0.030155109489051053,0.6660821643286573,-0.13353115727002968,-1.1991869918699187,-0.9898223074997914,-1.051362683438155,-0.2765282583621684,0.2302795867404397,Oil & Gas Equipment & Services,Energy,TDW
2011Q2,2011,Q2,2011-08-04,2011-06-30,24600000.0,254600000.0,35961000.0,15.38,101100000.0,0.39709348,3776900000.0,2528100000.0,563600000.0,193200000.0,1248800000.0,55200000.0,2448300000.0,2777290400.0,3280890400.0,1580.0625,2.917184265010352,0.18533718128624005,0.27688778133776354,0.008590712880884638,1580.0625,0.00973062774415569,10.90844619010212,28.224495934959346,1.0985682528380998,0.524390243902439,2.7807971014492754,0.004644814960653737,0.06740978050782388,2.5367494824016563,0.00651327808520215,-64.36064145346681,0.3970934799685782,1.0506666666666669,-0.612937062937063,0.06161971830985918,0.7365444498717791,0.019153225806451613,1.05,0.21227750809061488,-0.7095631641086186,-0.25139664804469275,0.29142827952595013,Oil & Gas Equipment & Services,Energy,TDW
2011Q1,2011,Q1,2011-05-19,2011-03-31,12000000.0,254000000.0,29664000.0,7.5,99200000.0,0.3905511811,3748100000.0,2513900000.0,579100000.0,183600000.0,1234200000.0,50700000.0,2436700000.0,3089032320.0,3543332320.0,1571.1875,3.1541394335511983,0.18676129238814332,0.27845180794781016,0.004377821781301503,1571.1875,0.004773459564819603,12.161544566929134,64.35484,1.2287809061617407,1.075,3.0532544378698225,0.004176065079176639,0.06776766895226916,2.8224400871459694,0.0032016221552253143,-51.01706584749541,0.3905511811023622,-0.6511627906976745,-0.7797527047913447,0.2236308316430021,0.7993226749442469,-0.08571428571428572,-0.6511627906976745,-0.3813039669628331,-0.8507025761124122,-0.18565178032589014,0.3838758354489406,Oil & Gas Equipment & Services,Energy,TDW
2010Q4,2010,Q4,2011-02-04,2010-12-31,34400000.0,271800000.0,47945999.99999999,21.5,108500000.0,0.3991905813,3755500000.0,2506100000.0,653000000.0,198600000.0,1249400000.0,49200000.0,2437600000.0,2778838720.0,3170838720.0,1566.3125,3.288016112789527,0.1863932898415657,0.279318462950401,0.011612615145381372,1566.3125,0.013726507322133994,10.223836350257542,20.195048837209303,1.1088299429392283,0.37209302325581395,3.319105691056911,0.0046062406961135186,0.07237385168419651,2.972306143001007,0.009159898815071229,-52.95345999199649,0.39919058130978663,0.772464962901896,-0.35607321131447583,0.30338874680306893,0.7709563442211055,0.11855670103092783,0.7731958762886598,0.5325065524515755,-0.5911633109619686,-0.0808800127307447,0.4262084895554365,Oil & Gas Equipment & Services,Energy,TDW
2010Q3,2010,Q3,2010-11-03,2010-09-30,19400000.0,267100000.0,31286000.0,12.13,97000000.0,0.3631598652,3428600000.0,2479800000.0,415400000.0,214200000.0,948800000.0,48500000.0,2416100000.0,2312774240.0,2651074240.0,1549.875,1.9393090569561158,0.11374905209123257,0.1572707476409388,0.007145101928187858,1549.875,0.007823211549318494,8.658832796705354,29.803791752577318,0.9326454714089846,0.6649484536082474,3.507216494845361,0.0055777169154218875,0.07790351747068774,1.6475256769374416,0.0056582861809484925,-15.447845840430151,0.3631598652190191,-0.5136327185244587,-0.7344890510948905,0.47009540117416826,0.8166145731588201,-0.09683426443202979,-0.5137844611528822,-0.37268662402502356,-0.7473958333333334,-0.0580329153605016,0.4608446352830289,Oil & Gas Equipment & Services,Energy,TDW
2010Q2,2010,Q2,2010-08-05,2010-06-30,39900000.0,262500000.0,49873000.0,24.94,107400000.0,0.4091428571,3323500000.0,2474100000.0,498600000.0,205200000.0,849300000.0,45900000.0,2409500000.0,1998451680.0000002,2175551680.0,1546.3125,2.4298245614035086,0.09026628554234993,0.12125621438098702,0.01466923335330333,1546.3125,0.016127076512671274,7.613149257142858,12.521627067669174,0.8077489511337457,0.3233082706766917,3.3790849673202614,0.006454997200632842,0.07898299984955619,2.1228070175438596,0.012005415977132542,-22.620225471997106,0.40914285714285714,-0.254855094114132,0.5532006920415223,0.5364854318418315,0.9009442016118017,-0.048715677590788306,-0.29876977152899825,-0.3186748633879781,-0.48758561643835613,-0.03334697217675945,0.4789386291179595,Oil & Gas Equipment & Services,Energy,TDW
2010Q1,2010,Q1,2010-05-20,2010-03-31,56900000.0,260000000.0,73200000.0,33.47,112900000.0,0.4342307692,3293400000.0,2464000000.0,585600000.0,204700000.0,829300000.0,44200000.0,2402600000.0,2592225790.0,2669125790.0,1449.4117647058824,2.860771861260381,0.08350033400133601,0.11160714285714286,0.02560028912712374,1449.4117647058824,0.023092532467532467,9.970099192307693,11.389392750439368,1.0520396875,0.2267135325131811,3.328054298642534,0.004976418354359481,0.07894577032853586,2.612115290669272,0.017276978198821888,-21.77243230304049,0.43423076923076925,-0.10603632478632476,0.1497530309833857,0.5328180269880781,0.8083740046236836,-0.1158966327329679,-0.05008347245409015,-0.02529960053262317,-0.3122481869460113,-0.062030263553462216,0.38331981785290997,Oil & Gas Equipment & Services,Energy,TDW
2009Q4,2009,Q4,2010-02-02,2009-12-31,59900000.0,286500000.0,75100000.0,37.44,127700000.0,0.4457242583,3301700000.0,2418600000.0,691900000.0,260400000.0,883100000.0,46100000.0,2358600000.0,2474838720.0,2438238720.0,1511.625,2.6570660522273424,0.08329042614410759,0.11370214173488795,0.023588503991046363,1511.625,0.024766393781526504,8.638180523560209,10.32904307178631,1.0232525924088316,0.21535893155258762,3.4446854663774404,0.005212460875026231,0.08677348032831572,2.432411674347158,0.01814216918557107,57.395549989563804,0.4457242582897033,-0.3900293255131965,2.4206852791878175,0.7180836886993602,0.9486679080426844,-0.06856309263311451,-0.390020366598778,-0.046954314720812185,-0.27850642398286934,0.11952935046891273,0.5180344789109573,Oil & Gas Equipment & Services,Energy,TDW
2009Q3,2009,Q3,2009-10-29,2009-09-30,98200000.0,295500000.0,78800000.0,61.38,137100000.0,0.4639593909,3233200000.0,2368700000.0,685500000.0,246300000.0,864500000.0,43300000.0,0.0,2430451680.0,2434751680.0,1480.4375,2.7831912302070645,0.08505505381665224,0.11609743741292693,0.038819879982931245,1480.4375,0.04145733946890699,8.224878781725888,6.187504276985743,1.0260698611052477,0.13238289205702647,3.6581986143187066,0.005348800022224674,0.09139552146480268,2.553796183516037,0.030372386490164542,-93.62294607087827,0.4639593908629442,1.207119741100324,5.77760736196319,0.9930305755395682,0.9286295867409713,-0.1333754740834387,1.2067415730337079,0.1588235294117647,0.06022072936660274,0.21327554744525543,0.5706633855947189,Oil & Gas Equipment & Services,Energy,TDW
2009Q2,2009,Q2,2009-07-29,2009-06-30,44500000.0,326600000.0,68000000.0,27.81,158200000.0,0.4843845683,3180600000.0,2280100000.0,713800000.0,231300000.0,900500000.0,47600000.0,0.0,2212645120.0,2197745120.0,1425.0625,3.086035451794207,0.09432182607055273,0.13157317661506074,0.018886034763410598,1425.0625,0.019516687864567343,6.7747860379669325,12.430590561797752,0.9704158238673742,0.2898876404494382,3.53781512605042,0.005830126071007718,0.10268502798214174,2.8067444876783396,0.013991070867131987,-101.62801396288812,0.48438456827924065,-0.594369894982497,2.9111328125,1.3240037950664139,0.8709792122538295,-0.15851063829787235,-0.5943482224247949,-0.5054545454545455,-0.2998251748251748,0.3618421052631579,0.5661939797289046,Oil & Gas Equipment & Services,Energy,TDW
2009Q1,2009,Q1,2009-05-14,2009-03-31,109700000.0,341600000.0,137500000.0,68.56,188000000.0,0.5503512881,3073800000.0,2244700000.0,634500000.0,203400000.0,829100000.0,48700000.0,2194800000.0,1916387040.0,1965587040.0,1402.9375,3.1194690265486726,0.09759906304899472,0.13364814897313673,0.044769758411446245,1402.9375,0.048870673141177,5.610032318501171,4.367336007292616,0.8537386020403618,0.11759343664539652,3.154004106776181,0.006731416843645529,0.11113279979178867,2.848574237954769,0.03568872405491574,36.4117542892972,0.550351288056206,-0.06249145357582379,18.630357142857143,1.4922178988326846,0.8485378083595637,-0.008438818565400843,-0.062393162393162394,-0.07219973009446694,1.0134273570324575,0.6456389452332658,0.6066429088059792,Oil & Gas Equipment & Services,Energy,TDW
2008Q4,2008,Q4,2009-01-28,2008-12-31,117000000.0,362300000.0,148200000.0,73.13,189600000.0,0.5233232128,2970500000.0,2143800000.0,592800000.0,198700000.0,826700000.0,51100000.0,0.0,2078451680.0000002,2176551680.0,1339.875,2.9833920483140415,0.100993098804915,0.1399384270920795,0.05089857588253963,1339.875,0.054575986565911,5.736824951697489,4.441136068376069,0.9695175296203005,0.1094017094017094,3.379647749510763,0.0061584303946868755,0.121965998990069,2.6839456467035734,0.03938730853391685,33.1285433303049,0.523323212807066,0.22639610934093565,6.153532608695652,1.406065525383707,0.7508348457350271,0.1146384479717813,0.22641509433962265,0.18370607028753994,1.1900998336106492,0.7373721227621483,0.5149340452261306,Oil & Gas Equipment & Services,Energy,TDW
2008Q3,2008,Q3,2008-10-27,2008-09-30,95400000.0,346800000.0,125200000.0,59.63,170100000.0,0.4904844291,2867000000.0,2042300000.0,548500000.0,197600000.0,824700000.0,54700000.0,0.0,2857290400.0,3012690400.0,1276.4375,2.7758097165991904,0.10463899546564354,0.14689320863732067,0.04336135683834222,1276.4375,0.046712040346667975,8.239014994232987,7.487658280922432,1.3990551828820448,0.13522012578616352,3.2303473491773307,0.004514766857439482,0.12096267875828393,2.4392712550607287,0.03327520055807464,-107.87112654787067,0.49048442906574397,0.12636947487721958,7.725609756097561,1.3760657734470156,0.6808746067744531,0.11249182472204054,0.12632821723730814,0.17228464419475656,0.3056569343065694,0.908757338551859,0.4961174057433093,Oil & Gas Equipment & Services,Energy,TDW
2008Q2,2008,Q2,2008-08-01,2008-06-30,84700000.0,340100000.0,106800000.0,52.94,152900000.0,0.4495736548,2801900000.0,1957600000.0,578000000.0,216800000.0,844400000.0,47800000.0,0.0,3356387040.0,3481487040.0,1223.5,2.6660516605166054,0.10707020236268247,0.15324887617490804,0.039244782321080134,1223.5,0.04326726604004904,9.868823992943252,9.906691381345926,1.7145418062934206,0.15230224321133412,3.916317991631799,0.003843418487279107,0.12138191941182769,2.385608856088561,0.030229487133730682,-86.82481930827535,0.4495736548074096,0.05374203821656042,4.29375,1.3216777912621358,0.6164856136230181,-0.0550061804697157,-0.00819672131147541,-0.030852994555353903,2.297145328719723,0.9906997918834548,0.5040978008468788,Oil & Gas Equipment & Services,Energy,TDW
2008Q1,2008,Q1,2008-05-30,2008-03-31,85400000.0,331400000.0,110200000.0,50.24,161800000.0,0.4882317441,2751800000.0,1930100000.0,630600000.0,198900000.0,821700000.0,46400000.0,0.0,3022161230.0,3062061230.0,1135.3529411764705,3.170437405731523,0.10901955083945054,0.15543236101756386,0.040421705055577975,1135.3529411764705,0.044246412102999844,9.119376071213036,8.847076200234191,1.5658055178488162,0.09016393442622954,3.6551724137931036,0.0025478455363547904,0.12043026382731303,2.9110105580693815,0.03103423213896359,42.334896129547396,0.48823174411587206,-0.04468530138809662,3.8877583465818755,1.2800137598899208,0.5122356771626807,-0.011606597434331093,-0.0447427293064877,-0.026501766784452298,0.7256398742703188,0.9537534390148042,0.41653517302117343,Oil & Gas Equipment & Services,Energy,TDW
2007Q4,2007,Q4,2008-02-07,2007-12-31,89400000.0,314200000.0,113200000.0,52.59,163700000.0,0.5210057288,2710700000.0,1867000000.0,600300000.0,219600000.0,843700000.0,44200000.0,0.0,3008451580.0,3116051580.0,1098.235294117647,2.7336065573770494,0.1106725200132807,0.16068559185859668,0.04336200258884534,1098.235294117647,0.04788430637386181,9.574957288351369,8.412895917225951,1.6113827423674345,0.09172259507829977,3.4049773755656108,0.0027256546372602746,0.11591101929390932,2.501366120218579,0.03298041096395765,52.46323207310267,0.5210057288351368,0.09562500000000007,3.0109670987038886,1.0397446532260972,0.4765637357422801,0.041348600508905854,0.034722222222222224,0.009812667261373774,3.8050164228127796,0.7733600903047784,0.41575845406557677,Oil & Gas Equipment & Services,Energy,TDW
2007Q3,2007,Q3,2007-11-08,2007-09-30,86400000.0,319000000.0,112100000.0,48.0,157200000.0,0.4927899687,2744400000.0,1909700000.0,666700000.0,214100000.0,834700000.0,40400000.0,0.0,3669677460.0,3701977460.0,1060.9444444444443,3.113965436711817,0.10931351114997814,0.15709273707912239,0.041585835232770055,1060.9444444444443,0.04524270827878724,11.503691097178683,10.618279687500001,1.921598921296539,0.09606481481481481,4.0049504950495045,0.002261779159196187,0.11623670018947675,2.8822979915927136,0.031482291211193704,-654.1314545454545,0.4927899686520376,-0.01376618039860287,2.6923076923076925,1.0113493064312737,0.4437892190216978,0.01288659793814433,-0.0136986301369863,-0.014072119613016711,4.300613496932515,0.9124700239808153,0.3821379460085401,Oil & Gas Equipment & Services,Energy,TDW
2007Q2,2007,Q2,2007-08-09,2007-06-30,87600000.0,305500000.0,113700000.0,48.67,155200000.0,0.5080196399,2703100000.0,1882000000.0,687100000.0,193400000.0,821100000.0,41900000.0,0.0,4115612880.0,4098812880.0,1045.5555555555557,3.5527404343329887,0.11460915245458918,0.16461211477151966,0.042037603956349284,1045.5555555555557,0.046546227417640806,13.471727921440262,11.745470547945205,2.1868293730074386,0.09703196347031963,3.587112171837709,0.0020653060061372928,0.11301838629721431,3.2766287487073424,0.032407236136287966,426.17923578751163,0.5080196399345336,0.0,2.808695652173913,0.9058016219588272,0.4430302100904771,-0.007037747920665387,0.0,-0.03151618398637138,5.843750000000001,0.9323213156230236,0.3727206418672504,Oil & Gas Equipment & Services,Energy,TDW
2007Q1,2007,Q1,2007-05-25,2007-03-31,87600000.0,293500000.0,117400000.0,48.67,156300000.0,0.5325383305,2649300000.0,1886000000.0,731500000.0,146700000.0,763300000.0,44900000.0,0.0,3401419320.0,3329519320.0,1047.7777777777778,4.986366734832992,0.12067338542256445,0.16951219512195123,0.0422717519444285,1047.7777777777778,0.046447507953340406,11.589162930153321,9.70724691780822,1.8035097136797453,0.09589041095890409,3.0556792873051224,0.0024695573258518445,0.11078398067414034,4.639400136332652,0.03306533801381497,84.26028834720562,0.5325383304940374,-0.062054345731354765,2.095406360424028,0.7325855962219596,0.46679110281536784,-0.00698856416772554,-0.06209850107066381,-0.017573221757322177,13.514285714285712,0.9033722438391697,0.3805724324720006,Oil & Gas Equipment & Services,Energy,TDW
