Quarters,Year,Quarter,FillingDate,Date,NetIncome,Revenue,OperatingIncome,EPSDiluted,GrossProfit,GrossProfitRatio,TotalAssets,CommonStockEquity,CurrentAssets,CurrentLiability,TotalLiability,Inventory,RetainedEarnings,MarketCap,EnterpriseValue,bookValuePerShare,currentRatio,debtToAssets,debtToEquity,roic,shareholdersEquityPerShare,roe,priceToSalesRatio,peRatio,pbRatio,payoutRatio,inventoryTurnover,dividendYield,assetTurnover,quickRatio,returnOnAssets,priceToFreeCashFlowsRatio,grossProfitMargin,epsdilutedGrowth,fiveYNetIncomeGrowthPerShare,fiveYRevenueGrowthPerShare,fiveYShareholdersEquityGrowthPerShare,grossProfitGrowth,netIncomeGrowth,operatingIncomeGrowth,threeYNetIncomeGrowthPerShare,threeYRevenueGrowthPerShare,threeYShareholdersEquityGrowthPerShare,Industry,Sector,Symbol
2024Q1,2024,Q1,2023-06-01,2023-04-30,-19295000.0,103095000.0,-20179000.0,-0.14,65749000.0,0.6377515883,673163000.0,103683000.0,515146000.0,304070000.0,569480000.0,12816000.0,-780712000.0,1055472500.0,1080574500.0,0.7613114031867244,1.694169105798007,0.39142080001426105,2.541303781719279,-0.049435663446102875,0.7613114031867244,-0.18609608132480734,10.237863135942577,-13.675466442083442,10.179802860642535,0.0,2.9140137328339577,0.0,0.1531501285721289,1.5767849508336895,-0.028663191530134604,81.59187538651824,0.6377515883408507,0.4166666666666666,0.6729923941893872,-0.34333587574300384,-0.8016264547988569,0.011896700320118197,0.39434364994663823,0.14817003672590653,0.06721431697899051,0.1794571070094014,-0.45835130256797896,Software—Infrastructure,Technology,ZUO
2023Q4,2023,Q4,2023-04-03,2023-01-31,-31858000.0,103041000.0,-23689000.0,-0.24,64976000.0,0.6305839423,668598000.0,173160000.0,518552000.0,235619000.0,495438000.0,16282000.0,-685417000.0,1064044080.0,1118372080.0,1.2888819418082755,2.200807235409708,0.3852344757238281,1.4874509124509125,-0.07043384634196823,1.2888819418082755,-0.183980133980134,10.326414534020438,-8.349897043128884,6.144860706860706,0.0,2.337857757032306,0.0,0.15411502876167743,2.028635211931126,-0.047648960960098595,-52.86387519872814,0.6305839423142244,0.14285714285714296,0.2299965574344068,-0.30893693974362924,1.169532544813855,0.06882484537439136,0.1397634606037695,0.30164205064709176,-0.12973562486613063,0.23293190494062174,-0.1142307402873547,Software—Infrastructure,Technology,ZUO
2023Q3,2023,Q3,2022-12-08,2022-10-31,-37034000.0,101072000.0,-33921000.0,-0.28,60792000.0,0.6014722178,666193000.0,183904000.0,511709000.0,228398000.0,482289000.0,30908000.0,-653559000.0,1019532510.0,1095403510.0,1.3871276748202959,2.240426798833615,0.38747329977949335,1.4036236297198539,-0.06955513408774804,1.3871276748202959,-0.20137680528971638,10.087190418711414,-6.882408800021603,5.543829987384723,0.0,1.3032224666752945,0.0,0.15171579407168792,2.0859946234205204,-0.055590497048152714,-140.66397764900663,0.6014722178249169,-0.21739130434782614,-0.1931648009176314,-0.2719421021992265,0.0,0.011076738848418321,-0.23818121029755934,-0.12358396820139118,-0.7129718546685109,0.18707010547773154,-0.0751958441572657,Software—Infrastructure,Technology,ZUO
2023Q2,2023,Q2,2022-09-01,2022-07-31,-29910000.0,98775000.0,-30190000.0,-0.23,60126000.0,0.6087167806,660931000.0,192665000.0,551020000.0,214509000.0,468266000.0,30515000.0,-616525000.0,1120408000.0,1171758000.0,1.478853239177157,2.568750029136307,0.39079117184698553,1.3405963719409337,-0.06112349552802504,1.478853239177157,-0.15524355747022034,11.343032143761073,-9.364827816783684,5.815316741494303,0.0,1.2665574307717515,0.0,0.14944827826202736,2.4070598436429242,-0.04525434576377867,-146.99658882183155,0.608716780561883,-0.2777777777777779,0.31511231985047017,-0.1483038767635236,0.0,0.05550874236359806,-0.29100483425414364,-0.2762629465229338,-0.2199428103296425,0.20244835325897054,-0.050298613445918725,Software—Infrastructure,Technology,ZUO
2023Q1,2023,Q1,2022-06-03,2022-04-30,-23168000.0,93199000.0,-23655000.0,-0.18,56964000.0,0.6112082748,669319000.0,188856000.0,558373000.0,226824000.0,480463000.0,27909000.0,-586615000.0,1563321690.0,1471822690.0,1.4701884677362853,2.461701583606673,0.38715022283843725,1.372087728216207,-0.047752687114127064,1.4701884677362853,-0.12267547761257254,16.774017854268823,-16.869407048515193,8.277850266869995,0.0,1.2983267046472464,0.0,0.13924451569431018,2.3227656685359572,-0.03461428705893602,420.24776612903224,0.6112082747668967,0.3571428571428572,0.01735237828454307,-0.006722158769488936,0.0,0.03582208968251082,0.3414814393724063,0.3080905580905581,0.04688577305873359,0.23153621435867422,-0.08168810952002767,Software—Infrastructure,Technology,ZUO
2022Q4,2022,Q4,2022-03-28,2022-01-31,-35182000.0,90692000.0,-34188000.0,-0.28,54994000.0,0.6063820403,441252000.0,170607000.0,328335000.0,219297000.0,270645000.0,0.0,-563447000.0,2113706259.9999998,2058954259.9999998,1.3422841497380058,1.4972161041874719,0.13315520382910445,0.3443879793912325,-0.12005068430744198,1.3422841497380058,-0.20621662651591083,23.306424601949452,-15.019798902848045,12.389329042770811,0.0,0.0,0.0,0.20553334602449394,1.368969935749235,-0.07973221651119995,276.8805685093005,0.6063820403122657,-0.5555555555555558,0.1011717019412099,-0.35707746658100714,1.2594227235108426,0.027253198841879146,-0.5370702083970467,-0.5844649395189322,-0.4388926815524831,0.19663192296454918,-0.057436529391519976,Software—Infrastructure,Technology,ZUO
2022Q3,2022,Q3,2021-12-08,2021-10-31,-22889000.0,89230000.0,-21577000.0,-0.18,53535000.0,0.599966379,429219000.0,179723000.0,305373000.0,195222000.0,249496000.0,0.0,-528265000.0,2725570980.0,2671314980.0,1.4361640070001038,1.5642345637274488,0.14516831733916719,0.3466946356337252,-0.07350254386429579,1.4361640070001038,-0.12735709953650895,30.545455340132243,-29.76944143475032,15.165398863807082,0.0,0.0,0.0,0.20788921273289393,1.4121922734118082,-0.05332708943453109,-1646.8706827794563,0.5999663790205088,0.05263157894736847,0.21872892143701464,-0.3190408361885966,0.0,0.060203980592137836,0.033934073354999365,0.06195113468394053,-0.08429564043854233,0.22680731536290474,-0.027397238857465773,Software—Infrastructure,Technology,ZUO
2022Q2,2022,Q2,2021-09-03,2021-07-31,-23693000.0,86487000.0,-23002000.0,-0.19,50495000.0,0.5838449709204852,413625000.0,177342000.0,289071000.0,179536000.0,236283000.0,0.0,-505376000.0,2128986860.0,2089956860.0,1.4402358406289084,1.610100481240531,0.15849864007252948,0.36967554217275095,-0.0762872018601205,1.4402358406289084,-0.13360061350385133,24.616264409680067,-22.464302325581393,12.004978290534671,0.0,0.0,0.0,0.20909519492293743,1.449998886017289,-0.05728135388334844,-373.24454067321176,0.5838449709204852,-0.2666666666666667,0.4259856393297291,-0.21097960884801603,0.0,0.060641068727944884,-0.3415435139573071,-0.32127060715721756,-0.03292050556665896,0.2787437744634662,-0.049055632452936634,Software—Infrastructure,Technology,ZUO
2022Q1,2022,Q1,2021-06-04,2021-04-30,-17661000.0,80329000.0,-17409000.0,-0.15,47608000.0,0.5926626747500903,414127000.0,171507000.0,286632000.0,182440000.0,242620000.0,0.0,-481683000.0,1965934800.0,1934275800.0,1.4132785075069632,1.5711028283271213,0.16771908134461166,0.4049805547295446,-0.05822429417184301,1.4132785075069632,-0.10297538875964246,24.473537576715756,-27.82875828095804,11.462708810719095,0.0,0.0,0.0,0.19397189750970112,1.4218427976320982,-0.04264633795912848,237.25981173063,0.5926626747500903,0.06250000000000006,0.20708208053610336,-0.09377605263016446,0.0,0.009606616477573958,0.0601351710925443,0.06634130644642283,0.6640926663700297,-0.4257920889950353,-0.6317445571980034,Software—Infrastructure,Technology,ZUO
2021Q4,2021,Q4,2021-03-31,2021-01-31,-18791000.0,79287000.0,-18646000.0,-0.16,47155000.0,0.5947381033460719,421507000.0,171913000.0,293740000.0,187997000.0,249594000.0,0.0,-464022000.0,1707404480.0,1682577480.0,1.4337792530566629,1.5624717415703442,0.1643697494940772,0.40301198862215193,-0.06377685202945828,1.4337792530566629,-0.10930528813993125,21.534482071461905,-22.715721355968284,9.931793872482013,0.0,0.0,0.0,0.188103637662008,1.4237248466730852,-0.044580517049538915,826.8302566585957,0.5947381033460719,-0.14285714285714277,0.4911004552775227,-0.40417652408478766,1.4134334190617779,0.07219190541155071,-0.12031240684433316,-0.1647198450871385,0.4911004552775227,-0.40417652408478766,1.4134334190617779,Software—Infrastructure,Technology,ZUO
2021Q3,2021,Q3,2020-12-08,2020-10-31,-16773000.0,77246000.0,-16009000.0,-0.14,43980000.0,0.5693498692488932,395334000.0,168291000.0,266486000.0,161973000.0,227043000.0,0.0,-445231000.0,1139585200.0,1051941200.0,1.420656761776127,1.6452495168947912,0.041491498327996076,0.09746807613003666,-0.06572267915862048,1.420656761776127,-0.09966664884040145,14.752675866711545,-16.985411077326653,6.771516005015122,0.0,0.0,0.0,0.19539427420864383,1.48422267908849,-0.042427415805369635,-1491.603664921466,0.5693498692488932,0.1764705882352941,0.39519751304304906,-0.3772495239049615,0.0,0.04929140621272129,0.16643474803697444,0.2555338541666667,0.39519751304304906,-0.3772495239049615,0.0,Software—Infrastructure,Technology,ZUO
2021Q2,2021,Q2,2020-09-04,2020-07-31,-20122000.0,74989000.0,-21504000.0,-0.17,41914000.0,0.5589353105122085,386570000.0,169472000.0,254734000.0,152055000.0,217098000.0,0.0,-428458000.0,1359994320.0,1257624320.0,1.450486999092761,1.6752753937719904,0.04198463408955687,0.09576803247734139,-0.08783429638299083,1.450486999092761,-0.11873347809667674,18.13591753457174,-16.896858165192327,8.024890955438067,0.0,0.0,0.0,0.19398556535685646,1.5201670448193088,-0.05205266833949867,-1373.7316363636364,0.5589353105122085,-0.13333333333333347,0.4862312066242205,-0.2790106827376419,0.0,0.007523857599576933,-0.15061756633119855,-0.2147093712930012,0.4862312066242205,-0.2790106827376419,0.0,Software—Infrastructure,Technology,ZUO
2021Q1,2021,Q1,2020-06-08,2020-04-30,-17488000.0,73898000.0,-17703000.0,-0.15,41601000.0,0.5629516360388643,392171000.0,161833000.0,257587000.0,161661000.0,230338000.0,0.0,-408336000.0,1217019230.0,1148016230.0,1.4055446026107574,1.5933774998298909,0.04001060761759539,0.09695797519665333,-0.0731905925580332,1.4055446026107574,-0.10806201454585901,16.468906195025575,-17.3979190016011,7.520216704874779,0.0,0.0,0.0,0.18843310698649313,1.4606553219391196,-0.044592792429832905,-561.0969248501614,0.5629516360388643,0.2857142857142857,0.17246812789327942,-0.12132655561987354,0.0,0.1477404403244496,0.26372515998652746,0.27592130557487016,0.17246812789327942,-0.12132655561987354,0.0,Software—Infrastructure,Technology,ZUO
2020Q4,2020,Q4,2020-03-31,2020-01-31,-23752000.0,70393000.0,-24449000.0,-0.21,36246000.0,0.5149091528987257,402227000.0,164659000.0,266784000.0,165620000.0,237568000.0,0.0,-390848000.0,1669110000.0,1631116000.0,1.4550989749027925,1.6108199492814876,0.04047714350354402,0.09887707322405699,-0.09704800370452656,1.4550989749027925,-0.14424963105569694,23.711306521955308,-17.568099528460763,10.136767501320913,0.0,0.0,0.0,0.17500814216847702,1.4820613452481584,-0.059051232264368134,-367.8884725589597,0.5149091528987257,-0.31249999999999994,0.3184215619854993,-0.4394961656137429,1.4493202050358787,-0.0339809706564324,-0.3024071941657071,-0.2863832473955593,0.3184215619854993,-0.4394961656137429,1.4493202050358787,Software—Infrastructure,Technology,ZUO
2020Q3,2020,Q3,2019-12-16,2019-10-31,-18237000.0,71822000.0,-19006000.0,-0.16,37521000.0,0.5224165297541143,331289000.0,167743000.0,255609000.0,144561000.0,163546000.0,0.0,-367096000.0,1593648750.0,1540661750.0,1.4999150534269237,1.768173988835163,0.03511737486001648,0.06935609831706838,-0.10845939127651613,1.4999150534269237,-0.10871988696994808,22.188866224833617,-21.846366589899656,9.50053802543176,0.0,0.0,0.0,0.2167956074605556,1.62604713581118,-0.0550486131444147,-310.8345523698069,0.5224165297541143,0.15789473684210525,0.3034533535003533,-0.3866765792170551,0.0,0.041353279120757126,0.12376879834718685,0.10882918366390022,0.3034533535003533,-0.3866765792170551,0.0,Software—Infrastructure,Technology,ZUO
2020Q2,2020,Q2,2019-09-16,2019-07-31,-20813000.0,69733000.0,-21327000.0,-0.19,36031000.0,0.5166994106090373,313661000.0,172216000.0,245565000.0,127894000.0,141445000.0,0.0,-348859000.0,1660030950.0,1616216950.0,1.557177087571771,1.920066617667756,0.04060753488639009,0.0739594462767687,-0.1156159003180444,1.557177087571771,-0.12085404375900033,23.80552894612307,-19.93983267669245,9.639237643424536,0.0,0.0,0.0,0.22231963808060295,1.76342908971492,-0.06635507761564237,-144.2000477762335,0.5166994106090373,0.0,0.43859033853852103,-0.2916983744639491,0.0,0.12323087474281438,-0.010732323232323232,-0.021261313029737106,0.43859033853852103,-0.2916983744639491,0.0,Software—Infrastructure,Technology,ZUO
2020Q1,2020,Q1,2019-06-11,2019-04-30,-20592000.0,64109000.0,-20883000.0,-0.19,32078000.0,0.500366563197055,323229000.0,174219000.0,256175000.0,134214000.0,149010000.0,0.0,-328046000.0,2404944100.0,2355803100.0,1.6009685630530872,1.9087055001713682,0.04166395960758471,0.07729926127460265,-0.11259984960262452,1.6009685630530872,-0.11819606357515541,37.513361618493505,-29.197553661616162,13.804143635309583,0.0,0.0,0.0,0.19833925792549556,1.7618653791705783,-0.06370715498918723,-626.6138874413757,0.500366563197055,0.0,-0.03098620704568546,-0.1934643661715111,0.0,-0.007272614737102714,0.003628973726230222,-0.007964089197799016,-0.03098620704568546,-0.1934643661715111,0.0,Software—Infrastructure,Technology,ZUO
2019Q4,2019,Q4,2019-04-18,2019-01-31,-20667000.0,64061000.0,-20718000.0,-0.19,32313000.0,0.5044098593528044,299424000.0,152993000.0,244920000.0,131853000.0,146431000.0,0.0,-336275000.0,2324850120.0,2270367120.0,1.4240782627311905,1.8575231507815522,0.044942957144383885,0.08795827260070722,-0.129156879994603,1.4240782627311905,-0.13508461171426145,36.29119308159411,-28.122733343010598,15.195794055937201,0.0,0.0,0.0,0.21394744576253072,1.7798988267237,-0.0690225232446297,-237.71473619631902,0.5044098593528044,-0.11764705882352934,0.37533333126067076,-0.4627232308609907,1.3971040613872427,0.027113795295613478,-0.15529096092570854,-0.132316773241515,0.37533333126067076,-0.4627232308609907,1.3971040613872427,Software—Infrastructure,Technology,ZUO
2019Q3,2019,Q3,2018-12-13,2018-10-31,-17889000.0,61637000.0,-18297000.0,-0.17,31460000.0,0.5104077096549151,293243000.0,156594000.0,239841000.0,121130000.0,136649000.0,0.0,-315608000.0,2165520580.0,2103306580.0,1.4766192986261069,1.9800297201353918,0.0534335005439175,0.1000613050308441,-0.1061590547666048,1.4766192986261069,-0.11423809341354074,35.133451985009,-30.26329839566214,13.828886036502038,0.0,0.0,0.0,0.21019086559610972,1.8719722612069678,-0.06100401373604826,-210.22430637802154,0.5104077096549151,0.1052631578947368,0.27946673450886417,-0.4449338903640566,0.0,0.08083966056275123,0.08669015163118395,-0.004887961335676626,0.27946673450886417,-0.4449338903640566,0.0,Software—Infrastructure,Technology,ZUO
2019Q2,2019,Q2,2018-09-12,2018-07-31,-19587000.0,57754000.0,-18208000.0,-0.19,29107000.0,0.5039824081448904,287237000.0,159247000.0,231812000.0,114236000.0,127990000.0,0.0,-297719000.0,2579231380.0,2416300380.0,1.514532174310007,2.0292377184075074,0.05662223181553908,0.10213065238277644,-0.10294787987870027,1.514532174310007,-0.12299760749025099,44.65892197943,-32.92019426149997,16.196420529115148,0.0,0.0,0.0,0.2010674112318399,1.941515809377079,-0.068191075662258,-352.257768369298,0.5039824081448904,0.5581395348837209,0.4442802155860317,-0.38297225221445147,0.0,0.13142346264479515,-0.00719905383863835,0.020232458028411535,0.4442802155860317,-0.38297225221445147,0.0,Software—Infrastructure,Technology,ZUO
2019Q1,2019,Q1,2018-06-13,2018-04-30,-19447000.0,51744000.0,-18584000.0,-0.43,25726000.0,0.49717841682127395,306806000.0,172262000.0,256902000.0,121413000.0,134544000.0,0.0,-278132000.0,864504360.0000001,677927360.0000001,3.837766786971439,2.115934866941761,0.05194487721882884,0.0925160511314161,-0.09911308411912843,3.837766786971439,-0.11289199010809116,16.707335343228202,-11.11359541317427,5.018543613797587,0.0,0.0,0.0,0.16865380729190432,2.0448881091810596,-0.06338533144723375,-90.14644004171012,0.49717841682127395,-0.3962852318482919,-1.3605257762468541,0.578215712465167,0.0,0.0108845141262918,-0.406858134992404,-0.3888349151782378,-1.3605257762468541,0.578215712465167,0.0,Software—Infrastructure,Technology,ZUO
2018Q4,2018,Q4,2018-01-31,2018-01-31,-13823000.0,49816000.0,-13381000.0,-0.30796,25449000.0,0.5108599646699855,155366000.0,26666000.0,107274000.0,114810000.0,128700000.0,0.0,-258685000.0,628404000.0,596231000.0,0.5940827875061266,0.93436111836948,0.10320790906633369,0.6013275331883297,-0.3202600651680197,0.5940827875061266,-0.5183754593864847,12.614501365023285,-11.3651884540259,23.565739143478588,0.0,0.0,0.0,0.3206364326815391,0.8579827541154952,-0.0889705598393471,-68.59556816941382,0.5108599646699855,-0.3154331455322858,0.0,0.0,0.0,0.049356754082137556,-0.3336227689339122,-0.35025227043390517,0.0,0.0,0.0,Software—Infrastructure,Technology,ZUO
2018Q3,2018,Q3,2017-10-31,2017-10-31,-10365000.0,46359000.0,-9910000.0,-0.234113,24252000.0,0.5231346664078173,,,,,,,,619829000.0,,,0.0,0.0,0.0,0.0,,0.0,13.370197804094134,-14.950048239266764,0.0,0.0,0.0,0.0,0.0,0.0,0.0,-109.10561520859004,0.5231346664078173,0.3015971981909956,0.0,0.0,0.0,0.2907552291234233,0.3015969274307661,0.3397294956359518,0.0,0.0,0.0,Software—Infrastructure,Technology,ZUO
2018Q2,2018,Q2,2017-07-31,2017-07-31,-14841000.0,39412000.0,-15009000.0,-0.335212,18789000.0,0.47673297472850906,,,,,,,,619829000.0,,,0.0,0.0,0.0,0.0,,0.0,15.726910585608444,-10.441159625362173,0.0,0.0,0.0,0.0,0.0,0.0,0.0,-64.51847611116894,0.47673297472850906,-0.8263603227616717,0.0,0.0,0.0,-0.03794162826420891,-0.8263598326359832,-0.8812985710704437,0.0,0.0,0.0,Software—Infrastructure,Technology,ZUO
2018Q1,2018,Q1,2017-04-30,2017-04-30,-8126000.0,32339000.0,-7978000.0,-0.183541,19530000.0,0.6039147778224435,,,,,,,,619829000.0,,,0.0,0.0,0.0,0.0,,0.0,19.16660997557129,-19.069314545902042,0.0,0.0,0.0,0.0,0.0,0.0,0.0,-122.27835865062143,0.6039147778224435,0.0,0.0,0.0,0.0,0.0,0.0,0.0,0.0,0.0,0.0,Software—Infrastructure,Technology,ZUO
