Year,Date,FillingDate,NetIncome,Revenue,OperatingIncome,EPSDiluted,GrossProfit,GrossProfitRatio,TotalAssets,CommonStockEquity,CurrentAssets,CurrentLiability,TotalLiability,Inventory,RetainedEarnings,EnterpriseValue,bookValuePerShare,currentRatio,debtToAssets,debtToEquity,roic,shareholdersEquityPerShare,roe,priceToSalesRatio,peRatio,pbRatio,payoutRatio,inventoryTurnover,dividendYield,assetTurnover,quickRatio,returnOnAssets,priceToFreeCashFlowsRatio,grossProfitMargin,epsdilutedGrowth,fiveYNetIncomeGrowthPerShare,fiveYRevenueGrowthPerShare,fiveYShareholdersEquityGrowthPerShare,grossProfitGrowth,netIncomeGrowth,operatingIncomeGrowth,threeYNetIncomeGrowthPerShare,threeYRevenueGrowthPerShare,threeYShareholdersEquityGrowthPerShare,Industry,Sector,Price,MarketCap,AvgVolume,Symbol
2023,2023-01-31,2023-04-03,-121970000.0,396087000.0,-111455000.0,-0.93,242858000.0,0.6131430721,668598000.0,173160000.0,518552000.0,235619000.0,495438000.0,16282000.0,-685417000.0,1095340720.0,1.317397159181686,2.200807235409708,0.3852344757238281,1.4874509124509125,-0.25537908243555574,1.317397159181686,-0.7043774543774544,2.628242583068871,-8.534989915553005,6.0118544698544705,0.0,9.410944601400319,0.0,0.5924142758428832,2.028635211931126,-0.18242651039937302,-33.2825858430846,0.6131430721028461,-0.1625,0.1287590574999652,-0.20551510082140614,1.1872715490523653,0.17531650470401486,-0.22675383454865478,-0.15886499750457495,-0.23648090321513965,0.213000610271241,-0.11093953490190447,Software—Infrastructure,Technology,10.86,1490535011,999604,ZUO
2022,2022-01-31,2022-03-28,-99425000.0,346738000.0,-96176000.0,-0.8,206632000.0,0.5959312218,441252000.0,170607000.0,328335000.0,219297000.0,270645000.0,28480000.0,-563447000.0,2010793779.9999998,1.3735809864257766,1.4972161041874719,0.13315520382910445,0.3443879793912325,-0.34063216785600886,1.3735809864257766,-0.5827721019653356,5.9570793509797015,-20.774913552929345,12.10704003938877,0.0,4.919452247191011,0.0,0.785804936861476,1.3573008294687114,-0.22532475773480914,241.2738909005957,0.5959312218447358,-0.29032258064516137,0.0935531632949684,0.09368821208211482,0.10609745002767591,0.18312052676782137,-0.35874764260529696,-0.3021039235330752,0.0584117132492145,0.0832849459754757,-0.18059900852900884,Software—Infrastructure,Technology,10.86,1490535011,999604,ZUO
2021,2021-01-31,2021-03-31,-73174000.0,305420000.0,-73862000.0,-0.62,174650000.0,0.5718355052,421507000.0,171913000.0,293740000.0,187997000.0,249594000.0,12712000.0,-464022000.0,1649768520.0,1.4618700998316299,1.5624717415703442,0.1643697494940772,0.40301198862215193,-0.24900883887379296,1.4618700998316299,-0.4256455300064568,5.482926854822867,-22.88511657145981,9.740947572318555,0.0,10.287130270610447,0.0,0.7245905761944641,1.412011893806816,-0.17360091291485077,-901.2893003229278,0.571835505205946,0.17333333333333334,0.42853371804929746,0.2473428568133462,0.0,0.23100453917505429,0.12255078302995419,0.13778089067880697,0.41578464523385605,-0.31526354517774796,1.427139648424798,Software—Infrastructure,Technology,10.86,1490535011,999604,ZUO
2020,2020-01-31,2020-03-31,-83394000.0,276057000.0,-85665000.0,-0.75,141876000.0,0.513937339,402227000.0,164659000.0,266784000.0,165620000.0,237568000.0,9585000.0,-390848000.0,1663362500.0,1.4817857849930707,1.6108199492814876,0.19538220954833962,0.47727728214066645,-0.2766396657546427,1.4817857849930707,-0.5064648758950315,5.9373589512310865,-19.65428568002494,9.954205357739328,0.0,13.99906103286385,0.0,0.6863214055744642,1.4540031397174253,-0.2073306864034488,-65.52528583992964,0.5139373390278095,0.11764705882352938,0.3107631219767571,0.19312795657988563,0.0,0.1961958079692427,-0.0748034540533574,-0.1300407614072579,0.1501856315190938,-0.026729899216337224,0.19323104677865977,Software—Infrastructure,Technology,10.86,1490535011,999604,ZUO
2019,2019-01-31,2019-04-18,-77590000.0,235196000.0,-75807000.0,-0.85,118606000.0,0.5042857871732512,299424000.0,152993000.0,244920000.0,131853000.0,146431000.0,0.0,-336275000.0,1920534880.0,1.6763233151084183,1.8575231507815522,0.044942957144383885,0.08795827260070722,-0.46359583658378056,1.6763233151084183,-0.5071473858281098,8.397327675640742,-25.45454156463462,12.909204211957409,0.0,0.0,0.0,0.785494816714759,1.7798988267237,-0.25913086459335255,-53.38896223609872,0.5042857871732512,0.19811320754716988,0.21922530882240182,0.2376688576959692,0.0,0.34748920699840946,-0.6454246633442902,-0.6380785686503306,0.21922530882240182,0.2376688576959692,0.0,Software—Infrastructure,Technology,10.86,1490535011,999604,ZUO
2018,2018-01-31,2018-01-31,-47155000.0,167926000.0,-46278000.0,-1.06,88020000.0,0.5241594511868323,155366000.0,26666000.0,107274000.0,114810000.0,128700000.0,0.0,-258685000.0,587656000.0,0.6023016025387647,0.93436111836948,0.10320790906633369,0.6013275331883297,-1.0753482901873748,0.6023016025387647,-1.768356708917723,3.6910841680263924,-13.144502173682538,23.244168604215105,0.0,0.0,0.0,1.0808413681243,0.8579827541154952,-0.3035091332724019,-20.998339995934685,0.5241594511868323,-0.2003143464741332,0.02182255689007822,0.8216393300355812,0.0,0.3573697683743022,-0.20607192183743414,-0.18561217431404198,0.02182255689007822,0.8216393300355812,0.0,Software—Infrastructure,Technology,10.86,1490535011,999604,ZUO
2017,2017-01-31,2017-01-31,-39098000.0,113008000.0,-39033000.0,-0.883102,64846000.0,0.5738177828118364,120468000.0,54980000.0,103174000.0,63511000.0,65488000.0,0.0,-211530000.0,550011000.0,1.2418263746936655,1.6245059910881579,0.015514493475445762,0.03399417970170971,-0.6588679269974697,1.2418263746936655,-0.7111313204801746,5.484824083250743,-15.853214998209628,11.273717715532921,0.0,0.0,0.0,0.9380748414516719,1.5492906740564627,-0.32455091808613074,-21.55851970366248,0.5738177828118364,0.18895526911543883,0.18895596075258778,0.22589603401891883,0.0,0.3281582828117319,0.1889559607525878,0.1893121209603722,0.18895596075258778,0.22589603401891883,0.0,Software—Infrastructure,Technology,10.86,1490535011,999604,ZUO
2016,2016-01-31,2016-01-31,-48207000.0,92184000.0,-48148000.0,-1.088845,48824000.0,0.5296363794150829,,,,,,,,,,0.0,0.0,0.0,0.0,,0.0,6.723824090948538,-12.857655527205594,0.0,0.0,0.0,0.0,0.0,0.0,0.0,-15.293846229767075,0.5296363794150829,0.0,0.0,0.0,0.0,0.0,0.0,0.0,0.0,0.0,0.0,Software—Infrastructure,Technology,10.86,1490535011,999604,ZUO
TTM,,,,,,,,,,,,,,,,1515637011.0,0.7613114031867244,1.694169105798007,0.39142080001426105,2.541303781719279,-0.2839317333709543,0.7613114031867244,-0.7229558073619707,3.6714222295022205,-12.523801620701626,14.264859234397152,0.0,12.042759051186017,0.0,0.6030976152878278,1.5767849508336895,-0.17543596424640095,-67.56119168706373,0.6198362985642256,,,,,,,,,,,Software—Infrastructure,Technology,10.86,1490535011,999604,ZUO
