Quarters,Year,Quarter,FillingDate,Date,NetIncome,Revenue,OperatingIncome,EPSDiluted,GrossProfit,GrossProfitRatio,TotalAssets,CommonStockEquity,CurrentAssets,CurrentLiability,TotalLiability,Inventory,RetainedEarnings,MarketCap,EnterpriseValue,bookValuePerShare,currentRatio,debtToAssets,debtToEquity,roic,shareholdersEquityPerShare,roe,priceToSalesRatio,peRatio,pbRatio,payoutRatio,inventoryTurnover,dividendYield,assetTurnover,quickRatio,returnOnAssets,priceToFreeCashFlowsRatio,grossProfitMargin,epsdilutedGrowth,fiveYNetIncomeGrowthPerShare,fiveYRevenueGrowthPerShare,fiveYShareholdersEquityGrowthPerShare,grossProfitGrowth,netIncomeGrowth,operatingIncomeGrowth,threeYNetIncomeGrowthPerShare,threeYRevenueGrowthPerShare,threeYShareholdersEquityGrowthPerShare,Industry,Sector,Symbol
2020Q2,2020,Q2,2020-02-29,2020-02-29,33008990.0,19461350.0,13307020.0,0.50911,13511170.0,0.694256564935115,1028050732.0,657067022.0,0.0,0.0,370983710.0,0.0,79869249.0,599088058.8000001,699825548.8000001,10.1342351831233,0.0,0.0,0.0,0.020252150168023498,10.1342351831233,0.05023686913935547,30.783478987840006,4.537309826807788,0.9117609600562178,0.41527989799142595,0.0,0.02288139414338799,0.018930340103099113,0.0,0.03210832789913329,43.327156478446646,0.694256564935115,-0.3906523040095752,0.0,0.0,0.0,-0.0398870703671279,-0.3906503220828176,-0.03804651519193137,0.0,0.0,0.0,Asset Management,Financial Services,MVF
2019Q4,2019,Q4,2019-08-31,2019-08-31,54170850.0,20778130.0,13833330.0,0.8355,14072480.0,0.6772736526338029,985447634.0,637636324.0,0.0,0.0,347811310.0,0.0,60438551.0,615297151.3000001,715665753.3000001,9.834546937158882,0.0,0.0,0.0,0.021694701947375255,9.834546937158882,0.0849557152895198,29.612729889552142,2.839613700449596,0.9649656522704626,0.2728903090868982,0.0,0.024025302195479218,0.021084966144431373,0.0,0.054970805277716056,46.64893735760941,0.6772736526338029,6.163680013718597,0.0,0.0,0.0,-0.0698986454109537,6.163475970267479,-0.07064239228798716,0.0,0.0,0.0,Asset Management,Financial Services,MVF
2019Q2,2019,Q2,2019-02-28,2019-02-28,7562090.0,21807580.0,14884830.0,0.11663,15130050.0,0.6937977528914259,944756936.0,598053661.0,0.0,0.0,346703275.0,0.0,15579364.0,580933875.2,581155819.2,9.224046025402101,0.0,0.00023492180003428946,0.000371110511436197,0.024879553629802438,9.224046025402101,0.012644500808431637,26.63908031977872,19.205466848450627,0.9713741643661639,2.068531318722734,0.0,0.026926334765062083,0.02308274135814336,0.0,0.00800427042326578,16.56113207794596,0.6937977528914259,-0.25770112016293284,0.0,0.0,0.0,-0.06703857563837967,-0.2576790820538544,-0.0683664713249501,0.0,0.0,0.0,Asset Management,Financial Services,MVF
2018Q4,2018,Q4,2018-08-31,2018-08-31,10187090.0,22875270.0,15977130.0,0.15712,16217230.0,0.708941577520178,971862268.0,605971902.0,0.0,0.0,365890366.0,0.0,3464573.0,571208419.7,684024460.7,9.346172557161976,0.0,0.0,0.0,0.026366123490656503,9.346172557161976,0.016811159009811647,24.970565143056238,14.017948690450364,0.942631857706168,1.5975052738318793,0.0,0.028490353851133892,0.023537563658145848,0.0,0.01048203056690745,19.494921726244414,0.708941577520178,5.514942528735633,0.0,0.0,0.0,-0.061680457459728395,5.514513498661656,-0.06111599180826401,0.0,0.0,0.0,Asset Management,Financial Services,MVF
2018Q2,2018,Q2,2018-02-28,2018-02-28,-2256520.0,23425770.0,17017150.0,-0.0348,17283270.0,0.7377887685228703,991639593.0,611734555.0,0.0,0.0,379905038.0,0.0,3822659.0,597142967.7,728788995.7,9.43505250216815,0.0,0.0,0.0,0.02781786619851808,9.43505250216815,-0.003688724106814597,25.49085761962147,-66.1575088742843,0.9761471913254927,-7.307898888554057,0.0,0.027615530772330317,0.023623270153151295,0.0,-0.0022755444779825364,20.30202892465467,0.7377887685228703,0.0,0.0,0.0,0.0,0.0,0.0,0.0,0.0,0.0,0.0,Asset Management,Financial Services,MVF
2023Q2,2023,Q2,2023-01-31,2023-01-31,,,,,,,815181587.0,521580364.0,17196022.0,7376441.0,293601223.0,0.0,-55029834.0,0.0,-167903.0,0.0,2.331208505565218,0.0,0.0,,0.0,,0.0,0.0,0.0,0.0,0.0,,,2.331208505565218,,0.0,0.0,0.0,1.0,-1.0,-1.0,0.0,0.0,0.0,-1.0,-1.0,-1.0,Asset Management,Financial Services,MVF
2022Q2,2022,Q2,2022-02-28,2022-02-28,,,,,,,966689274.0,608145438.0,10366493.0,6528725.0,358543836.0,0.0,30947665.0,0.0,0.0,0.0,1.587828098135547,0.0,0.0,,0.0,,0.0,0.0,0.0,0.0,0.0,,,1.587828098135547,,0.0,0.0,0.0,0.0,0.0,0.0,0.0,0.0,0.0,-1.0,-1.0,-1.0,Asset Management,Financial Services,MVF
2021Q4,2021,Q4,2021-08-31,2021-08-31,,,,,,,1013698299.0,653754735.0,0.0,0.0,359943564.0,0.0,76556962.0,0.0,0.0,0.0,0.0,0.0,0.0,,0.0,,0.0,0.0,0.0,0.0,0.0,,,0.0,,0.0,0.0,0.0,0.0,0.0,0.0,0.0,0.0,0.0,-1.0,-1.0,-1.0,Asset Management,Financial Services,MVF
2021Q2,2021,Q2,2021-02-28,2021-02-28,,,,,,,983773053.0,630592298.0,0.0,0.0,353180755.0,0.0,53394525.0,0.0,0.0,0.0,0.0,0.0,0.0,,0.0,,0.0,0.0,0.0,0.0,0.0,,,0.0,,0.0,0.0,0.0,0.0,0.0,0.0,0.0,0.0,0.0,1.0,-1.0,-1.0,Asset Management,Financial Services,MVF
2020Q4,2020,Q4,2020-08-31,2020-08-31,,,,,,,967200608.0,622749538.0,0.0,0.0,344451070.0,0.0,45551765.0,0.0,425003.0,0.0,0.0,0.0004394155633119701,0.0006824621682818495,,0.0,,0.0,0.0,0.0,0.0,0.0,,,0.0,,0.0,0.0,0.0,0.0,0.0,0.0,0.0,0.0,0.0,0.0,0.0,0.0,Asset Management,Financial Services,MVF
2017Q4,2017,Q4,2017-08-31,2017-08-31,,,,,,,1025349976.0,630488525.0,0.0,0.0,394861451.0,0.0,4778923.0,0.0,4579376.0,0.0,0.0,0.0044661589771178775,0.007263218628760928,,0.0,,0.0,0.0,0.0,0.0,0.0,,,0.0,,0.0,0.0,0.0,0.0,0.0,0.0,0.0,0.0,0.0,0.0,0.0,0.0,Asset Management,Financial Services,MVF
2017Q2,2017,Q2,2017-02-28,2017-02-28,,,,,,,1037001203.0,620620294.0,0.0,0.0,416380909.0,0.0,4643836.0,0.0,3466219.0,0.0,0.0,0.003373935333805008,0.0056375452653180565,,0.0,,0.0,0.0,0.0,0.0,0.0,,,0.0,,0.0,0.0,0.0,0.0,0.0,0.0,0.0,0.0,0.0,0.0,0.0,0.0,Asset Management,Financial Services,MVF
2016Q4,2016,Q4,2016-08-31,2016-08-31,,,,,,,1077988702.0,667589265.0,0.0,0.0,410399437.0,0.0,5598133.0,0.0,0.0,0.0,0.0,0.0,0.0,,0.0,,0.0,0.0,0.0,0.0,0.0,,,0.0,,0.0,0.0,0.0,0.0,0.0,0.0,0.0,0.0,0.0,0.0,0.0,0.0,Asset Management,Financial Services,MVF
2016Q2,2016,Q2,2016-02-29,2016-02-29,,,,,,,1061299095.0,653288660.0,0.0,0.0,408010435.0,0.0,6630652.0,0.0,-532500.0,0.0,0.0,0.0,0.0,,0.0,,0.0,0.0,0.0,0.0,0.0,,,0.0,,0.0,0.0,0.0,0.0,0.0,0.0,0.0,0.0,0.0,0.0,0.0,0.0,Asset Management,Financial Services,MVF
2015Q4,2015,Q4,2015-08-31,2015-08-31,,,,,,,1044569064.0,642889439.0,0.0,0.0,401679625.0,0.0,7120833.0,0.0,1316.0,0.0,0.0,1.2598496790251487e-06,2.0470082725997307e-06,,0.0,,0.0,0.0,0.0,0.0,0.0,,,0.0,,0.0,0.0,0.0,0.0,0.0,0.0,0.0,0.0,0.0,0.0,0.0,0.0,Asset Management,Financial Services,MVF
2015Q2,2015,Q2,2015-02-28,2015-02-28,,,,,,,1066315751.0,663142364.0,0.0,0.0,403173387.0,0.0,7845190.0,0.0,-790000.0,0.0,0.0,0.0,0.0,,0.0,,0.0,0.0,0.0,0.0,0.0,,,0.0,,0.0,0.0,0.0,0.0,0.0,0.0,0.0,0.0,0.0,0.0,0.0,0.0,Asset Management,Financial Services,MVF
2014Q4,2014,Q4,2014-08-31,2014-08-31,,,,,,,1051638995.0,656922037.0,0.0,0.0,394716958.0,0.0,8736704.0,0.0,-478000.0,0.0,0.0,0.0,0.0,,0.0,,0.0,0.0,0.0,0.0,0.0,,,0.0,,0.0,0.0,0.0,0.0,0.0,0.0,0.0,0.0,0.0,0.0,0.0,0.0,Asset Management,Financial Services,MVF
2014Q2,2014,Q2,2014-02-28,2014-02-28,,,,,,,1024775572.0,625974482.0,0.0,0.0,398801090.0,0.0,9800487.0,0.0,-1221000.0,0.0,0.0,0.0,0.0,,0.0,,0.0,0.0,0.0,0.0,0.0,,,0.0,,0.0,0.0,0.0,0.0,0.0,0.0,0.0,0.0,0.0,0.0,0.0,0.0,Asset Management,Financial Services,MVF
2013Q4,2013,Q4,2013-08-31,2013-08-31,,,,,,,982120834.0,584717996.0,0.0,0.0,397402838.0,0.0,11506847.0,0.0,0.0,0.0,0.0,0.0,0.0,,0.0,,0.0,0.0,0.0,0.0,0.0,,,0.0,,0.0,0.0,0.0,0.0,0.0,0.0,0.0,0.0,0.0,0.0,0.0,0.0,Asset Management,Financial Services,MVF
2013Q2,2013,Q2,2013-02-28,2013-02-28,,,,,,,1134034471.0,686098861.0,0.0,0.0,447935610.0,0.0,12558048.0,0.0,482195.0,0.0,0.0,0.00042520312418263344,0.0007028068801880725,,0.0,,0.0,0.0,0.0,0.0,0.0,,,0.0,,0.0,0.0,0.0,0.0,0.0,0.0,0.0,0.0,0.0,0.0,0.0,0.0,Asset Management,Financial Services,MVF
2012Q4,2012,Q4,2012-08-31,2012-08-31,,,,,,,1126862163.0,679207288.0,0.0,0.0,447654875.0,0.0,13699608.0,0.0,3205.0,0.0,0.0,2.84418104115543e-06,4.71873617469193e-06,,0.0,,0.0,0.0,0.0,0.0,0.0,,,0.0,,0.0,0.0,0.0,0.0,0.0,0.0,0.0,0.0,0.0,0.0,0.0,0.0,Asset Management,Financial Services,MVF
2012Q2,2012,Q2,2012-02-29,2012-02-29,,,,,,,1083868524.0,652232067.0,0.0,0.0,431636457.0,0.0,-12801897.0,0.0,480.0,0.0,0.0,4.42858141344088e-07,7.359343771731481e-07,,0.0,,0.0,0.0,0.0,0.0,0.0,,,0.0,,0.0,0.0,0.0,0.0,0.0,0.0,0.0,0.0,0.0,0.0,0.0,0.0,Asset Management,Financial Services,MVF
2011Q4,2011,Q4,2011-08-31,2011-08-31,,,,,,,1023888305.0,602234031.0,0.0,0.0,421654274.0,0.0,-12957772.0,0.0,12662.0,0.0,0.0,1.2366583286640821e-05,2.1025048981331977e-05,,0.0,,0.0,0.0,0.0,0.0,0.0,,,0.0,,0.0,0.0,0.0,0.0,0.0,0.0,0.0,0.0,0.0,0.0,0.0,0.0,Asset Management,Financial Services,MVF
2011Q2,2011,Q2,2011-02-28,2011-02-28,,,,,,,987512972.0,557857319.0,0.0,0.0,429655653.0,0.0,-9836831.0,0.0,-579782.0,0.0,0.0,2.2075659376756014e-07,3.9078092654727723e-07,,0.0,,0.0,0.0,0.0,0.0,0.0,,,0.0,,0.0,0.0,0.0,0.0,0.0,0.0,0.0,0.0,0.0,0.0,0.0,0.0,Asset Management,Financial Services,MVF
