Quarters,Year,Quarter,FillingDate,Date,NetIncome,Revenue,OperatingIncome,EPSDiluted,GrossProfit,GrossProfitRatio,TotalAssets,CommonStockEquity,CurrentAssets,CurrentLiability,TotalLiability,Inventory,RetainedEarnings,MarketCap,EnterpriseValue,bookValuePerShare,currentRatio,debtToAssets,debtToEquity,roic,shareholdersEquityPerShare,roe,priceToSalesRatio,peRatio,pbRatio,payoutRatio,inventoryTurnover,dividendYield,assetTurnover,quickRatio,returnOnAssets,priceToFreeCashFlowsRatio,grossProfitMargin,epsdilutedGrowth,fiveYNetIncomeGrowthPerShare,fiveYRevenueGrowthPerShare,fiveYShareholdersEquityGrowthPerShare,grossProfitGrowth,netIncomeGrowth,operatingIncomeGrowth,threeYNetIncomeGrowthPerShare,threeYRevenueGrowthPerShare,threeYShareholdersEquityGrowthPerShare,Industry,Sector,Symbol
2023Q3,2023,Q3,2023-05-04,2023-03-25,10400000.0,326600000.0,34200000.0,0.26,172300000.0,0.5275566442,2714700000.0,1321100000.0,1334300000.0,268900000.0,1393600000.0,147800000.0,1135500000.0,4280810000.0,4361710000.0,33.53045685279188,4.962067683153589,0.3605923306442701,0.7409734312315495,0.005556416498782737,33.53045685279188,0.007872227689047006,13.107195345988977,102.90408653846154,3.240337597456665,0.0,1.043978349120433,0.0,0.12030795299664789,4.284492376348084,0.0038309942166721922,45.15622362869198,0.5275566442131047,-0.5272727272727273,1.6647152543628885,-0.2741567677600556,0.6623088969985914,-0.0771290840921264,-0.5272727272727272,-0.25813449023861174,0.7949238578680203,-0.14100102574892825,0.5991521012693559,Semiconductors,Technology,SYNA
2023Q2,2023,Q2,2023-02-02,2022-12-24,22000000.0,353100000.0,46100000.0,0.55,186700000.0,0.5287453979,2725300000.0,1300400000.0,1324000000.0,299300000.0,1424900000.0,177500000.0,1125100000.0,3747170000.0,3961370000.0,32.67336683417086,4.423655195456064,0.379040839540601,0.7943709627806829,0.010786137335541185,32.67336683417086,0.016917871424177177,10.612206173888417,42.58147727272728,2.8815518302060905,0.0,0.9374647887323944,0.0,0.12956371775584338,3.721683929168059,0.008072505779180273,93.67925,0.5287453979042764,-0.6540880503144654,1.2287529882421817,-0.2970947908688423,0.6260388339831089,-0.2698474775127102,-0.6594427244582043,-0.5883928571428572,-0.06476828587381359,-0.23459364812732217,0.5833325458480018,Semiconductors,Technology,SYNA
2023Q1,2023,Q1,2022-11-03,2022-09-24,64600000.0,448100000.0,112000000.0,1.59,255700000.0,0.5706315555,2824800000.0,1325100000.0,1411800000.0,365300000.0,1499700000.0,179400000.0,1103100000.0,4017810000.0,4186910000.0,33.29396984924623,3.8647686832740216,0.36707023506088926,0.7825069806052374,0.028853435260443608,33.29396984924623,0.04875103765753528,8.966324481142601,15.548800309597523,3.0320805976907406,0.0,1.0724637681159421,0.0,0.15863069951855,3.2737476047084586,0.02286887567261399,55.57136929460581,0.5706315554563713,-0.2205882352941176,3.0518630890300558,-0.09638333016303358,0.49550548397660077,-0.03908305148440436,-0.22074788902291917,-0.09750201450443191,12.39070351758794,0.0930867931892472,0.6779184560554758,Semiconductors,Technology,SYNA
2022Q4,2022,Q4,2022-08-22,2022-06-25,82900000.0,476400000.0,124100000.0,2.04,266100000.0,0.5585642317,2858100000.0,1266400000.0,1403400000.0,463400000.0,1591700000.0,169700000.0,1038500000.0,5099688000.0,5257388000.0,31.97979797979798,3.028485110056107,0.3434799342220356,0.7751895135818067,0.038706917776718294,31.97979797979798,0.06546114971572962,10.70463476070529,15.37903498190591,4.026917245735945,0.0,1.2392457277548614,0.0,0.16668416080612994,2.585455330168321,0.02900528323011791,41.192956381260096,0.5585642317380353,0.3333333333333333,3.0457382816933376,-0.029677786067000538,0.4862267637193333,0.04846335697399527,0.328525641025641,0.4086265607264472,2.554216406489134,0.3983036053520635,0.6688073493185316,Semiconductors,Technology,SYNA
2022Q3,2022,Q3,2022-05-05,2022-03-26,62400000.0,470100000.0,88100000.0,1.53,253800000.0,0.5398851308,2698000000.0,1157700000.0,1247200000.0,393000000.0,1540300000.0,145900000.0,955600000.0,8592040000.0,8947740000.0,29.308860759493673,3.1735368956743004,0.3876945885841364,0.9035155912585299,0.027936377844815653,29.308860759493673,0.05389997408655092,18.27704743671559,34.42323717948718,7.42164636779822,0.0,1.4825222755311858,0.0,0.17424017790956264,2.6798982188295164,0.02312824314306894,75.36877192982456,0.5398851308232291,-0.11046511627906974,11.216708860759493,-0.06761807601775911,0.4589448640114143,0.12749888938249668,-0.1072961373390558,0.1411917098445596,7.110938976006045,0.22575911468202825,0.3874016927570969,Semiconductors,Technology,SYNA
2022Q2,2022,Q2,2022-02-03,2021-12-25,69900000.0,420500000.0,77200000.0,1.72,225100000.0,0.5353151011,2567400000.0,1063900000.0,1074700000.0,365200000.0,1503500000.0,133300000.0,890700000.0,10964231999.999998,11489631999.999998,27.002538071065988,2.9427710843373496,0.4004829788891486,0.966444214681831,0.03512381739895202,27.002538071065988,0.06570166369019645,26.074273483947678,39.213991416309014,10.30569790393834,0.0,1.465866466616654,0.0,0.16378437329594142,2.426341730558598,0.027225987380229025,96.26191395961368,0.5353151010701546,0.7373737373737373,1.7311982367085221,-0.18793004981507785,0.28027703133110393,0.13629480060575466,0.7388059701492538,0.2739273927392739,3.781785374365482,-0.13465495952805595,0.3229019645722473,Semiconductors,Technology,SYNA
2022Q1,2022,Q1,2021-11-04,2021-09-25,40200000.0,372700000.0,60600000.0,0.99,198100000.0,0.5315266970753958,1782200000.0,1001400000.0,749400000.0,303500000.0,780800000.0,88700000.0,821200000.0,7036499999.999999,7116399999.999999,26.704,2.469192751235585,0.23970373695432612,0.42660275614140203,0.036219440095229455,26.704,0.040143798681845415,18.87979608264019,43.75932835820895,7.026662672258837,0.0,1.9684329199549042,0.0,0.2091235551565481,2.032948929159802,0.022556390977443608,131.27798507462686,0.5315266970753958,1.0625,9.082594594594596,-0.10443915069911963,0.32985002862049234,0.1598360655737705,1.1157894736842104,0.1905697445972495,8.901894736842106,-0.16463793103448282,0.3199695817490495,Semiconductors,Technology,SYNA
2021Q4,2021,Q4,2021-08-23,2021-06-26,19000000.0,327800000.0,50900000.0,0.48,170800000.0,0.5210494203782794,2226800000.0,967200000.0,1179700000.0,786700000.0,1259600000.0,82000000.0,781000000.0,5194816000.0,5264016000.0,27.477272727272727,1.4995551035973052,0.4066373271061613,0.9362076095947064,0.017182816197613953,27.477272727272727,0.019644334160463194,15.84751677852349,68.35284210526316,5.370984284532672,0.0,1.9146341463414633,0.0,0.14720675408658165,1.353247743739672,0.008532423208191127,52.31436052366566,0.5210494203782794,0.37142857142857144,3.7824903969270167,0.05229237418956464,0.42647969052224366,0.09839228295819935,0.37681159420289856,0.6107594936708861,13.558712121212123,-0.16343307593307588,0.31490034030140984,Semiconductors,Technology,SYNA
2021Q3,2021,Q3,2021-05-06,2021-03-27,13800000.0,325800000.0,31600000.0,0.35,155500000.0,0.4772866789441375,2181000000.0,932600000.0,1090800000.0,276100000.0,1248400000.0,69300000.0,762000000.0,4791850000.0,4967550000.0,26.645714285714284,3.9507424846070265,0.4272810637322329,0.9992494102509114,0.009594787442272401,26.645714285714284,0.014797340767746086,14.707949662369552,86.8088768115942,5.138162127385804,0.0,2.4574314574314573,0.0,0.14938101788170563,3.5852951829047446,0.006327372764786795,36.001878287002256,0.4772866789441375,-0.7426470588235295,-0.2922090592334494,-0.14893061224489804,0.22447837876409302,0.0339095744680851,-0.7217741935483871,-0.4598290598290598,1.9929092805005213,-0.18490935460478608,0.3209902900663066,Semiconductors,Technology,SYNA
2021Q2,2021,Q2,2021-02-04,2020-12-31,49600000.0,357600000.0,58500000.0,1.36,150400000.0,0.42058165548098436,1792200000.0,888000000.0,671600000.0,225500000.0,904200000.0,73100000.0,748200000.0,3354720000.0,3651420000.0,25.517241379310345,2.978270509977827,0.3384666889856043,0.6831081081081081,0.03639225181598063,25.517241379310345,0.055855855855855854,9.381208053691275,16.908870967741937,3.777837837837838,0.0,2.8344733242134064,0.0,0.19953130231001004,2.5108647450110864,0.027675482647026,53.16513470681458,0.42058165548098436,18.0,0.48229885057471267,-0.2050130089046868,0.21606125452591862,0.11821561338289963,18.714285714285715,8.75,1.5898337239147418,-0.18585758236123565,0.26990357710811846,Semiconductors,Technology,SYNA
2021Q1,2021,Q1,2020-11-05,2020-09-30,-2800000.0,328400000.0,6000000.0,-0.08,134500000.0,0.4095615103532278,1774900000.0,838700000.0,620000000.0,257500000.0,936200000.0,114600000.0,698600000.0,2750364000.0,3170764000.0,24.523391812865498,2.407766990291262,0.33838526114147277,0.7161082627876475,-0.007181291175337988,24.523391812865498,-0.0033385000596160724,8.37504263093788,-245.5682142857143,3.2793179921306783,0.0,1.6919720767888307,0.0,0.18502450842300974,1.8318446601941747,-0.001577553664995211,1057.8323076923077,0.4095615103532278,-1.031372549019608,-1.1265909872721018,-0.2481572726141596,0.27881652077858904,0.10245901639344263,-1.031111111111111,-0.5081967213114754,0.8965022619441686,-0.22932831199544945,0.10154682988870238,Semiconductors,Technology,SYNA
2020Q4,2020,Q4,2020-08-21,2020-06-30,90000000.0,277600000.0,12200000.0,2.55,122000000.0,0.43948126801152737,1693800000.0,819100000.0,1077600000.0,244100000.0,874700000.0,102000000.0,701400000.0,2050092000.0,1887892000.0,24.020527859237536,4.414584186808685,0.3463218797969064,0.7161518740080576,0.006953228783205746,24.020527859237536,0.1098766939323648,7.385057636887608,5.6947,2.502859235746551,0.0,1.5254901960784313,0.0,0.16389184083126698,3.9274887341253586,0.053134962805526036,41.924171779141105,0.43948126801152737,17.21428571428571,2.1271943987231774,-0.36846355387973734,0.12533946934539134,-0.10029498525073746,17.0,-0.35789473684210527,4.100662295298032,-0.3433945398851045,0.11632823339336834,Semiconductors,Technology,SYNA
2020Q3,2020,Q3,2020-05-07,2020-03-31,5000000.0,328100000.0,19000000.0,0.14,135600000.0,0.41328863151478207,1481100000.0,712900000.0,832900000.0,239200000.0,768200000.0,95500000.0,611400000.0,1967580000.0,1985080000.0,20.96764705882353,3.4820234113712374,0.33056512051853354,0.6867723383363725,0.005491459850925445,20.96764705882353,0.0070136063964090336,5.996891191709844,98.37899999999999,2.759966334689297,0.0,2.0157068062827226,0.0,0.2215245425697117,2.9703177257525084,0.003375869286341233,43.91919642857143,0.41328863151478207,-0.7586206896551724,-0.8284235862208152,-0.25794098802758797,0.02908456553487393,-0.1487758945386064,-0.7474747474747475,-0.4492753623188406,0.13725490196078427,-0.2439891940567311,0.043733539761205566,Semiconductors,Technology,SYNA
2020Q2,2020,Q2,2020-02-06,2019-12-31,19800000.0,388300000.0,34500000.0,0.58,159300000.0,0.41024980685037343,1457200000.0,691300000.0,790800000.0,239500000.0,765900000.0,82100000.0,606400000.0,2203295000.0,2264195000.0,20.63582089552239,3.3018789144050102,0.33331045841339557,0.7025893244611602,0.018004206923597988,20.63582089552239,0.028641689570374655,5.674208086531033,27.819381313131313,3.1871763344423547,0.0,2.7892813641900123,0.0,0.26646994235520177,2.8025052192066804,0.013587702443041449,31.702086330935252,0.41024980685037343,3.833333333333333,0.0801689529520434,-0.08762438548568982,0.054060601847760605,0.2622820919175911,3.95,9.78125,-0.09010212097407702,-0.1180453682163645,-0.021589472601869622,Semiconductors,Technology,SYNA
2020Q1,2020,Q1,2019-11-07,2019-09-30,4000000.0,339900000.0,3200000.0,0.12,126200000.0,0.371285672256546,1424300000.0,654800000.0,737100000.0,247500000.0,769500000.0,138200000.0,586600000.0,1318350000.0,1448750000.0,19.842424242424244,2.978181818181818,0.3378501720143228,0.7348808796579108,-0.030975735673722252,19.842424242424244,0.006108735491753207,3.878640776699029,82.39687500000001,2.01336285888821,0.0,1.5463096960926195,0.0,0.23864354419714948,2.3555555555555556,0.0028083971073509795,33.12437185929648,0.371285672256546,1.088888888888889,-0.8313170066724569,0.3478038204575921,0.022805658319708294,0.39601769911504425,1.0865800865800865,1.0960960960960962,0.14004914004914013,-0.07187985499741058,-0.011854087526669003,Semiconductors,Technology,SYNA
2019Q4,2019,Q4,2019-08-23,2019-06-30,-46200000.0,295100000.0,-33300000.0,-1.35,90400000.0,0.3063368349711962,1409800000.0,657300000.0,731100000.0,253900000.0,752500000.0,158700000.0,583500000.0,1033116000.0,1173616000.0,19.163265306122447,2.8794801102796375,0.33217477656405164,0.7124600638977636,-0.03624662021184769,19.163265306122447,-0.07028753993610223,3.500901389359539,-5.590454545454546,1.5717571884984027,0.0,1.289855072463768,0.0,0.20932047098879272,2.196927924379677,-0.03277060575968222,27.62342245989305,0.3063368349711962,-8.105263157894736,-2.422702127961883,-0.005195379383989188,-0.004853901392663223,-0.2206896551724138,-7.895522388059701,-7.7631578947368425,-5.943374532911757,-0.027823258267272808,-0.0051411202778984914,Semiconductors,Technology,SYNA
2019Q3,2019,Q3,2019-05-09,2019-03-31,6700000.0,334000000.0,-3800000.0,0.19,116000000.0,0.3473053892215569,1468600000.0,726700000.0,766900000.0,240100000.0,741900000.0,153100000.0,629700000.0,1371184000.0,1511184000.0,21.125,3.1940857975843397,0.3158109764401471,0.6382276042383377,0.002837276587801577,21.125,0.009219760561442136,4.105341317365269,51.163582089552236,1.8868639053254437,0.0,1.4239059438275636,0.0,0.22742748195560397,2.459808413161183,0.004562168051205229,33.60745098039216,0.3473053892215569,-0.4722222222222222,1.1735139844914793,0.6961607545288959,0.19925107024055153,-0.22563417890520696,-0.4765625,-1.152,-0.6503686897334089,-0.11229235880398668,-0.029220779220779192,Semiconductors,Technology,SYNA
2019Q2,2019,Q2,2019-02-07,2018-12-31,12800000.0,425500000.0,25000000.0,0.36,149800000.0,0.35205640423031725,1499600000.0,704200000.0,789800000.0,299300000.0,795400000.0,145700000.0,623000000.0,1283745000.0,1460145000.0,20.411594202898552,2.6388239224858,0.30634835956255,0.6523714853734734,0.013700609303461021,20.411594202898552,0.018176654359556944,3.017027027027027,25.07314453125,1.8229835274069865,0.0,1.8922443376801648,0.0,0.2837423312883436,2.034747744737721,0.008535609495865563,23.554954128440368,0.35205640423031725,2.272727272727273,-0.27248283092790754,1.0373439345266158,0.1100659152358993,0.0631653655074521,2.3684210526315788,3.310344827586207,-0.6141449275362318,-0.045837761246900366,-0.027255788183415345,Semiconductors,Technology,SYNA
2019Q1,2019,Q1,2018-09-30,2018-09-30,3800000.0,417600000.0,5800000.0,0.11,140900000.0,0.33740421455938696,1524800000.0,710100000.0,789000000.0,325700000.0,814700000.0,161200000.0,610200000.0,1558790999.9999998,1750590999.9999998,20.23076923076923,2.422474669941664,0.29846537250786986,0.6408956485002112,0.005360585175209274,20.23076923076923,0.005351358963526264,3.7327370689655166,102.5520394736842,2.1951711026615968,0.0,1.716501240694789,0.0,0.2738719832109129,1.829597789376727,0.002492130115424974,-708.5413636363635,0.33740421455938696,3.75,-0.897876225304028,0.7614706289905184,0.2785928088065833,0.1042319749216301,3.533333333333333,1.6666666666666667,-0.8326031267207737,-0.06845608292416804,0.05496996980630245,Semiconductors,Technology,SYNA
2018Q4,2018,Q4,2018-08-24,2018-06-30,-1500000.0,388500000.0,-8700000.0,-0.04,127600000.0,0.3284427284427284,1499800000.0,729300000.0,739500000.0,283800000.0,770500000.0,131200000.0,606400000.0,1757913000.0,1907613000.0,20.896848137535816,2.605708245243129,0.3005067342312308,0.6179898532839709,-0.0006144067796610172,20.896848137535816,-0.0020567667626491155,4.524872586872587,-292.9855,2.4104113533525298,0.0,1.9885670731707317,0.0,0.25903453793839176,2.0792811839323466,-0.0010001333511134819,1352.2407692307693,0.3284427284427284,0.9,-1.0312761590928057,0.5948866870805558,0.3205912652514466,0.03824247355573637,0.8905109489051095,0.2926829268292683,-1.0509251809916238,-0.13642724501722486,-0.021002030767518894,Semiconductors,Technology,SYNA
2018Q3,2018,Q3,2018-05-09,2018-03-31,-13700000.0,394000000.0,-12300000.0,-0.4,122900000.0,0.31192893401015226,1443700000.0,695900000.0,666100000.0,266900000.0,747800000.0,108500000.0,607900000.0,1577685000.0,1740785000.0,20.171014492753624,2.4956912701386287,0.30927478007896375,0.6416151745940508,-0.008296774592189818,20.171014492753624,-0.01968673660008622,4.004276649746193,-28.78987226277372,2.267114527949418,0.0,2.498617511520737,0.0,0.27290988432499824,2.029224428624953,-0.009489506130082427,60.914478764478766,0.31192893401015226,0.8347107438016529,-1.3512091344987662,1.2539346525214037,0.43001904916362127,0.06684027777777778,0.8337378640776699,0.4875,-1.463306049497648,-0.12181046566905368,-0.010013873877286769,Semiconductors,Technology,SYNA
2018Q2,2018,Q2,2017-12-31,2017-12-31,-82400000.0,430400000.0,-24000000.0,-2.42,115200000.0,0.26765799256505574,1438000000.0,685200000.0,647500000.0,274600000.0,752800000.0,140600000.0,621600000.0,1361954000.0,1551954000.0,20.09384164222874,2.3579752367079387,0.3075104311543811,0.6453590192644484,-0.060822626016878274,20.09384164222874,-0.12025685931115003,3.1643912639405203,-4.132141990291262,1.987673671920607,0.0,2.2418207681365576,0.0,0.29930458970792767,1.7793153678077203,-0.057301808066759385,28.61247899159664,0.26765799256505574,-2.0632911392405062,-8.06141470666307,1.865824952272235,0.6229664390071946,0.006993006993006993,-2.109433962264151,-0.42011834319526625,-5.416153289091532,-0.006497488464784931,0.026376751478635593,Semiconductors,Technology,SYNA
2018Q1,2018,Q1,2017-11-09,2017-09-30,-26500000.0,417400000.0,-16900000.0,-0.79,114400000.0,0.2740776233828462,1477100000.0,745800000.0,649400000.0,276500000.0,731300000.0,179600000.0,704000000.0,1312530000.0,1550930000.0,22.262686567164177,2.348643761301989,0.2965946787624399,0.5874229015821936,-0.016269593759947413,22.262686567164177,-0.03553231429337624,3.1445376137997125,-12.382358490566038,1.7598954143201933,0.0,1.6870824053452116,0.0,0.2825807325164173,1.6394213381555154,-0.017940559203845373,46.21584507042254,0.2740776233828462,-2.549019607843137,-5.304940685635099,2.2307288738727786,0.793092621583845,-0.09779179810725552,-2.4887640449438204,-1.9388888888888889,-2.1008453557084805,0.6304109974177623,0.1475614830172442,Semiconductors,Technology,SYNA
2017Q4,2017,Q4,2017-06-30,2017-06-30,17800000.0,426500000.0,18000000.0,0.51,126800000.0,0.2973036342321219,1266700000.0,740200000.0,792000000.0,310400000.0,526500000.0,131400000.0,714100000.0,1778824000.0,1628024000.0,21.517441860465116,2.551546391752577,0.17131128128207151,0.29316400972710077,0.02075413044142978,21.517441860465116,0.024047554714941907,4.17074794841735,24.983483146067414,2.4031667116995408,0.0,2.280821917808219,0.0,0.33670166574563826,2.0070876288659796,0.014052261782584669,42.45403341288783,0.2973036342321219,2.923076923076923,0.4017626205331822,2.0021894378683074,0.8069575347981506,-0.05864884929472903,2.9555555555555557,0.4634146341463415,-0.4534527854085823,0.4335845017810862,0.11739820836331283,Semiconductors,Technology,SYNA
2017Q3,2017,Q3,2017-03-31,2017-03-31,4500000.0,444200000.0,12300000.0,0.13,134700000.0,0.30324178298063936,1268700000.0,699100000.0,794400000.0,348500000.0,569600000.0,157000000.0,696300000.0,1722948000.0,1615048000.0,20.089080459770116,2.27948350071736,0.17435169858910696,0.3164068087541124,0.005568836249049223,20.089080459770116,0.006436847375196682,3.8787663214768124,95.71933333333332,2.4645229580889714,0.0,1.9713375796178343,0.0,0.35012217230235676,1.6519368723098995,0.0035469378103570584,37.21269978401728,0.30324178298063936,-0.796875,-0.6227902233576554,2.235939994772364,0.6669341716732716,-0.02883922134102379,-0.8026315789473685,-0.5729166666666666,1.1151997117828145,1.2298635906087567,0.1404426623208456,Semiconductors,Technology,SYNA
2017Q2,2017,Q2,2016-12-31,2016-12-31,22800000.0,461300000.0,28800000.0,0.64,138700000.0,0.3006720138738348,1302500000.0,740300000.0,805200000.0,328900000.0,562200000.0,159700000.0,691800000.0,1880658000.0,1758158000.0,21.09116809116809,2.448160535117057,0.1725143953934741,0.30352559773064974,0.023144760494871523,21.09116809116809,0.03079832500337701,4.076865380446564,20.62125,2.5403998379035526,0.0,2.0200375704445834,0.0,0.3541650671785029,1.8452417148069322,0.017504798464491364,51.808760330578515,0.3006720138738348,5.4,0.217047208418088,1.9424380194504616,0.8877033330344899,0.1239870340356564,5.162162162162162,4.142857142857143,0.27373799232573887,1.1710019796653448,0.14702392070835857,Semiconductors,Technology,SYNA
2017Q1,2017,Q1,2016-09-30,2016-09-30,3700000.0,386200000.0,5600000.0,0.1,123400000.0,0.31952356292076645,1241200000.0,698800000.0,726000000.0,304900000.0,542400000.0,152900000.0,669000000.0,2038584000.0,1965384000.0,20.080459770114942,2.381108560183667,0.1838543345149855,0.32655981682884944,0.004755674906470197,20.080459770114942,0.005294791070406411,5.278570688762299,137.74216216216217,2.9172638809387523,0.0,1.7187704381948987,0.0,0.31115049951659685,1.7740242702525417,0.0029809861424427973,-101.9292,0.31952356292076645,1.5263157894736843,-0.7314383050503177,1.7339667377617636,1.0296919080521967,0.14153561517113783,1.5211267605633803,1.224,-0.899706483516592,0.6430661860712314,0.26909319001819476,Semiconductors,Technology,SYNA
2016Q4,2016,Q4,2016-06-30,2016-06-30,-7100000.0,323900000.0,-25000000.0,-0.19,108100000.0,0.33374498301945044,1300200000.0,705000000.0,780100000.0,350800000.0,595200000.0,146400000.0,665300000.0,1967250000.0,1850550000.0,19.262295081967213,2.223774230330673,0.1811259806183664,0.33404255319148934,-0.0079298066914166,19.262295081967213,-0.010070921985815603,6.0736338376041985,-69.2693661971831,2.7904255319148934,0.0,1.4740437158469946,0.0,0.24911552068912474,1.7240592930444698,-0.0054606983540993696,18.861457334611696,0.33374498301945044,-1.3518518518518516,-1.458047167304641,1.029314954449192,0.8625323192526673,-0.2513850415512465,-1.3463414634146342,-2.184834123222749,-1.1411642889181486,0.26792655992954434,0.21729451573367453,Semiconductors,Technology,SYNA
2016Q3,2016,Q3,2016-03-31,2016-03-31,20500000.0,402500000.0,21100000.0,0.54,144400000.0,0.3587577639751553,1449500000.0,800800000.0,907300000.0,357300000.0,648700000.0,132700000.0,672400000.0,2934432000.0,2763532000.0,21.76086956521739,2.5393226980128745,0.16226284925836496,0.2937062937062937,0.019064808448370094,21.76086956521739,0.0255994005994006,7.290514285714286,35.78575609756098,3.6643756243756243,0.0,1.9449886963074605,0.0,0.27768195929630907,2.0321858382311784,0.014142807864780959,92.2777358490566,0.3587577639751553,-0.41935483870967744,0.40306467616814,1.6107572714632812,1.1458921978075893,-0.12590799031476999,-0.4142857142857143,-0.5342163355408388,-0.5073138282008642,1.158650137150694,0.5427314285954714,Semiconductors,Technology,SYNA
2016Q2,2016,Q2,2015-12-31,2015-12-31,35000000.0,470500000.0,45300000.0,0.93,165200000.0,0.35111583421891607,1453300000.0,763800000.0,892300000.0,398100000.0,689500000.0,136600000.0,651900000.0,2924376000.0,2791076000.0,20.983516483516482,2.2413966340115548,0.16424688639647697,0.3125163655407175,0.03554036257670431,20.983516483516482,0.04582351400890285,6.215464399574921,20.8884,3.828719560094266,0.0,2.2349926793557833,0.0,0.3237459574760889,1.780959557900025,0.024083121172503958,32.74777155655095,0.35111583421891607,0.5000000000000001,0.8468196019389593,1.7502236109933766,1.2927277482552713,0.008547008547008548,0.47058823529411764,0.34023668639053256,1.8098655887930675,1.9348777795191383,0.6948248936893777,Semiconductors,Technology,SYNA
2016Q1,2016,Q1,2015-09-30,2015-09-30,23800000.0,470000000.0,33800000.0,0.62,163800000.0,0.3485106382978723,1394100000.0,705700000.0,812000000.0,416700000.0,688400000.0,146500000.0,616900000.0,3034528000.0,3000628000.0,19.17663043478261,1.9486441084713222,0.17258446309446954,0.340938075669548,0.025760297682521076,19.17663043478261,0.0337253790562562,6.456442553191489,31.87529411764706,4.3000255065892015,0.0,2.090102389078498,0.0,0.33713506922028547,1.4965202783777298,0.017071946058388923,-1517.264,0.3485106382978723,-0.27058823529411763,0.18985611878803085,1.8682532203885331,1.0687188467149302,-0.021125287596737083,-0.24104722727127778,-0.23356009070294784,2.5196156774578182,2.311638437163217,0.5445339193772301,Semiconductors,Technology,SYNA
2015Q4,2015,Q4,2015-06-30,2015-06-30,31359000.0,478956000.0,44100000.0,0.85,167335000.0,0.34937447281169876,1519400000.0,793100000.0,916000000.0,446700000.0,726300000.0,140200000.0,593100000.0,3222725660.0,3065225660.0,21.34513941220799,2.050593239310499,0.15953665920758195,0.30563611146135417,0.030944204170022985,21.34513941220799,0.03953978060774177,6.728646598017354,25.692190918077745,4.063454368932039,0.0,2.2226890156918686,0.0,0.31522706331446626,1.6218938885157823,0.020639068053178885,156.96111728034288,0.34937447281169876,0.03658536585365857,0.5022078443517897,2.042307144761769,1.5629573945111328,0.01819343454318659,-0.003780418069763009,-0.14951883208300387,1.286368173475577,2.121362178404216,0.7924881936394124,Semiconductors,Technology,SYNA
2015Q3,2015,Q3,2015-03-31,2015-03-31,31478000.0,477598000.0,51853000.0,0.82,164345000.0,0.3441073873843693,1511217000.0,748294000.0,880041000.0,397633000.0,762923000.0,152261000.0,561722000.0,2986007430.0000005,2849384430.0000005,20.375047650166096,2.213199105708027,0.16143015860726817,0.3260162449518505,0.03232735203179857,20.375047650166096,0.04206635359898649,6.252135540768597,23.715034547938245,3.990420115623004,0.0,2.05734232666277,0.0,0.31603535428730617,1.7607844419351513,0.02082956981029197,24.566083340189227,0.3441073873843693,0.5769230769230768,1.4758975815135382,2.751626845100626,1.7059008561017743,0.2957794230117243,0.5761065491688364,0.8213206884439761,1.5002484788272357,2.2967803961160755,0.690662907421185,Semiconductors,Technology,SYNA
2015Q2,2015,Q2,2014-12-31,2014-12-31,19972000.0,463705000.0,28470000.0,0.52,126831000.0,0.27351656764537796,1503574000.0,714577000.0,842980000.0,394321000.0,788997000.0,145215000.0,529239000.0,2512660000.0,2430713000.0,19.57745205479452,2.1378014358859914,0.16334347361686222,0.34369843977625925,0.021336193750895866,19.57745205479452,0.02794940223376907,5.418660570837062,31.45228319647507,3.5162900569147904,0.0,2.31982921874462,0.0,0.30840184786382313,1.6802782504609188,0.013283017663247701,-81.87227109807755,0.27351656764537796,-0.23529411764705885,0.5041467670358996,2.2027664517287766,1.938025151200176,0.05526296083668222,-0.24877755209508765,-0.21420882669537136,0.02519950289962071,1.8443294611420138,0.7522226050454744,Semiconductors,Technology,SYNA
2015Q1,2015,Q1,2014-09-30,2014-09-30,26586000.0,282741000.0,36231000.0,0.68,120189000.0,0.4250851485988944,1024049000.0,717761000.0,740632000.0,254554000.0,306288000.0,76448000.0,509267000.0,2708253600.0,2258438600.0,19.399994594302395,2.9095280372730343,0.0,0.0,0.036413049283350124,19.399994594302395,0.0370401846854315,9.57856695703842,25.466914917625818,3.7731969276681236,0.0,2.1263080786940143,0.0,0.2761010459460436,2.5311053843192406,0.025961648319562835,66.36575181336993,0.4250851485988944,-0.23595505617977525,1.5170067911309246,1.1944280719048255,2.05876914838015,-0.14043883111867606,-0.22876537479693665,-0.07945017531378627,0.8150823822707907,0.8826550025820645,0.960911876276553,Semiconductors,Technology,SYNA
2014Q4,2014,Q4,2014-06-30,2014-06-30,34472000.0,314898000.0,39358000.0,0.89,139826000.0,0.4440358465280821,1020333000.0,701157000.0,742431000.0,254408000.0,319176000.0,82311000.0,482681000.0,3300293040.0,2853088040.0,19.256735601878553,2.918269079588692,0.0,0.0,0.0484747362163875,19.256735601878553,0.04916445246927578,10.48051445229884,23.93459213274542,4.706924469127457,0.0,2.1269575147914614,0.0,0.3086227731534705,2.524535391968806,0.03378504860668037,96.67222355663611,0.4440358465280821,1.7946428571428572,1.4852647909510186,1.5752490659766227,1.9866926088870231,0.5127772368278697,1.8605951667665268,2.0889522175801676,1.2354595342396377,0.9831560484150823,0.8619947555148412,Semiconductors,Technology,SYNA
2014Q3,2014,Q3,2014-03-31,2014-03-31,-40056000.0,204271000.0,-36143000.0,-1.12,92430000.0,0.4524871371854057,894806000.0,628597000.0,634368000.0,190895000.0,266209000.0,70188000.0,448209000.0,2141813700.0,1750332700.0,17.615160431553875,3.3231252782943503,0.0,0.0,-0.06464578572151602,17.615160431553875,-0.06372286218356117,10.485157951936399,-13.367620955662074,3.407292271518954,0.0,1.59344902262495,0.0,0.22828523724695632,2.8348987663375156,-0.04476501051624598,-217.4430152284264,0.4524871371854057,-3.3333333333333335,-7.282320286071976,0.9382721850805278,2.1663672444488378,-0.02237029985721085,-3.310834198684666,-2.637059516260531,-3.8271804290306433,0.3663735427186637,0.7370737515756441,Semiconductors,Technology,SYNA
2014Q2,2014,Q2,2013-12-31,2013-12-31,17334000.0,205763000.0,22078000.0,0.48,94545000.0,0.45948494141317925,822026000.0,624999000.0,573077000.0,149767000.0,197027000.0,51746000.0,488265000.0,1761021900.0,1393902900.0,18.387731685789937,3.8264570966901923,0.002804047560539448,0.003688005900809441,0.027055351325298915,18.387731685789937,0.027734444375111002,8.55849642549924,25.398377466251297,2.8176395482232772,0.0,2.149306226568237,0.0,0.2503120339259342,3.3548512022007517,0.02108692425787019,35.41450951212645,0.45948494141317925,-0.52,-0.18601999541892575,0.4472034902652547,2.697304343402993,-0.1348291986566495,-0.5038781876985603,-0.5321763820905643,-0.020497739946739625,0.28802971028394736,1.0091037980502633,Semiconductors,Technology,SYNA
2014Q1,2014,Q1,2013-09-30,2013-09-30,34939000.0,222607000.0,47193000.0,1.0,109279000.0,0.49090549713171644,683968000.0,521484000.0,550016000.0,142235000.0,162484000.0,57293000.0,470931000.0,1458391500.0,1129124500.0,15.82268341525578,3.8669525784792773,0.003370040703658651,0.004420078084850158,0.06610760323992178,15.82268341525578,0.0669991792653274,6.551417969785317,10.435269326540544,2.796617921163449,0.0,1.9780426928246033,0.0,0.32546405679797885,3.413442542271593,0.05108279919528399,77.13908283084734,0.49090549713171644,-0.2248062015503876,1.5547670205151742,0.9611538997812119,2.8752343966946805,-0.050746605745259334,-0.22906001765225067,-0.12230095408134799,0.950360672921034,0.5168597171656194,0.7069048443136697,Semiconductors,Technology,SYNA
2013Q4,2013,Q4,2013-06-30,2013-06-30,45320000.0,230183000.0,53769000.0,1.29,115121000.0,0.5001281588996581,691266000.0,521855000.0,560420000.0,149626000.0,169411000.0,49948000.0,435992000.0,1277936250.0,924938250.0,15.82385760635556,3.745472043628781,0.0033344616978124193,0.004416935738854663,0.08579992779318225,15.82385760635556,0.08684404671795805,5.551827241803261,7.049515942188879,2.4488339672897643,0.0,2.303635781212461,0.0,0.3329875908839723,3.3667744910643873,0.06556086947716219,91.09896278870829,0.5001281588996581,0.20560747663551399,16.550626945754555,1.4242320518650622,3.6785780067834533,0.4197920649211302,0.24348350985018932,1.2724736908837326,1.4459591132546918,0.6472979452320189,0.9000050587022626,Semiconductors,Technology,SYNA
2013Q3,2013,Q3,2013-03-31,2013-03-31,36446000.0,163324000.0,23661000.0,1.07,81083000.0,0.4964548994636428,601490000.0,454674000.0,470997000.0,126993000.0,146816000.0,43911000.0,390672000.0,1273243000.0,960035000.0,14.105416640814047,3.708842219649902,0.00383215016043492,0.005069566326642826,0.07910892964591522,14.105416640814047,0.08015853116738586,7.795810781024222,8.733763650331998,2.800342663094877,0.0,1.8729020063309876,0.0,0.2715323613027648,3.3246950619325473,0.060592861061696784,81.5240747855039,0.4964548994636428,2.242424242424242,12.96046026133368,1.386247166673096,2.7693200227352337,0.17460524409676953,2.279287385279827,0.585008038585209,2.2661403556286146,0.4617280178894227,0.8732647706833611,Semiconductors,Technology,SYNA
2013Q2,2013,Q2,2012-12-31,2012-12-31,11114000.0,143040000.0,14928000.0,0.33,69030000.0,0.4825922818791946,544407000.0,402108000.0,429613000.0,107325000.0,142299000.0,32124000.0,354226000.0,973365660.0,683139660.0,12.380934786624792,4.0029163754949915,0.004233964662467602,0.005732290827339919,0.027082678529738564,12.380934786624792,0.027639340674644623,6.804849412751678,21.89503464099334,2.4206572861022413,0.0,2.30388494583489,0.0,0.2627446010062325,3.6485720941066853,0.020414873431091076,93.05599043977055,0.4825922818791946,0.8333333333333335,-0.02998490505595906,0.7965301194801537,1.0807596351520636,0.13967310549777118,0.8361143234759624,0.7914316572662906,-0.059318427190778886,0.11031084125720282,0.8580302327730365,Semiconductors,Technology,SYNA
2013Q1,2013,Q1,2012-09-30,2012-09-30,6053000.0,127041000.0,8333000.0,0.18,60570000.0,0.476775214300895,559197000.0,408989000.0,448110000.0,110358000.0,150208000.0,31236000.0,343112000.0,753360670.0,442776670.0,12.415804013235785,4.060512151361931,0.004121982056413035,0.00563584839690065,0.014348482677707029,12.415804013235785,0.014799909044008519,5.930059350918207,31.11517718486701,1.842007168896963,0.0,2.128025355359201,0.0,0.22718469519686266,3.723599557802787,0.01082445005963909,55.67252955956252,0.476775214300895,-0.5,-0.3585295545512612,0.7489861979424368,1.2623415373437625,-0.04469749542615608,-0.5078861788617887,-0.4569212721584984,-0.3563592535551024,0.10743420483534306,0.9575818994905082,Semiconductors,Technology,SYNA
2012Q4,2012,Q4,2012-08-27,2012-06-30,12300000.0,137607000.0,15344000.0,0.36,63404000.0,0.4607614438218986,541505000.0,396790000.0,446177000.0,105598000.0,144715000.0,31667000.0,337059000.0,953980230.0,651280230.0,11.90810599921971,4.225241008352431,0.00425665506320348,0.005809118173341062,0.03031785687717512,11.90810599921971,0.030998765089846014,6.932643179489416,19.389842073170733,2.4042446382217295,0.0,2.34322796602141,0.0,0.25411953721572283,3.8745525483437184,0.022714471703862385,49.868281756403555,0.4607614438218986,0.09090909090909081,0.9529813838952466,1.268367184396284,1.2498627370250082,0.019684786104856866,0.0746112178927136,0.04140084159087824,-0.0309953132437323,0.22971492159791163,0.8469304927385083,Semiconductors,Technology,SYNA
2012Q3,2012,Q3,2012-05-04,2012-03-31,11446000.0,131705000.0,14734000.0,0.33,62180000.0,0.47211571314680534,523210000.0,402388000.0,452062000.0,94917000.0,120822000.0,27975000.0,324759000.0,1219032390.0,897219390.0,12.051513971667315,4.76270847161204,0.0044054968368341585,0.005728302036840065,0.027768654188107127,12.051513971667315,0.02844518226189648,9.255779127595764,26.62572929407653,3.0294948905036927,0.0,2.485254691689008,0.0,0.25172492880487757,4.420820295626705,0.021876493186292312,69.10222719800464,0.47211571314680534,-0.3529411764705882,1.356429024398819,1.375882991090087,1.504489899809257,-0.09520829998690394,-0.3415405856296381,-0.3038506969052681,0.9186180504781135,0.3356497899166972,1.1662884782786374,Semiconductors,Technology,SYNA
2012Q2,2012,Q2,2012-02-03,2011-12-31,17383000.0,145470000.0,21165000.0,0.51,68723000.0,0.4724204303292775,481891000.0,363891000.0,403595000.0,92826000.0,118000000.0,29223000.0,313313000.0,981955350.0,701795350.0,11.172925174245448,4.347865899640187,0.004783239363258496,0.00633431439634396,0.04693906825187351,11.172925174245448,0.04776979919811152,6.7502258197566505,14.122351579129033,2.6984875965605086,0.0,2.6262532936385723,0.0,0.3018732451944527,3.977473983582186,0.03607247282061711,36.57325598718761,0.4724204303292775,0.30769230769230765,1.1913661589878,1.251368422999642,1.1570044160671984,0.12182500816193274,0.3356127545140223,0.29647779479326186,-0.14810432195476025,0.06778175838390359,1.2465905790423584,Semiconductors,Technology,SYNA
2012Q1,2012,Q1,2011-09-30,2011-09-30,13015000.0,133446000.0,16325000.0,0.39,61260000.0,0.45906209253181063,451540000.0,325244000.0,371317000.0,102101000.0,126296000.0,28795000.0,295930000.0,785712500.0,546660500.0,9.893353612167301,3.636761637985916,0.005104752624352217,0.007086987000528833,0.039215641423912206,9.893353612167301,0.04001611098129405,5.887868501116556,15.092441413753361,2.415763242365731,0.0,2.5068935579093594,0.0,0.2955352792665102,3.297675830794997,0.028823581521016963,28.660994382432335,0.45906209253181063,-0.04878048780487796,2.6165694706380402,1.7918575178382594,1.173432808308924,0.011091305208952268,-0.06521582992171228,0.0014108698319224636,-0.04593032773600686,0.17861918870683344,1.4230443857309854,Semiconductors,Technology,SYNA
2011Q4,2011,Q4,2011-06-30,2011-06-30,13923000.0,143366000.0,16302000.0,0.41,60588000.0,0.4226106608261373,456201000.0,339993000.0,374184000.0,92761000.0,116208000.0,28850000.0,282915000.0,846202500.0,601354500.0,10.341992395437263,4.033850432832764,0.005052597429641759,0.0067795513437041354,0.040019628461954095,10.341992395437263,0.04095084310559335,5.902393175508838,15.194327731092436,2.48888212404373,0.0,2.869254766031196,0.0,0.3142606000425251,3.675693448755404,0.03051944208802699,36.34734332717667,0.4226106608261373,0.07894736842105256,8.056650722821667,2.74412258045299,1.3341641940373092,0.051582893640655374,0.03163900414937759,0.130826859045505,4.40887914981335,0.5146728206250779,2.05777638874737,Semiconductors,Technology,SYNA
2011Q3,2011,Q3,2011-03-31,2011-03-31,13496000.0,142406000.0,14416000.0,0.38,57616000.0,0.40458969425445557,466310000.0,344703000.0,381008000.0,98859000.0,121607000.0,32624000.0,268992000.0,918463840.0,674483840.0,10.140709578724406,3.854054764867134,0.004943063627200789,0.006686915982744565,0.03823471911227077,10.140709578724406,0.03915254581480289,6.44961476342289,17.013630705394192,2.664507822676333,0.0,2.5990068661108388,0.0,0.3053891188265317,3.4791571834633164,0.02894212004889451,50.038890765459,0.40458969425445557,-0.24,8.07712089699044,2.851100932311089,1.369467004655851,-0.1141179003044374,-0.2365652223102161,-0.2584362139917695,3.902215727855866,0.9730186447885495,1.7098511609525158,Semiconductors,Technology,SYNA
2011Q2,2011,Q2,2010-12-31,2010-12-31,17678000.0,159581000.0,19440000.0,0.5,65038000.0,0.4075547840908379,453888000.0,310754000.0,369511000.0,119274000.0,143134000.0,23002000.0,255496000.0,997568520.0,783429520.0,9.152205925664134,3.098001240840418,0.005078345318668923,0.007417442736054886,0.05583385229271525,9.152205925664134,0.05688744151322268,6.251173510630965,14.10748557529132,3.2101550422520706,0.0,4.110207808016694,0.0,0.3515867350535815,2.8680768650334523,0.03894793429216018,47.07288221970555,0.4075547840908379,-0.03846153846153849,2.9510202784919315,2.5280598144841475,1.2828998698464251,0.035175399503406125,-0.05460185036632975,-0.13059033989266547,0.475840971706985,0.9171518660603425,0.538134316262963,Semiconductors,Technology,SYNA
2011Q1,2011,Q1,2010-09-30,2010-09-30,18699000.0,153185000.0,22360000.0,0.52,62828000.0,0.41014459640304207,449789000.0,318900000.0,366380000.0,107876000.0,130889000.0,15114000.0,237818000.0,968072280.0,739757280.0,9.26980989477356,3.396306870851719,0.005124625101992268,0.007227971150830981,0.0576556205445853,9.26980989477356,0.05863593603010348,6.3196284231484805,12.942834910957805,3.0356609595484474,0.0,5.978364430329496,0.0,0.3405708009755685,3.212762801735326,0.04157282636969779,63.21072673849167,0.41014459640304207,-0.03703703703703707,2.663744786098186,2.19839267581108,1.5319866045600674,0.06044187891370027,-0.03254346026490066,0.05119646467020827,0.8974810489918057,1.019350968736834,0.6890952809717305,Semiconductors,Technology,SYNA
2010Q4,2010,Q4,2010-06-30,2010-06-30,19328000.0,145763000.0,21271000.0,0.54,59247000.0,0.40646117327442494,414679000.0,286511000.0,334505000.0,105971000.0,128168000.0,18667000.0,219119000.0,946055000.0,738502000.0,8.328323934654962,3.1565711373866434,0.005558516346378765,0.008045066332531735,0.06629813379089666,8.328323934654962,0.0674598881020275,6.490364495791113,12.23684550910596,3.301984915064343,0.0,4.634702951733005,0.0,0.351508033925036,2.938228383236923,0.04660954617909274,28.111220062993997,0.40646117327442494,0.6363636363636364,0.7171659422220741,1.7696965629235677,1.138990621500091,0.252526320240159,0.6653455109426158,0.8569183762549105,1.9724478515522268,1.3273112145493973,0.5735151907181123,Semiconductors,Technology,SYNA
2010Q3,2010,Q3,2010-03-31,2010-03-31,11606000.0,116212000.0,11455000.0,0.33,47302000.0,0.40703197604378205,355203000.0,252446000.0,278588000.0,81899000.0,102757000.0,18208000.0,199791000.0,925652860.0,759292860.0,7.529857424088767,3.4016044151943245,0.0064892469939724605,0.009130665568081887,0.044791804611424894,7.529857424088767,0.04597418853933118,7.9652089285099645,19.939101757711526,3.6667360940557585,0.0,3.7846001757469243,0.0,0.3271706601577126,3.1338233678066887,0.03267427358440103,46.71003986476258,0.40703197604378205,-0.05714285714285704,0.17051172933822675,1.4144931794474984,0.9504823155471954,-0.12128699076740168,-0.050789236934652815,-0.22674497097340354,1.3796049270001998,1.087831437372427,0.5648201470760953,Semiconductors,Technology,SYNA
2010Q2,2010,Q2,2009-12-31,2009-12-31,12227000.0,133323000.0,14814000.0,0.35,53831000.0,0.4037637916938563,334757000.0,223966000.0,260343000.0,89248000.0,110791000.0,15837000.0,188185000.0,1030177150.0,892449150.0,6.6634732676802235,2.9170737719612765,0.006885591638113617,0.01029174071064358,0.056825706212203286,6.6634732676802235,0.054593107882446444,7.7269274618782955,21.06357139936207,4.599703303179947,0.0,5.019384984529898,0.0,0.3982679973831765,2.69288947651488,0.03652500171766386,43.583244489571435,0.4037637916938563,0.2962962962962961,0.4486842536675663,1.7165956939358706,0.876232204245279,0.11400604279624188,0.24714402284781722,0.01584036206541864,0.49359593498479676,0.9994069595571634,0.28642598429489996,Semiconductors,Technology,SYNA
2010Q1,2010,Q1,2009-09-30,2009-09-30,9804000.0,119592000.0,14583000.0,0.27,48322000.0,0.40405712756706136,387988000.0,217805000.0,308259000.0,151634000.0,170183000.0,15678000.0,175958000.0,865393200.0,749818200.0,6.342418683206662,2.0329147816452773,0.16615204593956515,0.2959757581322743,0.03881874646937501,6.342418683206662,0.045012740754344485,7.2362131246237205,22.067350061199512,3.9732476297605657,0.0,4.545860441382829,0.0,0.30823633720630533,1.9038078531200127,0.02526882274709527,31.09234362088169,0.40405712756706136,-0.24999999999999992,1.425661537358687,2.4419804865001717,1.080447500698259,0.04135508480055169,-0.25057330683381746,0.008227323008849558,1.608007079497806,1.3952047413848916,0.39334156955227373,Semiconductors,Technology,SYNA
2009Q4,2009,Q4,2009-08-24,2009-06-30,13082000.0,115327000.0,14464000.0,0.36,46403000.0,0.40236024521577773,376221000.0,221414000.0,294753000.0,136323000.0,154807000.0,14950000.0,187666000.0,1327279650.0,1223546650.0,6.447511720683731,2.1621663255650185,0.17357616932600786,0.2949361828971971,0.04446483517785479,6.447511720683731,0.05908388810102342,11.508837045964952,25.364616457728175,5.994560642055155,0.0,4.610301003344482,0.0,0.30654057056889433,2.0298042149894,0.03477211532583242,319.826421686747,0.40236024521577773,1.1176470588235292,2.8563515308977556,2.597256307663363,1.2240767888031239,0.13992679391750804,1.1495234965494578,0.36003761165961445,7.146325606963875,1.8832859079659354,0.4551887512212337,Semiconductors,Technology,SYNA
2009Q3,2009,Q3,2009-03-31,2009-03-31,6086000.0,100595000.0,10635000.0,0.17,40707000.0,0.40466225955564394,330658000.0,189494000.0,263481000.0,123904000.0,141164000.0,15859000.0,172137000.0,911499120.0,830722120.0,5.563208267277318,2.12649309142562,0.1974940875466494,0.3446177715389405,0.03157541618460407,5.563208267277318,0.032117111887447626,9.06107778716636,37.44245481432797,4.810174042449893,0.0,3.7762784538747716,0.0,0.3042267236842901,1.9661915676652892,0.018405724343581585,28.47989751601312,0.40466225955564394,-0.7166666666666666,0.8865055857444146,2.18785880982551,1.0537263749759354,-0.29579974397121406,-0.7128838986649054,-0.6222293265132139,3.08490133952754,1.7148108840195906,0.2998931018592872,Semiconductors,Technology,SYNA
2009Q2,2009,Q2,2008-12-31,2008-12-31,21197000.0,141523000.0,28152000.0,0.6,57806000.0,0.4084565759629177,306908000.0,168261000.0,245181000.0,119309000.0,138647000.0,22121000.0,166051000.0,560274480.0,515973480.0,4.97328052493128,2.0550084235053516,0.21277711887601497,0.3881053838976352,0.09866089774236,4.97328052493128,0.12597690492746388,3.9588934660797186,6.607945463980751,3.3297940699270776,0.0,3.7845034130464263,0.0,0.4611251580278129,1.8308258387883563,0.06906629999869668,15.352930150987861,0.4084565759629177,0.5384615384615383,5.472645174971142,3.4142989818648686,0.9175750002924467,0.24065846801021612,0.5185185185185185,0.7358490566037735,3.7544574443089345,2.140018588458178,0.24052076136513578,Semiconductors,Technology,SYNA
2009Q1,2009,Q1,2008-09-30,2008-09-30,13959000.0,115857000.0,16218000.0,0.39,46593000.0,0.4021595587664103,333733000.0,137353000.0,268079000.0,53180000.0,196380000.0,25138000.0,144854000.0,1016600800.0,1029537800.0,4.083026159334126,5.040974050394885,0.3745509134547677,0.9100638500797216,0.050678929496174335,4.083026159334126,0.10162865026610267,8.774616984731177,18.20690593882083,7.401373104337001,0.0,2.755350465430822,0.0,0.3471547614410322,4.495825498307634,0.041826849607320825,-2770.0294277929156,0.4021595587664103,4.27027027027027,5.593153654971527,3.1951421137878078,0.6424313225087804,0.20181072506383965,4.2995444191343966,0.5371054876315041,1.796976667165704,1.4738053500832462,0.11525130060446431,Semiconductors,Technology,SYNA
2008Q4,2008,Q4,2008-08-27,2008-06-30,2634000.0,96854000.0,10551000.0,0.074,38769000.0,0.40028290003510436,306361000.0,113777000.0,240360000.0,50509000.0,192584000.0,21065000.0,130895000.0,846157012.0,874939012.0,3.3821938168846613,4.758755865291334,0.40801538054778513,1.0986403227365813,0.017301966809424158,3.3821938168846613,0.023150548880705238,8.736417824767175,80.31102999240699,7.4369777019960095,0.0,2.75741751720864,0.0,0.31614337334060144,4.274050169276762,0.008597700098902929,34.704167500615206,0.40028290003510436,-0.07500000000000007,0.08309163280766249,2.6746855705645682,0.41226207355799244,0.2050166288502782,-0.12433510638297872,0.6403917910447762,-0.760685604090932,0.8820456785521196,-0.13134012183309648,Semiconductors,Technology,SYNA
2008Q3,2008,Q3,2008-03-31,2008-03-31,3008000.0,78861000.0,6432000.0,0.08,32173000.0,0.40797098692636413,319578000.0,138984000.0,278039000.0,39775000.0,180594000.0,20284000.0,128261000.0,591268800.0,608431800.0,3.7421647819063004,6.99029541169076,0.3911408169523559,0.8993841017671099,0.012136158306964488,3.7421647819063004,0.02164277902492373,7.49760718225739,49.14135638297872,4.254222068727335,0.0,2.3017156379412347,0.0,0.24676604772543792,6.122061596480201,0.009412412619141493,26.816127715542656,0.40797098692636413,-0.75999975999976,0.3820310749263496,1.8719199035484935,0.6247601789019737,-0.2161530028018029,-0.7881093265708651,-0.6414116072921894,-0.7261511780870903,0.4790304955382784,-0.03065545363163824,Semiconductors,Technology,SYNA
2008Q2,2008,Q2,2007-12-31,2007-12-31,14196000.0,98650000.0,17937000.0,0.333333,41045000.0,0.41606690319310696,416011000.0,239439000.0,386894000.0,36952000.0,176572000.0,20147000.0,125253000.0,1104199320.0,1099199320.0,5.950199425951467,10.470177527603377,0.3004728240359029,0.522053633702112,0.03408128075127355,5.950199425951467,0.059288587072281455,11.193100050684237,19.44560650887574,4.61161013869921,0.0,2.8592346255025562,0.0,0.23713315272913457,9.559130764234682,0.03412409768010942,57.04687538747675,0.41606690319310696,0.2195124628200766,5.707675224662934,2.553874411385893,1.6625504925199996,0.1573708549515001,0.26052210974960044,0.25328395751816657,0.4048756450770227,0.678939650153164,0.6753958988325706,Semiconductors,Technology,SYNA
2008Q1,2008,Q1,2007-09-30,2007-09-30,11262000.0,86692000.0,14312000.0,0.273333,35464000.0,0.40908042264568817,385889000.0,215762000.0,356375000.0,32136000.0,170127000.0,19476000.0,111057000.0,1296608699.9999998,1319629699.9999998,5.48803255754801,11.089588000995768,0.32392734698319986,0.5793420528174563,0.030475089736625282,5.48803255754801,0.05219640159064154,14.956497716052228,28.782824986680872,6.0094395676717856,0.0,2.6303142329020335,0.0,0.2246552765173405,10.170369678864825,0.02918455825379837,366.89550084889635,0.40908042264568817,0.5185166666666667,7.328695154521174,2.469116745289369,0.0,0.2692459110268065,0.5155429955591442,1.0428204396231802,1.433868331121712,1.1794150963628927,0.8001907771135708,Semiconductors,Technology,SYNA
2007Q4,2007,Q4,2007-09-06,2007-06-30,7431000.0,71576000.0,7006000.0,0.18,27941000.0,0.3903682798703476,373312000.0,208087000.0,338017000.0,38096000.0,165225000.0,12034000.0,99795000.0,938319310.5000001,1018904310.5000001,5.29281444741193,8.872768794624108,0.3388586490656609,0.6079188031928953,0.01665234889764527,5.29281444741193,0.035711024715623756,13.10941251955963,31.567733498183287,4.509264444679389,0.0,3.625976400199435,0.0,0.19173238470769757,8.445453590928182,0.019905601748671353,96.18855053818555,0.3903682798703476,0.3500033750084374,1.5630091966986728,1.4611548320019268,0.0,0.11110669264723426,0.3187222715173026,0.10801834572196742,0.9133939207175092,0.9501250894365971,0.8257625995726572,Semiconductors,Technology,SYNA
2007Q3,2007,Q3,2007-05-08,2007-03-31,5635000.0,64309000.0,6323000.0,0.133333,25147000.0,0.3910339143821238,353946000.0,186389000.0,316515000.0,40525000.0,167557000.0,9125000.0,92364000.0,660551048.85,739595048.85,4.8119634950754495,7.810363972856262,0.35739915128296407,0.678688120007082,0.013321781108644794,4.8119634950754495,0.030232470800315468,10.27151796560357,29.305725326086957,3.543937940811958,0.0,4.29172602739726,0.0,0.18169155746921847,7.478494756323257,0.015920507648059308,51.30493583300971,0.3910339143821238,-0.37500058593841545,0.5800544198202714,0.8001974357177564,0.0,-0.17255108420255996,-0.3967455304571245,-0.4504606292369199,0.5360036867906244,0.7921181159152835,0.7763951789089488,Semiconductors,Technology,SYNA
2007Q2,2007,Q2,2006-12-31,2006-12-31,9341000.0,76087000.0,11506000.0,0.213333,30391000.0,0.3994243431860896,357893000.0,198657000.0,319336000.0,32184000.0,159236000.0,8204000.0,86729000.0,,,,,,,,,,,,,,,,,,,,,,,,,,,,,,,Semiconductors,Technology,SYNA
2007Q1,2007,Q1,2006-09-30,2006-09-30,4127000.0,54815000.0,5406000.0,0.1,22395000.0,0.4085560521754994,338616000.0,171613000.0,300225000.0,39931000.0,167003000.0,9017000.0,77388000.0,,,,,,,,,,,,,,,,,,,,,,,,,,,,,,,Semiconductors,Technology,SYNA
