Quarters,Year,Quarter,FillingDate,Date,NetIncome,Revenue,OperatingIncome,EPSDiluted,GrossProfit,GrossProfitRatio,TotalAssets,CommonStockEquity,CurrentAssets,CurrentLiability,TotalLiability,Inventory,RetainedEarnings,MarketCap,EnterpriseValue,bookValuePerShare,currentRatio,debtToAssets,debtToEquity,roic,shareholdersEquityPerShare,roe,priceToSalesRatio,peRatio,pbRatio,payoutRatio,inventoryTurnover,dividendYield,assetTurnover,quickRatio,returnOnAssets,priceToFreeCashFlowsRatio,grossProfitMargin,epsdilutedGrowth,fiveYNetIncomeGrowthPerShare,fiveYRevenueGrowthPerShare,fiveYShareholdersEquityGrowthPerShare,grossProfitGrowth,netIncomeGrowth,operatingIncomeGrowth,threeYNetIncomeGrowthPerShare,threeYRevenueGrowthPerShare,threeYShareholdersEquityGrowthPerShare,Industry,Sector,Symbol
2023Q1,2023,Q1,2023-05-04,2023-03-31,96733000.0,1544329000.0,127602000.0,2.43,313694000.0,0.2031264064,3362187000.0,2144520000.0,2191717000.0,580148000.0,1217667000.0,738798000.0,1736364000.0,2504257250.0,2023380250.0,54.164119920187915,3.7778584085440268,0.15461483849649052,0.24240575979706414,0.03465579409423854,54.164119920187915,0.04510706358532445,1.6215827391702158,6.472086180517507,1.1677472114972114,0.08536900540663475,1.6657259494476162,0.0032975845432812465,0.4593227562892843,2.4687717616883966,0.028770856588286136,139.67634837414246,0.20312640635512252,-0.17627118644067796,1.5571337304441109,0.27873470901140346,1.9706107079324389,-0.0762539422655033,-0.1757583503749148,-0.18086226376335252,6.842822189135105,0.3050084885854318,1.9949403948973194,Building Materials,Basic Materials,BCC
2022Q4,2022,Q4,2023-02-21,2022-12-31,117360000.0,1628306000.0,155776000.0,2.95,339589000.0,0.208553552,3240514000.0,2057975000.0,2064052000.0,545828000.0,1182539000.0,697551000.0,1645741000.0,2715486480.0,2240224480.0,52.04266133926765,3.7815062620459194,0.16141945382738665,0.25417315565057885,0.043700053603368955,52.04266133926765,0.0570269318140405,1.6676757808421758,5.784523006134969,1.31949439619043,0.3880282890252215,1.8474878539346944,0.016770107432094453,0.5024838652139754,2.415821467568538,0.036216476768808896,15.533753289247878,0.20855355197364622,-0.46557971014492744,5.018546161096875,0.4622852980327356,1.9917920290655255,-0.3190078368774415,-0.46554213136478934,-0.4796539399405418,6.921178888637494,0.46112022102815653,1.9009221903183815,Building Materials,Basic Materials,BCC
2022Q3,2022,Q3,2022-10-31,2022-09-30,219587000.0,2154647000.0,299370000.0,5.52,498668000.0,0.2314383748,3348534000.0,1983072000.0,2181437000.0,739463000.0,1365462000.0,767187000.0,1574400000.0,2351286240.0,2010936240.0,50.14849281812664,2.9500286018367383,0.15729689470078548,0.26560508140904615,0.08577849462340062,50.14849281812664,0.1107307248551742,1.0912628565143154,2.6769415311471083,1.1856787045553565,0.021558653290039937,2.1585076389459155,0.002013366097017605,0.6434597946444623,1.8882702718053506,0.06557705551145665,6.585461206244643,0.23143837482427515,0.005464480874316823,5.780523881091287,0.7172710254788374,1.9858338464635328,0.03862335563312811,0.006767196519203524,0.007725321888412017,6.988270163601393,0.6775943502684505,1.679394803451932,Building Materials,Basic Materials,BCC
2022Q2,2022,Q2,2022-08-01,2022-06-30,218111000.0,2278072000.0,297075000.0,5.49,480124000.0,0.2107589225,3135172000.0,1764985000.0,2448460000.0,769077000.0,1370187000.0,803607000.0,1359615000.0,2352472560.0,1850397560.0,44.63344628767955,3.183634408518263,0.1693406294774258,0.30080255639566345,0.09316795404357703,44.63344628767955,0.12357668762057468,1.0326594418438049,2.696416686916295,1.3328569704558395,0.4738504706319259,2.2373473600901934,0.043933349853823585,0.7266178697691865,2.1131928272461664,0.06956906989472986,11.005668090441683,0.21075892245723576,-0.27858081471747703,8.620898990798981,0.9545969607412819,1.8076911110411502,-0.19494421398221956,-0.27921017845340385,-0.26761712702278934,6.777990705449879,0.8305663598106479,1.4745185108621313,Building Materials,Basic Materials,BCC
2022Q1,2022,Q1,2022-05-05,2022-03-31,302600000.0,2326282000.0,405628000.0,7.61,596386000.0,0.2563687464,3105927000.0,1648689000.0,2422905000.0,880163000.0,1457238000.0,804668000.0,1246346000.0,2742258780.0,2348273780.0,41.766453868369055,2.752791244349058,0.17023452257570768,0.3207008720261978,0.1352026160286084,41.766453868369055,0.18353977008398795,1.1788161452480825,2.265580617977528,1.6632965829213393,0.019626569729015202,2.149825766651588,0.002165732878061931,0.7489815439963656,1.8212160702051778,0.097426629795227,15.109113539066762,0.25636874635147416,0.7863849765258217,28.45444167650917,1.3283888603802616,1.7279811246623271,0.5234565189069889,0.7897382818275913,0.7781888800725956,25.172374646524535,1.1989664159506999,1.3917616086455304,Building Materials,Basic Materials,BCC
2021Q4,2021,Q4,2022-02-22,2021-12-31,169075000.0,1782183000.0,228113000.0,4.26,391469000.0,0.2196570161,2572640000.0,1352619000.0,1885878000.0,640746000.0,1220021000.0,660671000.0,948879000.0,2808270400.0,2591152400.0,34.29387454997211,2.9432536449700817,0.20670945021456558,0.3931550569672613,0.08819424473300118,34.29387454997211,0.12499824414709537,1.575747496188663,4.152403371284933,2.076172521604384,0.7257844152003549,2.105002338531584,0.04369664687560001,0.6927448068909758,1.8901951787447757,0.0657204272653772,33.10273354158072,0.21965701614256225,0.844155844155844,39.3701066693562,0.8950443745103566,1.2802312949905077,0.3733537744785052,0.8438041854327746,0.7630423693444423,3.3121434608812086,0.652052068911786,0.9868920196008165,Building Materials,Basic Materials,BCC
2021Q3,2021,Q3,2021-11-01,2021-09-30,91699000.0,1879451000.0,129386000.0,2.31,285046000.0,0.15166450202745377,2588365000.0,1305605000.0,1937991000.0,700295000.0,1282760000.0,644370000.0,904133000.0,2129079159.9999998,1874343159.9999998,33.10189645555499,2.7673923132394207,0.2055931060727525,0.407588818976643,0.050154697440546965,33.10189645555499,0.07023487195591316,1.1328197223550918,5.804532110491936,1.6307222781775497,0.9007295608458108,2.474362555674535,0.03879423628382141,0.7261151344574663,1.8246724594635118,0.03542738369588524,9.858947553645683,0.15166450202745377,-0.6968503937007875,8.041073851890012,0.7330415154712127,1.2443237754481626,-0.5073845824159492,-0.6969189174896548,-0.684251113415899,5.547280552294923,0.388328198100342,0.7263618075988532,Building Materials,Basic Materials,BCC
2021Q2,2021,Q2,2021-08-02,2021-06-30,302556000.0,2443161000.0,409775000.0,7.62,578638000.0,0.23683989716600748,2647440000.0,1215710000.0,2007430000.0,854257000.0,1431730000.0,727205000.0,816416000.0,2301440700.0,2173511700.0,30.822727042239237,2.3499134335451743,0.1986213096425226,0.4325357198674026,0.16849648496164826,30.822727042239237,0.2488718526622303,0.9419930573547957,1.9016650636576369,1.893083630142057,0.012999246420497362,2.5639578935788396,0.0017089295413955268,0.9228390445109238,1.4795512357522385,0.11428247665669478,11.465526311856403,0.23683989716600748,1.0265957446808511,14.484640577959771,1.3034325598578833,1.1362727468487208,0.5601673847746723,1.0284534313068197,0.9963607309717871,6.149305699141397,0.7147577189441596,0.5640711945949791,Building Materials,Basic Materials,BCC
2021Q1,2021,Q1,2021-05-06,2021-03-31,149156000.0,1821316000.0,205261000.0,3.76,370882000.0,0.2036340755805143,2278737000.0,995261000.0,1632860000.0,696514000.0,1283476000.0,611700000.0,597374000.0,2354609650.0,2426124650.0,25.28931520772456,2.344331915797816,0.23192540429193892,0.5310134728478259,0.09489709976554404,25.28931520772456,0.14986621599761268,1.2928067671947097,3.9465553682051007,2.365821277031854,0.02976749175360026,2.371152525747916,0.0018856628740988978,0.7992655580701064,1.4498717900860572,0.06545555717926202,39.9424877014419,0.2036340755805143,4.696969696969696,28.748164239267272,1.04166466942573,0.825234596637562,0.5514894435868797,4.7365485942848355,1.0704155739358483,2.9667789996281124,0.5172055497664284,0.3869829448543289,Building Materials,Basic Materials,BCC
2020Q4,2020,Q4,2021-02-22,2020-12-31,26001000.0,1472231000.0,99140000.0,0.66,239049000.0,0.16237193755599494,1965718000.0,850799000.0,1308855000.0,524002000.0,1114919000.0,503480000.0,452334000.0,1879352600.0,2005370600.0,21.639468932014143,2.49780535188797,0.27033379152045206,0.6245893565930378,0.02007571401783905,21.639468932014143,0.030560684721068078,1.2765337776476653,18.07000307680474,2.2089266677558386,2.5630552671051112,2.4493167553825375,0.035460083435114836,0.7489533086638063,1.520060992133618,0.013227227913668186,-59.3042789523509,0.16237193755599494,-0.7471264367816092,10.034732981903108,0.659439598818545,0.5721569765726324,-0.2703378345379957,-0.748032793239786,-0.3747950457836188,0.3411018797042014,0.3297569644050817,0.24399461899082872,Building Materials,Basic Materials,BCC
2020Q3,2020,Q3,2020-10-30,2020-09-30,103192000.0,1589313000.0,158572000.0,2.61,327616000.0,0.20613686542550147,2059836000.0,778136000.0,1413519000.0,676388000.0,1281700000.0,454327000.0,430306000.0,1569454800.0,1598519800.0,19.792343889100852,2.089804964014737,0.25875846426608723,0.6849702365653305,0.08477054675009704,19.792343889100852,0.13261435019071216,0.9875051673270149,3.802268586712148,2.016941511509556,0.038675478719280565,2.7770680589091117,0.00254292127431768,0.7715725912159997,1.3924315629490767,0.050097192203651164,9.974291706387035,0.20613686542550147,2.0705882352941174,3.666630945661036,0.5951441943914804,0.4421646936276126,0.6899792631720125,2.072470672303936,2.0630094649410857,2.204977401867889,0.27407345266942185,0.17843322827763955,Building Materials,Basic Materials,BCC
2020Q2,2020,Q2,2020-07-31,2020-06-30,33586000.0,1242760000.0,51770000.0,0.85,193858000.0,0.15598989346293735,1841075000.0,739708000.0,1193143000.0,485287000.0,1101367000.0,456129000.0,394648000.0,1478524320.0,1647995320.0,18.816341066341067,2.4586337569314654,0.28836793721059706,0.7177251023376792,0.028433401619699445,18.816341066341067,0.04540440281840943,1.1897102578132543,11.005510629428928,1.9987945513635108,0.11662597510867623,2.2995731470702365,0.002649263151789076,0.675018671156797,1.488393466134473,0.018242602827152614,9.826889543191742,0.15598989346293735,1.741935483870968,0.6678937588107138,0.3068007524814486,0.40054876276915063,0.08747700040389535,1.752950819672131,1.0264610326065682,0.49022494249654125,0.07258692303413754,0.1836521252195465,Building Materials,Basic Materials,BCC
2020Q1,2020,Q1,2020-05-07,2020-03-31,12200000.0,1170534000.0,25547000.0,0.31,178264000.0,0.1522928851276426,1755367000.0,708271000.0,1105390000.0,438936000.0,1047096000.0,536314000.0,365032000.0,931296140.0,1238505140.0,18.085207976916987,2.5183398035248876,0.2506114106053036,0.6211111283675317,0.01562879054962286,18.085207976916987,0.01722504521574369,0.7956164793162779,19.083937295081967,1.314886731208817,0.38073770491803277,1.850166134018504,0.004987672342333557,0.6668314944965924,1.2646923469480744,0.006950113565995031,-15.25964509257742,0.1522928851276426,-0.16216216216216217,0.6153812138534076,0.45763966649042,0.4231288107858206,0.09810395594377164,-0.16706492797159828,0.031160443995963672,0.1969524169494172,0.18089795276766343,0.1812376064319349,Building Materials,Basic Materials,BCC
2019Q4,2019,Q4,2020-02-24,2019-12-31,14647000.0,1101713000.0,24775000.0,0.37,162338000.0,0.14735053503044804,1693351000.0,701330000.0,1022764000.0,384992000.0,992021000.0,497596000.0,356698000.0,1428067290.0,1664822290.0,17.94004041644284,2.656585071897598,0.26016106524872873,0.6281550767826843,0.015328360410975595,17.94004041644284,0.020884604964852494,1.296224415977664,24.374740390523655,2.036227296707684,2.9278350515463916,1.8878266706324005,0.030029397284213402,0.650611125513848,1.3425811445432632,0.008649712906538574,66.6511383366004,0.14735053503044804,-0.46376811594202894,-0.06152628993421315,0.2889728845308423,0.43654986218085806,-0.1482791185729276,-0.4609326119760038,-0.44819368346028776,2.528491793168334,0.18194016314592643,0.19284980562223392,Building Materials,Basic Materials,BCC
2019Q3,2019,Q3,2019-11-07,2019-09-30,27171000.0,1269524000.0,44898000.0,0.69,190600000.0,0.15013501123255646,1785923000.0,731566000.0,1125130000.0,444750000.0,1054357000.0,492588000.0,385661000.0,1273845330.0000002,1490919330.0000002,18.716350704837925,2.5298032602585723,0.2465195867906959,0.6018117299054357,0.02639760900196573,18.716350704837925,0.03714087314063256,1.0034038978388753,11.720633487909906,1.741258246009246,0.12910824040337124,2.1903172631083176,0.002753866515332752,0.7108503558104129,1.3904125913434513,0.015213981789808408,11.85270095744978,0.15013501123255646,-0.028169014084507067,-0.1511671804239177,0.3021583971696917,0.41615986533626126,0.05638876880272244,-0.01973446857637636,-0.005184791278915182,1.7032588258930743,0.1812599084916104,0.2689771697187632,Building Materials,Basic Materials,BCC
2019Q2,2019,Q2,2019-08-05,2019-06-30,27718000.0,1230081000.0,45132000.0,0.71,180426000.0,0.1466781455855346,1732811000.0,705021000.0,1073267000.0,424106000.0,1027790000.0,524451000.0,362057000.0,1119842550.0,1439411550.0,18.037224652697827,2.530657429982127,0.2539145931091158,0.6240750275523708,0.02721014565435691,18.037224652697827,0.039315140967432174,0.910381145631873,10.100318836135363,1.5883818354346892,0.12659643552925898,2.0014357871374067,0.003133476219491749,0.7098760337971077,1.252212890173683,0.015995974171447436,13.123052358965946,0.1466781455855346,1.4482758620689655,0.058147562190579316,0.29065480670262495,0.4605880248913811,0.2506654466810847,1.4337518658354553,1.084233859794957,0.4314752373539732,0.17026364777998867,0.25013050926810243,Building Materials,Basic Materials,BCC
2019Q1,2019,Q1,2019-05-07,2019-03-31,11389000.0,1042086000.0,21654000.0,0.29,144264000.0,0.13843771051525497,1687047000.0,679017000.0,1032974000.0,406890000.0,1008030000.0,573860000.0,337884000.0,1040147000.0,1427239000.0,17.462632445221686,2.5387057927203913,0.2606370776866323,0.6475640521518607,0.014059849054888714,17.462632445221686,0.016772775939335835,0.998139309039753,22.83227236807446,1.5318423544624065,0.35586969883220654,1.5645314188129509,0.0038965646201931073,0.6176982621112512,1.0813856324805229,0.006750849265017513,-20.273398822749776,0.13843771051525497,1.1567567567567567,1.0722252738187896,0.37538039930554035,0.4981538656362888,0.15478639525482882,1.1576419455748415,1.2569384292274286,1.2989737774826753,0.18231079334578262,0.2603504929089007,Building Materials,Basic Materials,BCC
2018Q4,2018,Q4,2019-02-26,2018-12-31,-72246000.0,1065805000.0,-84277000.0,-1.85,124927000.0,0.11721374923180132,1581248000.0,672590000.0,985778000.0,369825000.0,908658000.0,533049000.0,330056000.0,929386800.0,1177143800.0,17.260059536029562,2.6655255864260123,0.27789948192819847,0.6533370998676757,-0.058602401272098155,17.260059536029562,-0.10741462109160112,0.8720045411684126,-3.2160493314508765,1.381802881398772,-0.048473271876643687,1.765087262146632,0.0037680758969247247,0.6740277299955478,1.138135604677888,-0.04568922774922087,80.76006256517205,0.11721374923180132,-6.2857142857142865,-8.425929095824907,0.34862071697534197,0.501592870497996,-0.28813279237800016,-6.217071057192374,-3.76726317517649,-31.935549880208345,0.21209176436266808,0.25398285424106143,Building Materials,Basic Materials,BCC
2018Q3,2018,Q3,2018-11-06,2018-09-30,13848000.0,1338512000.0,30455000.0,0.35,175492000.0,0.13110976965466128,1771634000.0,747762000.0,1104641000.0,467896000.0,1023872000.0,559443000.0,405871000.0,1402368080.0,1660175080.0,19.1743679163034,2.360868654572811,0.24787794770251642,0.5872844568191483,0.02726150245192719,19.1743679163034,0.018519261476245115,1.0477067669172933,25.3171591565569,1.8754203610239624,3.006354708261121,2.0788891808459486,0.029686927842795738,0.7555239964913746,1.0900285533537368,0.007816512891488873,115.8311786569753,0.13110976965466128,-0.669811320754717,-0.09043254845351464,0.5881414461048355,1.0501178988199371,-0.18076316207157328,-0.6689061566049014,-0.5887571567462461,-0.3686641853879309,0.3543431824998746,0.39713601312002306,Building Materials,Basic Materials,BCC
2018Q2,2018,Q2,2018-08-06,2018-06-30,41825000.0,1408132000.0,74056000.0,1.06,214214000.0,0.15212636315345437,1850452000.0,768188000.0,1171186000.0,519860000.0,1082264000.0,572606000.0,434534000.0,1742450700.0,1971309700.0,19.706728919217053,2.2528873158157965,0.23716908085159735,0.5713054616838587,0.04610254066648016,19.706728919217053,0.05444630741433087,1.23742000039769,10.415126718469816,2.2682607642920747,0.06510460251046025,2.0850602333891017,0.0015627414881809855,0.7609665098040911,1.1256780671719309,0.02260258574661758,18.333866792929292,0.15212636315345437,0.12765957446808524,3.4547568403228213,0.8322116511589224,0.8440958010590353,0.23778046145045445,0.12887989203778677,0.42954212029959077,1.094682539421876,0.4932675943093976,0.46682262554265497,Building Materials,Basic Materials,BCC
2018Q1,2018,Q1,2018-05-04,2018-03-31,37050000.0,1182841000.0,51804000.0,0.94,173063000.0,0.14631129627735256,1708852000.0,707052000.0,1033060000.0,432630000.0,1001800000.0,538723000.0,395500000.0,1496830800.0,1800737800.0,18.233328175769767,2.3878602963271156,0.2566582711668418,0.6203093973286264,0.03576723060304949,18.233328175769767,0.05240067208635291,1.2654539367505862,10.100072874493927,2.117002426978497,0.0744399460188934,1.8743918488722404,0.001842559626645844,0.6921845777165021,1.1180939833113746,0.021681222247450335,-42.72874882247152,0.14631129627735256,0.9183673469387754,-0.5559543437180795,0.5384573153229959,0.524160233528678,0.1929537950382916,0.9375588327580797,1.3981112859920377,3.9544329563558605,0.4875893527121521,0.4347844203157615,Building Materials,Basic Materials,BCC
2017Q4,2017,Q4,2018-02-26,2017-12-31,19122000.0,1091965000.0,21602000.0,0.49,145071000.0,0.13285315921297844,1607193000.0,674549000.0,932572000.0,381561000.0,932644000.0,476673000.0,361243000.0,1547242200.0,1808414200.0,17.39514673268348,2.4440967499298933,0.2727189578351822,0.6497852639319012,0.021500320077328196,17.39514673268348,0.02834782943863233,1.416933876085772,20.228561342955757,2.2937432269560847,0.0,1.9864645155064373,0.0,0.6794236908697338,1.1356427936817441,0.011897762123155091,219.7475074563272,0.13285315921297844,-0.39506172839506176,13.495950222973821,0.5231079098837238,5.684651483165435,-0.1979355566367376,-0.3960392912415906,-0.6143050992715327,0.23515180256748375,0.2879458943331612,0.3929174662588126,Building Materials,Basic Materials,BCC
2017Q3,2017,Q3,2017-10-31,2017-09-30,31661000.0,1226644000.0,56008000.0,0.81,180872000.0,0.14745272466991238,1630550000.0,649313000.0,967303000.0,426925000.0,981237000.0,459864000.0,344881000.0,1349234000.0,1615082000.0,16.795473357475426,2.265744568718159,0.26864125601790806,0.6746099338839666,0.032657616363087415,16.795473357475426,0.048760767149279315,1.0999393467053196,10.65375382963267,2.077940839009846,0.0,2.274089730876955,0.0,0.7522884916132593,1.1646776365872227,0.01941737450553494,20.093136159883244,0.14745272466991238,0.42105263157894757,0.36978866816024797,0.6313184917023301,5.793991141845798,0.1396167925752774,0.42913243658030154,0.3194185964333671,2.684238226531214e-05,0.27207268848979727,0.2708179956273763,Building Materials,Basic Materials,BCC
2017Q2,2017,Q2,2017-08-03,2017-06-30,22154000.0,1138939000.0,42449000.0,0.57,158713000.0,0.13935162462607742,1596089000.0,614302000.0,929259000.0,428659000.0,981787000.0,490711000.0,313220000.0,1174747200.0,1508234200.0,15.89685065859276,2.1678280404703973,0.274546093607562,0.713329925671738,0.02531102175828067,15.89685065859276,0.03606369505552644,1.0314399629830922,13.256603773584905,1.912328463850028,0.0,1.997562720216176,0.0,0.7135811348865884,0.9958801751508775,0.013880178360981123,19.574226443389154,0.13935162462607742,1.192307692307692,0.49777124001877354,0.5808803433038345,0.0,0.24309188884363545,1.2109780439121756,1.0123731866881578,-0.14454336215525737,0.20875521589970714,0.28726842141728404,Building Materials,Basic Materials,BCC
2017Q1,2017,Q1,2017-05-03,2017-03-31,10020000.0,974443000.0,21094000.0,0.26,127676000.0,0.13102459558948035,1513368000.0,589450000.0,839754000.0,374890000.0,923918000.0,482366000.0,291066000.0,1027950000.0,1422282000.0,15.31038961038961,2.2400010669796475,0.28935526587056154,0.7428976164220884,0.013637466972919659,15.31038961038961,0.01699889727712274,1.054910343652733,25.647455089820358,1.7439138179659004,0.0,1.7554450355124531,0.0,0.6438903161689689,0.9295526687828429,0.006620993704108981,-17.69642611210577,0.13102459558948035,1.3636363636363638,5.133735401289358,0.6950482269074227,0.0,0.18812581425646752,1.4468864468864469,8.028990336554482,0.841320124619316,0.2989305002669585,0.31350868496801143,Building Materials,Basic Materials,BCC
2016Q4,2016,Q4,2017-02-24,2016-12-31,4095000.0,919533000.0,-3001000.0,0.11,107460000.0,0.11686366884059626,1439197000.0,580004000.0,760459000.0,312864000.0,859193000.0,433451000.0,281150000.0,867712500.0,1201363500.0,15.03964734863218,2.4306375933312876,0.30407859382697433,0.7545275549823794,0.0012020860181967412,15.03964734863218,0.0070602961358887184,0.9436447631569503,52.973901098901095,1.4960457169260901,0.0,1.8735058864785177,0.0,0.6389208704576232,1.0056350363097064,0.002845336670379385,82.6707793445122,0.11686366884059626,-0.576923076923077,1.302676639517748,0.7121821378786116,1.0919456120150435,-0.2594736515680883,-0.5897204688908927,-1.0958571565464592,-0.5746899174553783,0.1756936542618326,0.308421166588002,Building Materials,Basic Materials,BCC
2016Q3,2016,Q3,2016-10-26,2016-09-30,9981000.0,1067214000.0,31307000.0,0.26,145113000.0,0.13597366601262728,1638805000.0,572474000.0,987263000.0,478247000.0,1066331000.0,451056000.0,277055000.0,985875600.0,1436265600.0,14.749162673262225,2.064337047592562,0.35487687674860646,1.0158959184172556,0.017465293534991308,14.749162673262225,0.017434852936552576,0.9237843581512236,24.69380823564773,1.722131660127796,0.0,2.0443160051080134,0.0,0.6512147570943462,0.8437251043916637,0.006090413441501582,21.015872609835647,0.13597366601262728,-0.4693877551020408,3.724010588150464,0.7211837690704294,0.0,-0.026466207784889104,-0.4809132515082172,-0.1732379116381018,-0.3413179248319223,0.27224970233889495,0.5769762279022363,Building Materials,Basic Materials,BCC
2016Q2,2016,Q2,2016-07-28,2016-06-30,19228000.0,1043773000.0,37867000.0,0.49,149058000.0,0.14280691299736628,1503488000.0,560019000.0,855310000.0,361133000.0,943469000.0,461998000.0,267074000.0,890781300.0,1259278300.0,14.42827330344721,2.368407207316972,0.30900545930529544,0.8295897103491131,0.02371664472756266,14.42827330344721,0.03433454936350374,0.8534243556788689,11.581824682754316,1.5906269251578964,0.0,1.9366209377529773,0.0,0.6942343404137579,1.0593244040284326,0.012788928145751745,35.35267293725443,0.14280691299736628,2.769230769230769,0.2942252918321104,0.4424043613216463,0.0,0.34104056643664926,2.8844444444444446,1.8248414770607981,1.0567747960608689,0.36396399283251774,0.3501539664187086,Building Materials,Basic Materials,BCC
2016Q1,2016,Q1,2016-05-03,2016-03-31,4950000.0,880695000.0,13405000.0,0.13,111151000.0,0.12620827868898996,1471373000.0,538323000.0,818895000.0,345757000.0,933050000.0,440563000.0,247846000.0,805034160.0,1198203160.0,13.855377963091653,2.3684119193537656,0.32239003977917224,0.8811735705143566,0.00831416972015395,13.855377963091653,0.009195222942359884,0.9140896224004905,40.6582909090909,1.4954481974576601,0.0,1.7467286177005332,0.0,0.5985531880767148,1.0670094893234265,0.0033642047257901294,-56.374941176470585,0.12620827868898996,1.1666666666666667,2.002608337235702,0.518054351568716,0.0,0.04102237498946343,1.1262886597938144,0.7404570241495715,-0.9407885821105514,0.14326118869625637,0.1581986518466386,Building Materials,Basic Materials,BCC
2015Q4,2015,Q4,2016-02-25,2015-12-31,2328000.0,876535000.0,7702000.0,0.06,106771000.0,0.12181030991346609,1248606000.0,534670000.0,785570000.0,258650000.0,713936000.0,384857000.0,242896000.0,991712850.0,1151805850.0,13.76419101557472,3.0371931181132803,0.2759789717492948,0.6444891241326426,0.010252620557701647,13.76419101557472,0.004354087568032618,1.131401313124975,106.49837306701032,1.8548129687470776,0.0,2.0001299183852703,0.0,0.7020108825362044,1.4829306011985308,0.0018644792672788694,-34.89120958378778,0.12181030991346609,-0.8928571428571428,1.170830803403015,0.6203547789697171,0.9145355160596345,-0.22317855739708686,-0.8942154768937156,-0.8095450049455984,0.7617595390854587,0.2205104374695695,4.289338532221746,Building Materials,Basic Materials,BCC
2015Q3,2015,Q3,2015-10-28,2015-09-30,22007000.0,991580000.0,40440000.0,0.56,137446000.0,0.1386131224913774,1332171000.0,536981000.0,882244000.0,332745000.0,795190000.0,404615000.0,240568000.0,986782940.0,1125257940.0,13.72405244460347,2.651411741724143,0.26367410790356494,0.6541367385438218,0.02892770184528273,13.72405244460347,0.040982828070266916,0.9951622057726054,11.209875721361385,1.8376496375104518,0.0,2.1109795731744994,0.0,0.7443338730538347,1.361544125381298,0.016519651005764274,29.95152491956535,0.1386131224913774,0.09803921568627459,6.958095092601635,0.5864096314604094,0.0,0.05069793752962221,0.08783984181908057,0.08247008752910945,-0.05924814327342594,0.30296658473533294,4.551560754157779,Building Materials,Basic Materials,BCC
2015Q2,2015,Q2,2015-07-29,2015-06-30,20230000.0,955397000.0,37359000.0,0.51,130814000.0,0.13692109144156828,1318444000.0,530601000.0,881853000.0,332743000.0,787843000.0,415114000.0,218561000.0,1448639920.0,1605024920.0,13.434977464931382,2.6502525973499065,0.26645955383770564,0.6621020314699746,0.026892068001636824,13.434977464931382,0.038126577220924954,1.5162701159831986,17.902124567474047,2.7301869389616678,0.0,1.9864013259008368,0.0,0.7246398026764883,1.3141012733551118,0.015343844713920349,85.7995688225539,0.13692109144156828,1.6842105263157894,0.33822436125756705,0.29754408228616486,0.0,0.24746338114128777,1.6559012734672443,1.1121099050203527,0.33822436125756705,0.29754408228616486,0.0,Building Materials,Basic Materials,BCC
2015Q1,2015,Q1,2015-04-29,2015-03-31,7617000.0,809903000.0,17688000.0,0.19,104864000.0,0.1294772336934176,1256792000.0,501943000.0,813970000.0,294329000.0,754849000.0,432467000.0,198331000.0,1479595080.0,1646443080.0,12.708061167654058,2.7655107040080997,0.2397882863671952,0.6003948655524631,0.013758700852222512,12.708061167654058,0.015175029834064824,1.8268793670353116,48.562264671130364,2.9477352607766223,0.0,1.6302723676026147,0.0,0.6444208747350397,1.203252143010033,0.006060668750278487,-51.73047619047619,0.1294772336934176,-0.525,3.544926826274056,0.3732330609641714,0.0,-0.12907271292720401,-0.5161044406327425,-0.38789493719071183,3.544926826274056,0.3732330609641714,0.0,Building Materials,Basic Materials,BCC
2014Q4,2014,Q4,2015-02-25,2014-12-31,15741000.0,862046000.0,28897000.0,0.4,120405000.0,0.13967352090259685,1220485000.0,492388000.0,773624000.0,255190000.0,728097000.0,394461000.0,190714000.0,1464750200.0,1602616200.0,12.488282438875926,3.0315607978369057,0.24696329737768183,0.6121493618853424,0.024745147410996794,12.488282438875926,0.031968691357222356,1.6991554975024534,23.26329648688139,2.9747885813626653,0.0,1.8801377068962457,0.0,0.7063142930884034,1.347995611113288,0.012897331798424398,-221.52906836055655,0.13967352090259685,-0.5121951219512194,2.13800954365283,0.5700072978000373,0.737062515098601,-0.22533761395878504,-0.5124361158432709,-0.4857361499172465,2.13800954365283,0.5700072978000373,0.737062515098601,Building Materials,Basic Materials,BCC
2014Q3,2014,Q3,2014-11-05,2014-09-30,32285000.0,983319000.0,56191000.0,0.82,155429000.0,0.15806569383892716,1241099000.0,521025000.0,819078000.0,319232000.0,720074000.0,398871000.0,174973000.0,1188209220.0,1319701220.0,13.216269690282322,2.565776613873296,0.2429024598360002,0.5786017945396095,0.043747252563482775,13.216269690282322,0.06196439710186651,1.2083659727921459,9.20093867120954,2.280522470130992,0.0,2.075583333960102,0.0,0.7922969883949629,1.2249711808340016,0.02601323504410204,29.791626216026476,0.15806569383892716,0.22388059701492521,9.675095371455422,0.5613810009355007,0.0,0.12911990120228106,0.2220834279657809,0.224098117811084,9.675095371455422,0.5613810009355007,0.0,Building Materials,Basic Materials,BCC
2014Q2,2014,Q2,2014-07-30,2014-06-30,26418000.0,961187000.0,45904000.0,0.67,137655000.0,0.14321354741585143,1203565000.0,486809000.0,793266000.0,306670000.0,716756000.0,410565000.0,142688000.0,1128988800.0,1300585800.0,12.349289700659563,2.586708840121303,0.2505190828912439,0.6193722794771666,0.0377927137129177,12.349289700659563,0.0542676902029338,1.1745776836349222,10.683897342720872,2.319161724618896,0.0,2.0058504743463277,0.0,0.7986166098216548,1.1606808621645417,0.021949790829743306,25.750719613165156,0.14321354741585143,3.7857142857142856,0.7508441383917405,0.3078581357989386,0.0,0.45555767034640277,3.7471698113207546,2.153396991138284,0.7508441383917405,0.3078581357989386,0.0,Building Materials,Basic Materials,BCC
2014Q1,2014,Q1,2014-05-08,2014-03-31,5565000.0,767180000.0,14557000.0,0.14,94572000.0,0.12327224380197607,1154507000.0,458924000.0,741717000.0,286207000.0,695583000.0,421059000.0,116270000.0,1127614080.0,1343194080.0,11.656100782281825,2.5915403885998596,0.2612067315312943,0.6571131603489903,0.01180181451917142,11.656100782281825,0.012126190828982577,1.4698168356839334,50.65651752021564,2.457082392727336,0.0,1.5974198390249348,0.0,0.6645087470236214,1.0229169796685615,0.004820239288284956,-30.90284962591466,0.12327224380197607,-0.43999999999999995,2.3311618763507935,0.30495682914447964,0.0,-0.11903120633442012,-0.4337606837606838,-0.3204332197376406,2.3311618763507935,0.30495682914447964,0.0,Building Materials,Basic Materials,BCC
2013Q4,2013,Q4,2014-02-28,2013-12-31,9828000.0,798344000.0,21421000.0,0.25,107350000.0,0.13446584429769623,1104186000.0,452481000.0,687705000.0,239017000.0,651705000.0,383359000.0,110705000.0,1160480200.0,1343844200.0,11.494500190524578,2.877222122275821,0.2731541606214895,0.6665760551271767,0.017727765470621895,11.494500190524578,0.021720249027030968,1.4536092210876514,29.519744607244608,2.5647048163348294,0.0,1.8024723561987588,0.0,0.72301586870328,1.1645196785165908,0.008900674342909618,-259.84778325123153,0.13446584429769623,-0.358974358974359,1.7116610960803937,0.4563165597364877,0.5988319857819597,-0.09180893724302465,-0.380327868852459,-0.2971882279602349,1.7116610960803937,0.4563165597364877,0.5988319857819597,Building Materials,Basic Materials,BCC
2013Q3,2013,Q3,2013-11-14,2013-09-30,15860000.0,877979000.0,30479000.0,0.39,118202000.0,0.13462964376141115,1217959000.0,379958000.0,769568000.0,301815000.0,838001000.0,369180000.0,100877000.0,1094843750.0,1264518750.0,9.352812307692307,2.549800374401537,0.2682307039892147,0.8598160849357034,0.02686617198927467,9.352812307692307,0.041741455634570136,1.2470044841619219,17.25794057377049,2.8814862432163557,0.0,2.0580123516983586,0.0,0.7208608828375996,1.2261385285688253,0.013021784805564063,21.051853596631222,0.13462964376141115,0.6250000000000001,5.135546860684452,0.3528663169708094,0.0,0.16686245668762772,0.5232424126008451,0.3717539043161258,5.135546860684452,0.3528663169708094,0.0,Building Materials,Basic Materials,BCC
2013Q2,2013,Q2,2013-07-31,2013-06-30,10412000.0,852295000.0,22219000.0,0.24,101299000.0,0.11885438727201263,1194615000.0,461962000.0,845385000.0,272822000.0,732653000.0,368350000.0,85017000.0,1109256140.0,1126589140.0,10.686391080061995,3.098668729061439,0.20927244342319493,0.541170052948078,0.01888192287697726,10.686391080061995,0.022538650365181552,1.3014931919112513,26.634079427583558,2.4011848160671225,0.0,2.0388109135333243,0.0,0.7134474286694876,1.6326945774167771,0.008715778723689222,-1374.5429244114002,0.11885438727201263,-0.8883720930232558,-0.3707501208635928,0.05750911966981838,0.0,0.012676070418170367,-0.8711960017813846,-0.0981816705901453,-0.3707501208635928,0.05750911966981838,0.0,Building Materials,Basic Materials,BCC
2013Q1,2013,Q1,2013-05-01,2013-03-31,80836000.0,744878000.0,24638000.0,2.15,100031000.0,0.13429179006495023,1209797000.0,449433000.0,857862000.0,301111000.0,760364000.0,387103000.0,74605000.0,1187556090.0,1204009090.0,11.962868322286992,2.8489892431694623,0.206646238997121,0.5562564386682776,0.14433081845004475,11.962868322286992,0.17986218190475556,1.5942960994954878,3.672732724281261,2.642342885368898,0.0,1.6658279579336766,0.0,0.61570494884679,1.4727359677992502,0.06681782150228509,-20.108301838870265,0.13429179006495023,62.23529411764706,49.70995500972057,0.32782811712506693,0.0,0.149900564426205,62.25195618153364,1.86321905868681,49.70995500972057,0.32782811712506693,0.0,Building Materials,Basic Materials,BCC
2012Q4,2012,Q4,2012-12-31,2012-12-31,1278000.0,694580000.0,8605000.0,0.034,86991000.0,0.12524259264591553,836398000.0,97764000.0,527457000.0,236187000.0,738634000.0,325806000.0,-38231000.0,982429350.0,1202922350.0,2.6022518565838855,2.2332177469547436,0.328790838811188,2.812896362669285,0.02198341959459221,2.6022518565838855,0.013072296550877624,1.4144221687926517,192.18101525821595,10.048988891616546,0.0,1.8648797136946527,0.0,0.8304419666235453,0.830392866669207,0.0015279806981843573,176.6959262589928,0.12524259264591553,-0.9431317353350962,1.0969660158569057,0.32760419675650404,-0.6380387633734139,-0.21960868746131282,-0.9456239628983534,-0.6941205744348073,1.0969660158569057,0.32760419675650404,-0.6380387633734139,Building Materials,Basic Materials,BCC
2012Q3,2012,Q3,2012-09-30,2012-09-30,23503000.0,764596000.0,28132000.0,0.597873,111471000.0,0.14579071823551262,1033163000.0,97181000.0,730836000.0,516491000.0,935982000.0,318577000.0,-4029000.0,1027982650.0,1023124650.0,2.472107043829971,1.4150023911355667,0.21251244963282656,2.259289367263148,0.08842576500954394,2.472107043829971,0.24184768627612394,1.3444781950206384,10.934589733225547,10.578020909437031,0.0,2.050132307103149,0.0,0.740053602384135,0.7785401875347295,0.022748588557662246,19.265403212204127,0.14579071823551262,0.5619722651841325,7.333333333333334,0.21753669667795142,0.0,0.11145344141664922,0.5619724862098757,0.39647555224621495,7.333333333333334,0.21753669667795142,0.0,Building Materials,Basic Materials,BCC
2012Q2,2012,Q2,2012-06-30,2012-06-30,15047000.0,732900000.0,20145000.0,0.382768,100293000.0,0.13684404420794105,,,,,,,,1027982650.0,,,0.0,0.0,0.0,0.0,,0.0,1.402623345613317,17.079528311291288,0.0,0.0,0.0,0.0,0.0,0.0,0.0,120.66940368587862,0.13684404420794105,8.02095166269944,0.0,0.0,0.0,0.30484504696729203,8.020983213429256,2.2237157945271244,0.0,0.0,0.0,Building Materials,Basic Materials,BCC
2012Q1,2012,Q1,2012-03-31,2012-03-31,1668000.0,586986000.0,6249000.0,0.042431,76862000.0,0.13094349780062897,,,,,,,,1027982650.0,,,0.0,0.0,0.0,0.0,,0.0,1.751289894477892,154.07413818944843,0.0,0.0,0.0,0.0,0.0,0.0,0.0,-69.98792551742919,0.13094349780062897,1.1209480645345191,0.0,0.0,0.0,0.24468843114393057,1.1209484446378073,1.6885191714411636,0.0,0.0,0.0,Building Materials,Basic Materials,BCC
2011Q4,2011,Q4,2011-12-31,2011-12-31,-13791000.0,547442000.0,-9076000.0,-0.35082,61752000.0,0.11280099078989189,902831000.0,282619000.0,595230000.0,177979000.0,620212000.0,283978000.0,-79727000.0,1027982650.0,1065087650.0,7.189310879906388,3.344383326122745,0.24319058605652663,0.7768762892799139,-0.01819727014499605,7.189310879906388,-0.04879714385798548,1.8777928072745607,-18.63502737292437,3.637344446056351,0.0,1.710308545028136,0.0,0.606361544962457,1.7214839953028167,-0.015275284078637087,-51.13578321643536,0.11280099078989189,-2.716274192010678,0.0,0.0,0.0,-0.19641881164927258,-2.7162489894907034,-5.227293898462972,0.0,0.0,0.0,Building Materials,Basic Materials,BCC
2011Q3,2011,Q3,2011-09-30,2011-09-30,-3711000.0,627986000.0,2147000.0,-0.094401,76846000.0,0.12236897000888555,,,,,,,,1027982650.0,,,0.0,0.0,0.0,0.0,,0.0,1.6369515403209625,-69.25240164376179,0.0,,0.0,,0.0,0.0,0.0,0.0,0.12236897000888555,0.0,0.0,0.0,0.0,0.0,0.0,0.0,0.0,0.0,0.0,Building Materials,Basic Materials,BCC
