Quarters,Year,Quarter,FillingDate,Date,NetIncome,Revenue,OperatingIncome,EPSDiluted,GrossProfit,GrossProfitRatio,TotalAssets,CommonStockEquity,CurrentAssets,CurrentLiability,TotalLiability,Inventory,RetainedEarnings,MarketCap,EnterpriseValue,bookValuePerShare,currentRatio,debtToAssets,debtToEquity,roic,shareholdersEquityPerShare,roe,priceToSalesRatio,peRatio,pbRatio,payoutRatio,inventoryTurnover,dividendYield,assetTurnover,quickRatio,returnOnAssets,priceToFreeCashFlowsRatio,grossProfitMargin,epsdilutedGrowth,fiveYNetIncomeGrowthPerShare,fiveYRevenueGrowthPerShare,fiveYShareholdersEquityGrowthPerShare,grossProfitGrowth,netIncomeGrowth,operatingIncomeGrowth,threeYNetIncomeGrowthPerShare,threeYRevenueGrowthPerShare,threeYShareholdersEquityGrowthPerShare,Industry,Sector,Symbol
2023Q1,2023,Q1,2023-05-11,2023-03-31,3529827.0,9356276.0,3324129.0,0.15,5527650.0,0.5907959534,124824577.0,105172300.0,56478469.0,5704539.0,19652277.0,1927450.0,-37173168.0,122771368.61999999,104205295.61999999,4.574520006682646,9.900619313848148,0.00435933381933271,0.005173909860295914,0.022735962816716904,4.574520006682646,0.03356232582153285,13.121819901422317,8.695282277290076,1.167335587602439,0.4001485058616187,1.9863685179900905,0.011504758934241488,0.07495539920796207,9.47566280114835,0.02827830131561351,18.06570484378276,0.5907959534327547,-0.8636363636363636,0.7890413309868364,0.38335746712120106,0.4626247180691816,-0.5237975859971085,-0.6227749309366434,-0.6589743610787893,12.144025653021718,0.6818718996818933,0.6128270862773155,Oil & Gas E&P,Energy,EPSN
2022Q4,2022,Q4,2023-03-24,2022-12-31,9357350.0,15215680.0,9747446.0,1.1,11607774.0,0.7628823687,123862243.0,104245205.0,55463691.0,6219407.0,19617038.0,2362184.0,-39290540.0,154609166.79,109407881.78999999,4.4702763975745246,8.917842328054748,0.0002849859581502977,0.0003386150950540123,0.07658225985122491,4.4702763975745246,0.08976288165964084,10.16117365704326,4.130687822674155,1.4831297687984786,0.15381406060476524,1.5273602733741318,0.009309228100006114,0.12284356904468459,8.43134562507326,0.07554642781658653,24.092147904239855,0.7628823687143789,1.6829268292682933,0.29314431791421125,2.0122827843780016,0.46976468403122557,-0.3136772455926791,-0.026133551363575386,-0.32284667871736483,4.401554000734245,1.6410925314714162,0.6021827087412955,Oil & Gas E&P,Energy,EPSN
2022Q3,2022,Q3,2022-11-10,2022-09-30,9608453.0,21243927.0,14394740.0,0.41,16912996.0,0.7961332196,119814713.0,96138852.0,51132158.0,10571733.0,23675861.0,32326.0,-47208598.0,145434127.28,105179398.28,4.177819580614738,4.836686473258452,0.0,0.0,0.10653223634712419,4.177819580614738,0.09994349630885961,6.845915412908357,3.7840151604009513,1.512750820864805,0.15122548864005475,133.97670605704386,0.00999107312138986,0.1773064965735886,4.76026447130286,0.08019426629182011,11.2414433408841,0.7961332196255428,-0.06818181818181825,13.89796767142369,4.120627534228982,0.33880431501826846,0.10498980139840403,-0.09208505197208955,0.038125907655391936,6.863396139644146,3.8410851444581438,0.5172730290781943,Oil & Gas E&P,Energy,EPSN
2022Q2,2022,Q2,2022-08-12,2022-06-30,10582988.0,19903004.0,13866083.0,0.44,15306020.0,0.7690306448,110800287.0,89059101.0,42058047.0,8780455.0,21741186.0,940553.0,-55364008.0,138867033.94,107921428.94,3.7774127523789756,4.78996213749743,0.0,0.0,0.11283781658679659,3.7774127523789756,0.11883106702368353,6.977189671468689,3.2804306765726277,1.5592683103773974,0.14047544984459964,4.887533185264414,0.010705564580880542,0.17962953471411133,4.655396104188223,0.09551408472434733,24.200987673039364,0.7690306448212542,0.8333333333333334,3.6611939720895927,1.8089925185649036,0.17472460842907603,0.48876560230343036,0.8228026444878027,0.5466573283299837,2.1994562624147154,2.414281214202937,0.3925916819968426,Oil & Gas E&P,Energy,EPSN
2022Q1,2022,Q1,2022-05-12,2022-03-31,5805888.0,13600098.0,8965194.0,0.24,10281014.0,0.7559514645,106067319.0,83943210.0,37004768.0,9421274.0,22124109.0,0.0,-64460346.0,152722080.9,122651267.9,3.5452221532688664,3.9277881101855225,0.0,0.0,0.07762763436580297,3.5452221532688664,0.06916447441073555,11.22948385371929,6.576172365880981,1.8193500212822455,0.25543499977953416,0.0,0.009710625937391873,0.12822137985782406,3.8783580649496026,0.05473776517345555,31.537487509181616,0.7559514644673884,-0.2941176470588236,19.35080646713416,0.631800757697759,0.27137658040951007,0.04713805571141685,-0.2724915165185579,-0.1725041016233429,3.8896518525735835,0.9800962756302396,0.3636861630550143,Oil & Gas E&P,Energy,EPSN
2021Q4,2021,Q4,2022-03-24,2021-12-31,7980509.0,13771772.0,10834125.0,0.34,9818203.0,0.7129222732,99462594.0,79263333.0,31664106.0,7545372.0,20199261.0,0.0,-68783207.0,133845155.83999999,107347850.83999999,3.3637058331658483,4.196493691762314,0.0,0.0,0.10100982428991108,3.3637058331658483,0.10068349005712389,9.718804220691425,4.1928765395791165,1.6886137735338482,0.0,0.0,0.0,0.13846182213988908,4.120967925769597,0.08023628460765864,24.70988708917518,0.7129222731831459,4.666666666666667,68.03501471919195,0.8086631035103868,0.24771581555591615,0.10627614506453069,4.7147893325007555,0.5256178758557914,10.404375527242225,1.090384585910196,0.31735467188217015,Oil & Gas E&P,Energy,EPSN
2021Q3,2021,Q3,2021-11-12,2021-09-30,1396466.0,13101059.0,7101467.0,0.06,8875002.0,0.6774263057665796,96192178.0,71026802.0,28664894.0,12628525.0,25165376.0,0.0,-76763716.0,151754014.72,131161716.72,3.0141713596438815,2.269852892558711,0.0,0.0,0.06845802683616062,3.0141713596438815,0.01966111327946315,11.583339539192977,27.16750975677174,2.136573947395238,0.0,0.0,0.0,0.13619671861468818,2.222595671307615,0.014517458997549675,44.88730544271171,0.6774263057665796,4.0,3.13113061432289,1.2145067782483117,0.11919387572564824,1.5458473295143242,3.879162929745889,4.966225537227437,-0.4160971016027163,1.0332907630903443,-0.07504230860524291,Oil & Gas E&P,Energy,EPSN
2021Q2,2021,Q2,2021-08-12,2021-06-30,-485025.0,7089849.0,1190278.0,-0.02,3486070.0,0.4916987653756801,90695939.0,70645815.0,22658251.0,6656627.0,20050124.0,0.0,-78160182.0,118896025.0,100368494.0,2.9709073537151474,3.4038636985368114,0.0,0.0,0.012557250647484364,2.9709073537151474,-0.00686558715473804,16.769895240364075,-61.283451883923505,1.682987520209088,0.0,0.0,0.0,0.07817162574390459,3.3133758283286716,-0.0053478138640805075,95.33762193239542,0.4916987653756801,-1.1818181818181819,0.46234190842713185,0.12555199935449457,0.09449652157527624,-0.2990452850682955,-1.177303279356711,-0.6531943249037475,-1.8000890746300495,0.27563030430032887,-0.05797146937402378,Oil & Gas E&P,Energy,EPSN
2021Q1,2021,Q1,2021-05-06,2021-03-31,2735567.0,8441312.0,3432118.0,0.11,4973317.0,0.5891639830396033,90202359.0,71465272.0,22054485.0,4786005.0,18737087.0,0.0,-77675157.0,93274429.69,75422842.69,2.9842823522494593,4.608119924655323,0.0,0.0,0.033858453707581525,2.9842823522494593,0.0382782703184842,11.049755025048238,8.524231876791905,1.3051714081491217,0.0,0.0,0.0,0.093581942795975,4.453429321532259,0.030327000649728018,18.384860143133736,0.5891639830396033,0.8509085130249655,3.1031438240488662,0.48539726068060574,0.09056154992697275,1.3908603135274262,0.9214638871270341,1.3436881363061821,0.3311132582271452,0.19823512583509062,-0.045826638046987125,Oil & Gas E&P,Energy,EPSN
2020Q4,2020,Q4,2021-03-25,2020-12-31,1423689.0,5908036.0,1464409.0,0.05943027395785515,2080137.0,0.35208604009860467,86676184.0,69019443.0,17778069.0,4510380.0,17656741.0,0.0,-80410724.0,88875346.49,75604433.49,2.881137949305338,3.9415900655820573,0.0,0.0,0.016024520302195217,2.881137949305338,0.020627361481314766,15.043128797793377,15.606524053005959,1.28768565243275,0.0,0.0,0.0,0.06816216089993071,3.810809953928494,0.016425377010136948,52.63243868307785,0.35208604009860467,6.943027395785514,1.0920765180628704,0.2869358656599385,0.03263719351250716,1.4474733854799084,5.86260814323236,3.0268103676166302,-0.8084758403878721,0.13857546409817947,-0.05272192788599533,Oil & Gas E&P,Energy,EPSN
2020Q3,2020,Q3,2020-11-10,2020-09-30,-292783.0,5810611.0,-722519.0,-0.01,849912.0,0.1462689551924918,87339453.0,67329350.0,17855454.0,6319671.0,20010103.0,0.0,-81834413.0,72585525.57,61005247.56999999,2.81058694413198,2.8253771438418234,0.0,0.0,-0.009621608210007182,2.81058694413198,-0.0043485196277700585,12.4918920867358,-61.978944790168825,1.0780666317141039,0.0,0.0,0.0,0.06652905188220036,2.4103017388088714,-0.003352242199181165,29.946475706749858,0.1462689551924918,0.5,0.9612836375453703,0.09173686835111841,-0.1932999819178142,-0.46451948248324876,0.48274661946102176,-0.1239151975783181,-1.4360750783271559,0.34540191735187653,-0.09933259301153705,Oil & Gas E&P,Energy,EPSN
2020Q2,2020,Q2,2020-08-13,2020-06-30,-566034.0,6278787.0,-642859.0,-0.02,1587195.0,0.25278688383600206,93783598.0,74532050.0,22584945.0,5392447.0,19251548.0,0.0,-81541630.0,77134838.85000001,60829634.85000001,2.8504570798101825,4.188255350493014,0.0,0.0,-0.006566627565569647,2.8504570798101825,-0.007594504645987867,12.284990532406978,-34.068112008289255,1.034921739707951,0.0,0.0,0.0,0.06694973464336483,3.6369110350087817,-0.006035532993733083,58.46954691786352,0.25278688383600206,-3.0,0.6630010732505565,-0.18618978119814064,-0.23690305561526645,-0.15028976002783836,-2.82415670047277,0.40295578489063244,-1.224795024940442,-0.20097014467375415,-0.11354615012218296,Oil & Gas E&P,Energy,EPSN
2020Q1,2020,Q1,2020-05-13,2020-03-31,310299.0,6427846.0,-1076736.0,0.01,1867925.0,0.2905989035829421,95704490.0,75347512.0,23148886.0,6590419.0,20356978.0,0.0,-80975596.0,70928774.28,55518175.28,2.83633629767555,3.5125059575119577,0.0,0.0,-0.006976706779904222,2.83633629767555,0.004118238170890102,11.034610082444415,57.145506656482944,0.9413552272303298,0.0,0.0,0.0,0.06716347373043835,2.9098847888123656,0.0032422616744522646,24.809023281290496,0.2905989035829421,-0.865386827545401,1.4047815092449272,-0.11515744898555441,-0.2631272387492299,-0.36878197401426516,-0.8473814497284287,-1.5192164419311487,-0.030552553093332206,-0.3125810808630941,0.017158132024295652,Oil & Gas E&P,Energy,EPSN
2019Q4,2019,Q4,2020-03-18,2019-12-31,2033167.0,6761556.0,2073771.0,0.07428693505735993,2959239.0,0.4376565098329438,97669203.0,76362994.0,22424324.0,7498868.0,21306209.0,0.0,-81285895.0,90318049.8,76265632.8,2.7901164911999685,2.990361211852242,0.0,0.0,0.019530329804769063,2.7901164911999685,0.026625029919596917,13.357583639032198,11.105586727504429,1.1827463155779354,0.0,0.0,0.0,0.06922915097402811,2.4469471925629307,0.020816868957147117,-25.427894315425313,0.4376565098329438,0.48573870114719864,1.5137210426426178,-0.31896360884977193,-0.22493385166836782,1.1794526399516863,0.399002131703202,1.8933378910065017,15.704080778292562,-0.23544591215312485,0.03495152251083751,Oil & Gas E&P,Energy,EPSN
2019Q3,2019,Q3,2019-11-13,2019-09-30,1453298.0,5219194.0,716740.0,0.05,1357790.0,0.2601531960682052,95010379.0,75360983.0,23796329.0,7086984.0,19649396.0,0.0,-83319062.0,106178446.727,87432020.727,2.7535054670766375,3.3577511957131554,0.0,0.0,0.006923315983557928,2.7535054670766375,0.019284488367143512,20.343839820286426,18.26508512483331,1.408931286458936,0.0,0.0,0.0,0.05493288264853675,3.0928740632122214,0.01529620253383054,-115.93444631920764,0.2601531960682052,-0.6428571428571429,-0.548204174282856,-0.5595062422865019,-0.30658242158902327,-0.545527878378107,-0.6213257499365531,-0.6123307320682545,2.909537043898196,-0.2404300726705168,0.02240585813719657,Oil & Gas E&P,Energy,EPSN
2019Q2,2019,Q2,2019-08-16,2019-06-30,3837858.0,6763572.0,1848844.0,0.14,2987620.0,0.4417222142382753,92882749.0,74201261.0,22134236.0,4610207.0,18681488.0,0.0,-84772360.0,102582176.25,85967313.25,2.7125056118118764,4.801137128983579,0.0,0.0,0.01728705415113,2.7125056118118764,0.05172227463897143,15.166863936689074,6.682254544722603,1.38248561907863,0.0,0.0,0.0,0.07281838740582496,4.378048534480122,0.04131938429169447,32.988366927178554,0.4417222142382753,1.8,-0.3191514031289446,-0.5769464361991702,-0.2876951581701316,-0.26938819129302216,1.7938596874372124,-0.2932340082135508,4.698176666765523,-0.06661377746504149,-0.0006999197841130018,Oil & Gas E&P,Energy,EPSN
2019Q1,2019,Q1,2019-05-14,2019-03-31,1373676.0,7946014.0,2615921.0,0.05,4089203.0,0.514623180880376,90389178.0,71213894.0,21778046.0,6784466.0,19175284.0,0.0,-88610218.0,117788846.5,101197515.5,2.599734637863187,3.2099867550371686,0.0,0.0,0.023798666490731684,2.599734637863187,0.019289438097571242,14.823639437332982,21.436795594448764,1.6540149665176291,0.0,0.0,0.0,0.08790890874126546,3.0323839783411106,0.015197350284566145,48.51272446982062,0.514623180880376,0.6837020632649349,-0.3519890058037296,-0.5745413607418128,-0.30226953280555424,0.06301364094122859,0.6886663027924884,0.23870511630021324,1.9232628367849989,0.22236644348656934,-0.049965686413736665,Oil & Gas E&P,Energy,EPSN
2018Q4,2018,Q4,2019-03-29,2018-12-31,813468.0,7658523.0,2111819.0,0.029696465361005127,3846802.0,0.5022903241264667,87897709.0,69944087.0,19893335.0,6339190.0,17953622.0,0.0,-89983894.0,119706339.35000001,105305082.35000001,2.5533790595359975,3.138150930954901,0.0,0.0,0.03197427392436162,2.5533790595359975,0.011630261182764456,15.630473310584822,36.788890082338824,1.7114576011264542,0.0,0.0,0.0,0.08712995011053132,3.067172777594614,0.009254712201884579,281.83173711694576,0.5022903241264667,-0.7030353463899488,1.0513798877316827,-0.42612551368238544,-0.285083971414309,-0.009416563448757137,-0.7080341328164957,-0.11145131118447128,1.046009330718466,0.4589166356761512,-0.08483584180737093,Oil & Gas E&P,Energy,EPSN
2018Q3,2018,Q3,2018-09-30,2018-09-30,2786175.0,7506294.0,2376706.0,0.1,3883370.0,0.5173485077989218,116714793.0,89457972.0,18877186.0,6505951.0,27256821.0,0.0,-75376437.0,53531275.199999996,39361708.199999996,3.258712682413364,2.9015260028856655,0.003427157686858083,0.004471373440032823,0.035813386879395524,3.258712682413364,0.03114507223570863,7.131518589599607,4.803294409001588,0.5983958053509194,0.0,0.0,0.0,0.06431313295479177,2.7745026053839017,0.02387165267045455,16.08406516640436,0.5173485077989218,4.0,24.973115938081197,-0.33101124524664993,-0.21340123476789932,0.3525806647110741,2.9769377789640914,0.17840899568987104,1.3215077906852866,0.23071123415582975,-0.06467807896283131,Oil & Gas E&P,Energy,EPSN
2018Q2,2018,Q2,2018-06-30,2018-06-30,700583.0,6423119.0,2016877.0,0.02,2871082.0,0.44699187419694386,114603107.0,86667485.0,15556336.0,6848248.0,27935622.0,0.0,-78162611.0,57709915.2,46783087.2,3.1537339444920898,2.2715789498277514,0.007853190228079942,0.010384517330807511,0.014217136460124274,3.1537339444920898,0.008083573672410131,8.984718358791111,20.593532529336283,0.6658773495042576,0.0,0.0,0.0,0.05604663929399401,2.1705656687666686,0.006113123966176589,27.412146672062654,0.44699187419694386,-0.75,3.20088374558778,-0.350230813697863,-0.2487139651100078,-0.27415832200107143,-0.703373310740721,-0.352659409719046,1.3968651948490884,-0.20788037027651476,-0.1557126913117432,Oil & Gas E&P,Energy,EPSN
2018Q1,2018,Q1,2018-03-31,2018-03-31,2361834.0,8096269.0,3115635.0,0.08,3955521.0,0.48856096555092227,119067787.0,86076537.0,18506557.0,11664359.0,32991250.0,0.0,-78863195.0,53666932.8,44574892.8,3.1276102134534507,1.5865901418157655,0.024355873851926047,0.03369094646546945,0.0240159167995551,3.1276102134534507,0.027438766501491574,6.628600507221289,5.680641907941032,0.6234792275623263,0.0,0.0,0.0,0.06799714015008947,1.3581671311728316,0.019836045159720657,26.075199595755432,0.48856096555092227,-0.7421864018356074,0.3224774409377437,-0.4560480055155863,-0.24959744925626895,0.90549094493158,-0.7234512061981259,7.306122884236513,3.9739159455021666,0.07578254902617458,-0.1874550362761021,Oil & Gas E&P,Energy,EPSN
2017Q4,2017,Q4,2017-12-31,2017-12-31,8540388.0,5961662.0,375101.0,0.31030170855840083,2075854.0,0.34820055212791334,116345242.0,83710513.0,14433913.0,10978351.0,32634729.0,0.0,-81242299.0,63577788.120000005,56478935.120000005,3.0414912306326394,1.314761479205757,0.0249258151871823,0.034643199474837766,0.05047712883362292,3.0414912306326394,0.10202288450914164,10.664440238309385,1.8610919117492086,0.7594958606931486,0.0,0.0,0.0,0.051241132834637104,1.2173844687603812,0.07340556307407912,48.36916751621238,0.34820055212791334,14.51508542792004,6.184343112184827,-0.6105922032884263,-0.25865411803478777,0.8892525278265697,10.07151302075231,0.024009980726496426,3.1458486223899476,-0.4028847040340145,-0.15510449088918588,Oil & Gas E&P,Energy,EPSN
2017Q3,2017,Q3,2017-09-30,2017-09-30,771384.0,4961989.0,366306.0,0.02,1098770.0,0.22143741148962645,113399154.0,85886719.0,11990893.0,6448665.0,27512435.0,0.0,-78961487.0,68807130.0,63897857.0,3.120560289318854,1.859438038725845,0.02557338302541481,0.033765406733024694,0.002285661925990216,3.120560289318854,0.008981411899085353,13.866844525451386,22.29989538284434,0.8011381829593467,0.0,0.0,0.0,0.04375684319479138,1.603925463642475,0.006802378790233303,-9.8138821805784,0.22143741148962645,-0.7999999999999999,1.3230967750651061,-0.5667843563071918,-0.22446697604162702,-0.7218760765636228,-0.6971455156858242,-0.8719463658778137,-0.7615346179958498,-0.5835534273018651,-0.2141466995515826,Oil & Gas E&P,Energy,EPSN
2017Q2,2017,Q2,2017-06-30,2017-06-30,2547045.0,7948653.0,2860567.0,0.1,3950649.0,0.49702119340220285,112389960.0,85048710.0,20466405.0,6930001.0,27341250.0,0.0,-79732872.0,62155164.1,50254353.1,3.2155730162411396,2.9533047686428904,0.025803016568383866,0.03409810683783446,0.018558013351394547,3.2155730162411396,0.02994807328647313,7.819584538411728,6.10071318920553,0.7308184227603217,0.0,0.0,0.0,0.07072387070873591,2.6701133232159706,0.022662567012213548,-47.37284637229601,0.49702119340220285,4.0,2.1545144293492156,-0.28105706586798285,-0.22038567598072742,0.09727357035548323,8.223511390672359,0.09126383742018376,-0.5326636651341012,-0.4857858018700868,-0.15558949675460013,Oil & Gas E&P,Energy,EPSN
2017Q1,2017,Q1,2017-03-31,2017-03-31,276147.0,8067300.0,2621334.0,0.02,3600423.0,0.44629838979584247,95678882.0,63909389.0,7290130.0,13371236.0,31769493.0,0.0,-82279916.0,51338530.88,56047912.88,2.7884910009329817,0.5452098818688115,0.08152269170536504,0.12204779488660109,0.008842018200019184,2.7884910009329817,0.004320914412121825,6.363781051900884,46.47753812281141,0.8033018572591893,0.0,0.0,0.0,0.08431641164034505,0.4686993034899691,0.0028861854803027484,9.707848715847827,0.44629838979584247,4.958725923189307,1.3511427704988077,0.20217290530373971,-0.33520343264974045,0.5773818625026341,3.318653545819409,0.43915157424548873,-0.8443035580247428,-0.48373043519208625,-0.25161010646546356,Oil & Gas E&P,Energy,EPSN
2016Q4,2016,Q4,2016-12-31,2016-12-31,-119098.0,7617417.0,1821444.0,-0.005052130505636826,2282531.0,0.29964632368163646,127260740.0,63552441.0,36544609.0,46188299.0,63708299.0,0.0,-82556063.0,50683706.55,60045323.55,2.695890996354133,0.7912092411110442,0.320980453201828,0.6427480889365053,-0.004413718343190839,2.695890996354133,-0.001874011416807735,6.653660492789091,-106.3907591857126,0.7975099894274714,0.0,0.0,0.0,0.059856771224181156,0.7766919496212666,-0.0009358581444678068,12.22119285117325,0.29964632368163646,0.7401702064576823,0.9765610684976376,-0.845380628707401,-0.32839100436476404,1.350447171006225,0.8183193879808096,3.00010541364975,0.9912589631449444,-0.33673751727606693,-0.2451823095300016,Oil & Gas E&P,Energy,EPSN
2016Q3,2016,Q3,2016-09-30,2016-09-30,-655535.0,5918409.0,455349.0,-0.019444,971105.0,0.16408210382215896,114873160.0,63488128.0,20715350.0,33913993.0,51385032.0,0.0,-82436965.0,54691255.44,67951428.44,2.6931628424874936,0.6108201414088869,0.2631524282956959,0.47613864122753785,0.00633854707713193,2.6931628424874936,-0.010325316254402713,9.240871227385602,-20.857488707696763,0.8614406687184097,0.0,0.0,0.0,0.051521251787623845,0.5924417688002708,-0.0057065984778341605,25.256591865338212,0.16408210382215896,0.5000128571061225,-1.3584977834866985,3.0626723332359127,-0.3608542651981652,0.013892267584326148,0.2669976462432141,0.2969949868975732,-8.116306046531463,-0.38575547882167094,-0.3499155117594638,Oil & Gas E&P,Energy,EPSN
2016Q2,2016,Q2,2016-06-30,2016-06-30,-894315.0,6244591.0,351080.0,-0.038889,957799.0,0.15338058169061833,131230731.0,63988898.0,34217864.0,49860120.0,67241833.0,0.0,-81781430.0,58934542.5,85458150.5,2.714405477907969,0.6862772091202348,0.34576201514872307,0.7091011631423939,0.004022491363197318,2.714405477907969,-0.013976096290953472,9.437694558378602,-16.474771892454,0.9210119933617235,0.0,0.0,0.0,0.047584822186199666,0.6763198524191277,-0.006814829066219253,21.392469654291233,0.15338058169061833,0.3333276190149658,-1.0427330633030005,3.0413580043205,-0.34481357990934997,2.6850186790398474,0.30424293440714995,2.2258807919270924,-2.2751353824589304,-0.2635922060260856,-0.35337128480900387,Oil & Gas E&P,Energy,EPSN
2016Q1,2016,Q1,2016-03-31,2016-03-31,-1285384.0,5615932.0,-286390.0,-0.058333,259917.0,0.04628207748954225,131740631.0,64758887.0,32194181.0,50329965.0,66981744.0,0.0,-80887116.0,60819489.47,88991235.47,2.7364639368124575,0.6396622966060079,0.3489232035027979,0.7098232401677935,-0.002492238075488075,2.7364639368124575,-0.019848766085186115,10.829812303639004,-11.829050593052347,0.9391682329253126,0.0,0.0,0.0,0.04262870123948321,0.6376960524411253,-0.00975692912841749,33.87015707264046,0.04628207748954225,0.9096235105365605,-36.96426003826926,2.0164316669832285,-0.15603054411978723,1.467289198756614,0.9177163025852599,0.9887949143410933,-1.8370170576111942,-0.5612066860412582,-0.34344455412974295,Oil & Gas E&P,Energy,EPSN
2015Q4,2015,Q4,2015-12-31,2015-12-31,-15621369.0,4638089.0,-25558930.0,-0.6454444108896019,-556223.0,-0.11992503809219703,122467263.0,67526857.0,20308055.0,11596083.0,54940406.0,0.0,-79877471.0,41144251.699999996,57980166.699999996,2.79007764528137,1.7512857574406806,0.2759151970269802,0.5004020696535603,-0.1488416047002421,2.79007764528137,-0.23133564471984827,8.870949155999377,-0.658461043011019,0.6093020396314314,0.0,0.0,0.0,0.0378720719838411,1.7393002447464372,-0.12755546761913017,17.129713025771434,-0.11992503809219703,-1.074650158752859,-9.244879541979275,0.1682188181711254,-0.1432866504690805,-23.871951971709365,-1.0446309581306223,-1.4486262736910438,-15.943823961575685,-0.6554838708788568,-0.3199347241707142,Oil & Gas E&P,Energy,EPSN
2015Q3,2015,Q3,2015-09-30,2015-09-30,-7640190.0,5377206.0,-10438069.0,-0.31111,24319.0,0.004522608953423023,149232188.0,84322836.0,20573889.0,10741917.0,64909352.0,0.0,-64883101.0,52277402.160000004,69949882.16,3.4840546437742117,1.9152902596436,0.23051628781318947,0.4079612550033303,-0.059073535344495075,3.4840546437742117,-0.09060641651094373,9.722038203483372,-1.7106054352051454,0.6199673141923263,0.0,0.0,0.0,0.036032481142741137,1.899379877911922,-0.05119666274677954,-135.34567460019522,0.004522608953423023,-4.333344761970068,-9.213905385568598,1.1133274492338825,0.09729362143428905,-0.7360474960383789,-3.8950285942006886,-24.676201088734572,-2.6391448617848994,-0.46612670640002724,-0.13413003338826368,Oil & Gas E&P,Energy,EPSN
2015Q2,2015,Q2,2015-06-30,2015-06-30,-1560806.0,7169478.0,-406527.0,-0.058333,92134.0,0.012850865851042432,164692814.0,90760792.0,23472861.0,13715183.0,73932022.0,0.0,-57335890.0,67547344.67999999,84934503.67999999,3.735380020566635,1.7114508060154938,0.22397778691181996,0.4064258496113608,-0.0032778004283780956,3.735380020566635,-0.017196919127810167,9.421515022432594,-10.819305006515863,0.7442348528646598,0.0,0.0,0.0,0.0435324275897065,1.7042667968775917,-0.00947707408776196,15.501804219318645,0.012850865851042432,-2.000051429746966,-2.6625272305536596,0.954622105821228,0.19345388332662722,-0.9158025370546881,-1.225621354931626,-1.7147011200635716,0.2298815238286643,-0.29411445644774215,-0.0943586866227242,Oil & Gas E&P,Energy,EPSN
2015Q1,2015,Q1,2015-03-31,2015-03-31,-701290.0,6645649.0,568807.0,-0.019444,1094261.0,0.16465825986295696,164833426.0,93543658.0,21044420.0,11599170.0,71289768.0,0.0,-55679368.0,76552553.7,96834283.7,3.849153404532343,1.8143039545070898,0.21897212158897916,0.3858511177743338,0.007155366595450335,3.849153404532343,-0.007496927263631277,11.51919905790992,-27.289906351152876,0.8183617717836092,0.0,0.0,0.0,0.040317362571836615,1.7935544526030742,-0.0042545375474996195,951.0342845429474,0.16465825986295696,0.8655377026198442,-15.922754478724837,0.7790354140584581,0.22474461601051257,1.2534149008084878,0.8095836221659446,1.1169835239947983,0.15901676686070298,-0.06605260084731251,-0.08233378924963329,Oil & Gas E&P,Energy,EPSN
2014Q4,2014,Q4,2014-12-31,2014-12-31,-3682929.0,9238979.0,-4862283.0,-0.1446055911496688,-4318061.0,-0.46737426289203604,166538078.0,91683636.0,21046622.0,12868563.0,74854442.0,0.0,-54975850.0,91178257.46000001,113609987.46000001,3.59984305495193,1.6355067772524408,0.23113909720994857,0.41985094264804246,-0.025462672252934866,3.59984305495193,-0.04016997100769433,9.868867269857416,-6.189248927959241,0.9944877999821037,0.0,0.0,0.0,0.055476676030811405,1.613792620046232,-0.022114636149457665,16.822233938684573,-0.46737426289203604,-2.2394835783318943,0.3477369630111491,2.9234778816660216,0.1542059670668341,-2.0365071977182763,-2.2303629223002317,-2.2630645013809256,0.3291146097603667,-0.8264191548084343,-0.10319557361541133,Oil & Gas E&P,Energy,EPSN
2014Q3,2014,Q3,2014-09-30,2014-09-30,2993368.0,11025831.0,3849592.0,0.116666,4165973.0,0.37783755256179785,179293369.0,101134506.0,23166770.0,12940482.0,78158863.0,0.0,-49724094.0,97545454.21000001,119307278.21000001,3.9709196201609442,1.7902555716239936,0.21925670881894133,0.38870288247613527,0.015407206356190101,3.9709196201609442,0.029597890160258458,8.846993411199573,8.146797704959765,0.9645120945169793,0.0,0.0,0.0,0.06149603335302378,1.7678175356992112,0.016695363675161907,15.337417560093876,0.37783755256179785,-0.4545463046080191,2.081675549832636,17.46855673252185,0.198570330591888,-0.5000288031360854,-0.4357454746431477,-0.5576443593908037,0.5152083280907325,6.005510690861133,-0.057614972838919504,Oil & Gas E&P,Energy,EPSN
2014Q2,2014,Q2,2014-06-30,2014-06-30,5304996.0,15046222.0,8702482.0,0.213888,8332426.0,0.5537885855997605,178725117.0,98037470.0,20568009.0,16599946.0,80687647.0,0.0,-51747515.0,92680815.60000001,120002510.60000001,3.8080684736658705,1.2390407173613698,0.2271208360714068,0.41404779213498677,0.03876203825895343,3.8080684736658705,0.0541119227168959,6.159740006494654,4.367619485481233,0.9453611522206764,0.0,0.0,0.0,0.0841863877476158,1.2267031471066232,0.02968243126118642,10.273841309790171,0.5537885855997605,1.7499807143408164,1.4916585877552673,19.652287202576083,0.1282975738170741,-0.16381041705281926,1.6518098553425387,-0.1247758883580822,-0.7678861081114918,7.916478205913487,-0.08083196448448973,Oil & Gas E&P,Energy,EPSN
2014Q1,2014,Q1,2014-03-31,2014-03-31,2000519.0,17625146.0,9943147.0,0.077778,9964757.0,0.5653716003260342,175032836.0,96320292.0,13934437.0,19501072.0,78712544.0,0.0,-57052510.0,83240049.34,117143438.34,3.7259869822177114,0.7145472310445292,0.2234091607816947,0.40597820239166216,0.03754305211469414,3.7259869822177114,0.020769444926516625,4.722800556659219,10.402306768893473,0.8642005501810563,0.0,0.0,0.0,0.10069622593557245,0.7022941097802213,0.011429392596941068,33.01328079396814,0.5653716003260342,1.134569042457232,3.398381794144148,9.332300594874864,0.00569112363554825,1.5527422474414314,1.1333592383109954,1.8997635836683606,50.240588575182166,7.666376725172117,0.14915426572806073,Oil & Gas E&P,Energy,EPSN
2013Q4,2013,Q4,2013-12-31,2013-12-31,-15000978.0,12644462.0,-11050844.0,-0.5779784011223763,3903550.0,0.30871617946259794,172071270.0,92697543.0,10548418.0,21712265.0,79373727.0,0.0,-59053029.0,80717621.09,119163968.09,3.5715789791247428,0.4858276186293784,0.2444960451561728,0.45384962360868614,-0.0876235044999902,3.5715789791247428,-0.16182713710114194,6.383634281158028,-1.3452059774036065,0.8707633285382763,0.0,0.0,0.0,0.07348386514494837,0.47267187462938576,-0.08717886489708596,-14.147035193890376,0.30871617946259794,-149.12362919589344,0.5925444984454566,5.849071265238523,-0.031222575057514468,0.31176622598920556,-148.91092398860175,-21.432099427390234,-8.383071593341056,1.9698721734015427,0.09667893848581693,Oil & Gas E&P,Energy,EPSN
2013Q3,2013,Q3,2013-09-30,2013-09-30,101419.0,10608201.0,540857.0,0.003902,2975797.0,0.2805185346695448,191684138.0,107522852.0,14547027.0,27532023.0,84161286.0,0.0,-44052051.0,83313042.99,117303698.99,4.142788962364847,0.5283675304208485,0.22371539161993675,0.3988239820870823,-0.0006248789022256072,4.142788962364847,0.0009432320489415589,7.853644834783956,205.36842946094913,0.7748403380334443,0.0,0.0,0.0,0.055342090955903714,0.5132154654963059,0.0005290943792125355,-11.197113745940841,0.2805185346695448,1.2006788726599464,1.6941975964044245,3.3326433632272128,-0.23475536584615864,-0.2279983324041528,1.339021634486816,-0.6181769021370804,-0.8983243065750073,2.8878020216960887,0.30476021995650504,Oil & Gas E&P,Energy,EPSN
2013Q2,2013,Q2,2013-06-30,2013-06-30,-299152.0,9290012.0,1416512.0,-0.019444,3854651.0,0.4149242218416941,181940538.0,108412734.0,14290469.0,21929922.0,73527804.0,0.0,-44153470.0,79802967.27,105033622.27,4.197780602901634,0.6516424910220839,0.18050178020249671,0.3029218966104111,-0.0014553471416902033,4.197780602901634,-0.0027593806461886665,8.590189901799912,-66.69098591184414,0.736103263201535,0.0,0.0,0.0,0.05106070423953567,0.5714031723414247,-0.001644229500959264,-34.78790510055423,0.4149242218416941,-1.3333276190149657,-1.0654970332063598,2.562250004204335,-0.11425111290129461,-0.47831008050316304,-1.1784457576840324,-0.7927833026155895,-1.2997882985043283,1.3828377389267374,0.3411908652673523,Oil & Gas E&P,Energy,EPSN
2013Q1,2013,Q1,2013-03-31,2013-03-31,1676431.0,13971690.0,6835897.0,0.058333,7388778.0,0.528839245646017,174068161.0,107675047.0,16954456.0,14418374.0,66393114.0,0.0,-43854317.0,109279101.69000001,132198024.69000001,4.167909890969383,1.1758923717750698,0.19314926869365845,0.31224632760086,0.021069450179437503,4.167909890969383,0.015569354708524065,7.821466242809568,16.296391215922398,1.0148971812382865,0.0,0.0,0.0,0.08026562652086616,1.1492782057116844,0.009630888212807625,46.35789782937371,0.528839245646017,0.3505703488068392,6.377682703544853,7.276640364026691,-0.07592117525256621,1.5828650052292979,0.5140232409649327,-0.17359404601564415,32.557485459733314,2.518426758151142,0.3261682927396617,Oil & Gas E&P,Energy,EPSN
2012Q4,2012,Q4,2012-12-31,2012-12-31,1107269.0,14260190.0,8271839.0,0.043191382108702644,-12676654.0,-0.8889540742444526,169943821.0,105177230.0,18939076.0,11913521.0,64766591.0,0.0,-45530748.0,97930822.61999999,124347918.61999999,4.1026615303642595,1.589712730602481,0.2000441545915341,0.3232284021931363,0.006868129429145994,4.1026615303642595,0.010527649378102086,6.8674276163220815,22.11089234413679,0.9311028881441352,0.0,0.0,0.0,0.08391120027835551,1.396923881697107,0.006515500201681354,-590.5922313620957,-0.8889540742444526,1.5553161833513673,1.2795621523853011,6.257390331014705,-0.48837623286344223,-2.7407656364555413,1.497911931019752,9.283618305230037,1.194820558748726,5.016234590860657,0.3154230189808122,Oil & Gas E&P,Energy,EPSN
2012Q3,2012,Q3,2012-09-30,2012-09-30,-2223825.0,10668768.0,-998578.0,-0.077778,7282229.0,0.6825745015731901,161011779.0,103154534.0,15509310.0,13293316.0,57857245.0,0.0,-46638017.0,53323589.28,79243569.28,4.023761971335925,1.1666998663087524,0.21203235075118324,0.3309569116952242,-0.007915674868456957,4.023761971335925,-0.02155818957991706,4.998101868931821,-5.994580203028566,0.5169291858756301,0.0,0.0,0.0,0.06626079201323526,1.143239655177083,-0.013811567164909097,-11.196307331806858,0.6825745015731901,0.0,-2.4590900636989685,7.250594002835276,0.5632635196704818,0.14768393255197038,-0.041514942747296134,0.1947756837219504,0.20165661466781365,16.75366902353501,0.21452010554968032,Oil & Gas E&P,Energy,EPSN
2012Q2,2012,Q2,2012-06-30,2012-06-30,-2135183.0,10700325.0,-1240124.0,-0.077778,6345152.0,0.5929868485303017,164367546.0,105581000.0,19231194.0,16083607.0,58786546.0,0.0,-44414192.0,46844466.27,67466546.27000001,4.124568927445269,1.1957015612231758,0.19747582043963838,0.30742857142857144,-0.008311868817062638,4.124568927445269,-0.02022317462422216,4.377854529652137,-5.484830371682428,0.4436827295630843,0.0,0.0,0.0,0.06509998634401952,1.1788042321601118,-0.012990295541675849,-1.210970195808447,0.5929868485303017,-1.0,-8.595797594798178,3.340041086569654,0.38632550916152514,0.08489821949299108,-1.4320818202942396,-108.81351279553706,0.8009813333070176,13.771268760353752,0.22207390598673346,Oil & Gas E&P,Energy,EPSN
2012Q1,2012,Q1,2012-03-31,2012-03-31,-877924.0,7491376.0,-11293.0,-0.038889,5848615.0,0.7807130492448917,199615222.0,107318902.0,57299924.0,48989687.0,92296320.0,0.0,-42279008.0,67801861.2,49852847.2,4.194502706365235,1.1696323758916851,0.16558717150338365,0.307995324066957,-0.00018957785832152937,4.194502706365235,-0.008180516047396757,9.050655206733717,-19.30744039347369,0.6317793038918718,0.0,0.0,0.0,0.03752908182523275,1.1638464642568547,-0.004398081424872498,-14.198507103561028,0.7807130492448917,0.8195777788839055,-2.272336515195033,2.506038355596483,0.0,-0.8893866742660571,0.8410182089748462,-1.0012783823985547,-0.0634406948376731,3.437175640914023,0.13214945730862973,Oil & Gas E&P,Energy,EPSN
2011Q4,2011,Q4,2011-12-31,2011-12-31,-5522167.0,53541028.0,8833820.0,-0.2155444033414071,52874416.0,0.9875495106294934,128993532.0,102839181.0,20916227.0,16437717.0,26154351.0,0.0,-41401084.0,70966364.02,53782683.019999996,4.014078152428923,1.2724532853315336,0.0,0.0,0.025198482355713387,4.014078152428923,-0.05369711180410898,1.3254576288673425,-3.2127950866027777,0.6900712678760054,0.0,0.0,0.0,0.4150675399755702,1.2508370840062522,-0.04280964257959849,-53.36731711902491,0.9875495106294934,-3.7712772678830397,-0.39514075240921365,26.266232233910973,-0.4994230523949902,132.60188598674452,-3.778799737727884,4.754787089797941,0.8480483824305529,28.380096256753404,0.0888036688414393,Oil & Gas E&P,Energy,EPSN
2011Q3,2011,Q3,2011-09-30,2011-09-30,1987249.0,1583201.0,-2352682.0,0.077778,395761.0,0.2499752084542645,139598332.0,107953196.0,19853726.0,1677753.0,31645136.0,0.0,-35878917.0,60206121.1,41620295.1,4.213691331793837,11.8335213824681,0.0,0.0,-0.043178526915693904,4.213691331793837,0.01840843137242551,38.02809693778617,7.574053515689276,0.5577057774185769,0.0,0.0,0.0,0.011341116883832108,11.555636020320035,0.01423547811445197,-17.65318107595462,0.2499752084542645,-0.911110653967209,4.093120240235127,0.22515279530023666,0.6370525863780292,-0.7468697792343687,-0.9124508809434912,-0.47687928944532015,14.780064425318011,-0.34493795467816113,-0.22165847429623142,Oil & Gas E&P,Energy,EPSN
2011Q2,2011,Q2,2011-06-30,2011-06-30,22698675.0,1675910.0,-1593009.0,0.874998,1563468.0,0.9329068983417964,123720195.0,105928729.0,17588164.0,3509469.0,17791466.0,0.0,-37866166.0,92813371.86,77318793.86,4.142951371813247,5.011631104306663,0.0,0.0,-0.01503849819627308,4.142951371813247,0.2142825200895217,55.380880751353,1.0222333667053252,0.8761869677488531,0.0,0.0,0.0,0.013545969596960302,4.879436746698717,0.18346782431114014,-29.08555463457605,0.9329068983417964,600.7867950481432,103.12916054050113,-0.3194644069427174,0.3925041067304728,-0.007764788161220738,586.820147611032,-58.684277230590965,4.019805141963093,-0.3508942626772436,-0.12582030505570288,Oil & Gas E&P,Energy,EPSN
2011Q1,2011,Q1,2011-03-31,2011-03-31,38615.0,2011512.0,27616.0,0.001454,1575703.0,0.7833425801088932,114723674.0,82902366.0,20927867.0,1556657.0,31821308.0,0.0,-60564840.0,105853267.08,87773986.08,3.2423731898667816,13.444109395968411,0.0,0.0,0.000333114738848346,3.2423731898667816,0.000465788877485113,52.623731342393185,685.3118417713323,1.2768425340236973,0.0,0.0,0.0,0.017533538892765935,12.894540672736511,0.00033659138217627166,-178.7219656276856,0.7833425801088932,-0.9814266656403222,-0.9439993684234437,-0.057959636231674695,0.0,-0.5688848566066759,-0.9807235928447414,-0.9863169061224611,1.125157924798064,0.20398366504622414,-0.2811244760409592,Oil & Gas E&P,Energy,EPSN
2010Q4,2010,Q4,2010-12-31,2010-12-31,2003226.0,4197687.0,2018257.0,0.07828427420962124,3654947.0,0.8707049858648346,85782753.0,83336676.0,21626059.0,2196966.0,2446077.0,0.0,-52760254.0,74976133.32000001,56305559.32000001,3.2567225044515005,9.84360204026826,0.0,0.0,0.02421811256306887,3.2567225044515005,0.02403774779786033,17.861296785586923,9.356923946674016,0.8996775119756397,0.0,0.0,0.0,0.04893392731287139,9.748434887021466,0.023352316519848693,66.71525081796689,0.8707049858648346,1.0130184424804247,1.5067057159894208,1.1402565901794484,-0.5938693397166632,0.3976318305227334,1.0369497398936798,1.1119516217471925,1.5067057159894208,1.1402565901794484,-0.5938693397166632,Oil & Gas E&P,Energy,EPSN
2010Q3,2010,Q3,2010-09-30,2010-09-30,983444.0,2690203.0,955636.0,0.038889,2615100.0,0.972082775909476,83021654.0,81248906.0,19839764.0,1601759.0,1772748.0,0.0,-54763480.0,61413897.599999994,43895098.599999994,3.175134326599066,12.38623538247639,0.0,0.0,0.011761832214700835,3.175134326599066,0.01210408913075088,22.828722442135405,15.611945774238288,0.7558735326233192,0.0,0.0,0.0,0.032403630503434686,12.28080566427284,0.01184563246595882,36.57897101742766,0.972082775909476,0.0,2.5325389374313936,1.0842826775598156,0.23356493206725915,-0.23732001878191686,-0.007003372442900705,-0.012552387722880313,2.5325389374313936,1.0842826775598156,0.23356493206725915,Oil & Gas E&P,Energy,EPSN
2010Q2,2010,Q2,2010-06-30,2010-06-30,990380.0,3869425.0,967784.0,0.038889,3428830.0,0.8861342447521272,82318558.0,80225852.0,18508117.0,1925802.0,2092706.0,0.0,-55746924.0,63055111.14,47532547.14,3.129890541019194,9.610602232212866,0.0,0.0,0.012063243653679116,3.129890541019194,0.01234489849980029,16.295731572520467,15.916898347099092,0.7859699781063092,0.0,0.0,0.0,0.04700550026641623,9.531245164352306,0.012031065947486591,-24.527704389072383,0.8861342447521272,19.11070300099457,5.444980440346553,0.5673475974248241,0.052000142130211126,-0.03936797420705406,18.70003779364669,28.852370523458465,5.444980440346553,0.5673475974248241,0.052000142130211126,Oil & Gas E&P,Energy,EPSN
2010Q1,2010,Q1,2010-03-31,2010-03-31,50273.0,3996124.0,32419.0,0.0019337464233884192,3569348.0,0.8932025132353251,85529586.0,81706190.0,23244659.0,3657683.0,3823396.0,0.0,-56737304.0,68893960.64999999,47877719.64999999,3.142821249601071,6.3550228382284635,0.0,0.0,,3.142821249601071,0.0006152899798656626,17.240195912339054,342.5992115549102,0.8431914479184501,0.0,0.0,0.0,0.04672212490307155,6.290043997798606,0.0005877849098907132,83507.83109090908,0.8932025132353251,1.008722424249697,-0.9282965033221308,0.8405791012720696,0.0,0.7059136716916674,1.0087632798823172,1.002071977821356,-0.9282965033221308,0.8405791012720696,0.0,Oil & Gas E&P,Energy,EPSN
2009Q4,2009,Q4,2009-12-31,2009-12-31,-5736779.0,2392491.0,-15646403.0,-0.22169827653769156,2092338.0,0.8745437286911424,84381176.0,80706043.0,16939358.0,3460740.0,3675133.0,0.0,-56787577.0,72195479.64,56906932.64,3.118891391715948,4.894721360171524,0.0,0.0,-0.3545623812944628,3.118891391715948,-0.07108239713846459,30.175862580047323,-3.146167894911064,0.8945486230814216,0.0,0.0,0.0,0.02835337350595825,4.84780018146408,-0.06798647840603692,-14.72606271207011,0.8745437286911424,-0.9002818005047876,-0.4349725418140925,0.20630108773343112,-0.611057614353622,3.996317840563929,-1.0403631893915521,-4.704239205845692,-0.4349725418140925,0.20630108773343112,-0.611057614353622,Oil & Gas E&P,Energy,EPSN
2009Q3,2009,Q3,2009-09-30,2009-09-30,-2811646.0,606563.0,-2742943.0,-0.116666,418776.0,0.6904080862169305,103468213.0,85730109.0,14999293.0,17491317.0,17738104.0,0.0,-51050799.0,33121940.48,28007211.48,3.313046818203811,0.8575279380048969,0.07287708738141636,0.08795581958259262,-0.029408450817782598,3.313046818203811,-0.03279648227205683,54.605936201186026,-2.945066740265311,0.3863513165485419,0.0,0.0,0.0,0.0058623125152456245,0.7867946707500642,-0.027174007537947912,-4.428300164473904,0.6904080862169305,0.7272737898484491,-3.3328348768865412,-0.5352738641292714,0.28714503162791494,0.20637444690265486,0.7407488139055798,0.23866607527675604,-3.3328348768865412,-0.5352738641292714,0.28714503162791494,Oil & Gas E&P,Energy,EPSN
2009Q2,2009,Q2,2009-06-30,2009-06-30,-10845258.0,732281.0,-3602812.0,-0.427777,347136.0,0.47404753093416324,105371622.0,87334713.0,26022357.0,17786246.0,18036909.0,0.0,-48239153.0,28981697.92,17191177.92,3.3750568662334604,1.463060670587824,0.0823792481812608,0.09939272371571199,-0.030267224121913107,3.3750568662334604,-0.12418038174580136,39.577290575612366,-0.6680730398483836,0.3318462604898009,0.0,0.0,0.0,0.006949508663727317,1.448142739058034,-0.1029238972899174,-3.261165565459506,0.47404753093416324,-9.99994857157551,-47.215565676566406,-0.7061835948569041,0.13440398520101843,-0.7201121048031555,-11.989312966127983,-3.7241629350869028,-47.215565676566406,-0.7061835948569041,0.13440398520101843,Oil & Gas E&P,Energy,EPSN
2009Q1,2009,Q1,2009-03-31,2009-03-31,-834937.0,1707517.0,-762635.0,-0.038889,1240268.0,0.7263576292359022,135135733.0,95869954.0,15251037.0,36311874.0,39265779.0,0.0,-37393895.0,10609371.559999999,28440748.56,3.704901927291912,0.42000137475691834,0.18515232384908883,0.26098578288668,,3.704901927291912,-0.00870905810594214,6.213332903859814,-3.1766982299263296,0.11066419787788778,0.0,0.0,0.0,0.012635569897711658,0.41418762909344753,-0.006178506465051697,-0.7277651696750208,0.7263576292359022,0.972584551655937,-2.196433916222518,-0.20984909335834467,0.0,-0.1338181542303436,0.977696671597117,0.9780678499401547,-2.196433916222518,-0.20984909335834467,0.0,Oil & Gas E&P,Energy,EPSN
2008Q4,2008,Q4,2008-12-31,2008-12-31,-37435533.608162,1877211.951067,-34772468.632534,-1.418506803607378,1431879.4674089998,0.762769204934544,134069564.0,97294626.0,15994929.0,33836176.0,36774938.0,0.0,-36558958.0,17417929.98,28403194.98,3.686686835561616,0.47271680464128096,0.1433487693000926,0.19753102293645694,,3.686686835561616,-0.384764659130937,9.27861660485366,-0.1163194984898145,0.1790225287468601,0.0,0.0,0.0,0.014001775608571382,0.46494467932782946,-0.2792246986658508,-0.7384702958302081,0.762769204934544,-251.00152537663024,-8.181480096923528,-0.07194884606126951,-0.5402504951717718,-0.21099288586494333,-251.0015253766302,-74.86152343721669,-8.181480096923528,-0.07194884606126951,-0.5402504951717718,Oil & Gas E&P,Energy,EPSN
2008Q3,2008,Q3,2008-09-30,2008-09-30,-148552.805592,2489622.142452,-458367.655394,-0.005628961179847388,1814786.5104850002,0.7289405406306508,154871292.272813,142871341.394294,39880004.723219,11701952.578878,11999950.878519,0.0,860574.343473,76005512.64,40157116.64529,5.413679204618897,3.4079786646206656,0.00025250271810939616,0.00027371075174605867,,5.413679204618897,-0.0010397662970212226,30.528935031539785,-127.90992458390352,0.5319857145474768,0.0,0.0,0.0,0.016075426929778664,3.3882725645231284,-0.0009592016920109203,-8.456156738692135,0.7289405406306508,-1.0327381291030386,0.7755365907758631,0.8702851188673375,1.1032574163351014,-0.08667299073070306,-1.0357275966888795,0.6273383090671188,0.7755365907758631,0.8702851188673375,1.1032574163351014,Oil & Gas E&P,Energy,EPSN
2008Q2,2008,Q2,2008-06-30,2008-06-30,4157928.866182,2374098.054628,-1229983.297308,0.171939,1987006.288073,0.8369520728933608,124049023.383769,111423412.261741,17102573.197092,12346080.762429,12625611.122028,0.0,1003435.842012,193023635.16000003,179130920.48128104,4.739244569249846,1.3852633500614808,0.00036364688761348485,0.00040485244841572,,4.739244569249846,0.03731647399574112,81.30398606903584,11.605756217352218,1.7323436003429393,0.0,0.0,0.0,0.01913838569517215,1.3731999314649306,0.03351843289663526,-13.583600851632031,0.8369520728933608,10.101635699539463,21.345244018886667,0.0484202402279774,0.5929266199888152,0.5837408962857442,15.661469251872566,-0.7325320504969918,21.345244018886667,0.0484202402279774,0.5929266199888152,Oil & Gas E&P,Energy,EPSN
2008Q1,2008,Q1,2008-03-31,2008-03-31,-283595.647527,1535691.246478,-709933.935684,-0.018891,1254628.388225,0.8169795791324603,116900860.77917,106002254.930535,39605560.089381,10662282.133489,10898605.848635,0.0,-3152964.150393,46769085.47,8608929.053017996,4.510340221364278,3.714548123331355,0.0,0.0,,4.510340221364278,-0.002675373724010351,30.454745104044587,-41.22867000766232,0.44120840165757363,0.0,0.0,0.0,0.01313669750797624,3.6946878758363186,-0.002425950036952444,-6.300823537546779,0.8169795791324603,0.8777254081052756,-1.4474397579450953,-0.21756383320021383,0.0,0.5253297229344008,0.8636370319645387,0.7306670739456546,-1.4474397579450953,-0.21756383320021383,0.0,Oil & Gas E&P,Energy,EPSN
2007Q4,2007,Q4,2007-12-31,2007-12-31,-2079711.608017,1031746.918315,-2635897.311496,-0.15449652873317044,822529.299312,0.7972200204438854,117654854.084621,107944213.874583,48121610.623044,9529024.538019,9710640.210037,0.0,-2879158.840755,39037535.1,-8171167.313409999,8.018903330714924,5.050003852025767,0.0,0.0,,8.018903330714924,-0.01926654086742761,37.836347661453885,-4.6926620678458155,0.36164546202871495,0.0,0.0,0.0,0.00876926775645768,5.014703611780092,-0.017676377436337706,-1.429171992848598,0.7972200204438854,-6.967845731468305,0.0,0.0,0.0,0.45707429365257407,-5.160784635875293,-4.521811199378625,0.0,0.0,0.0,Oil & Gas E&P,Energy,EPSN
2007Q3,2007,Q3,2007-09-30,2007-09-30,-337572.52216,678980.660757,-477360.999194,-0.01939,564507.4536659999,0.8314043186983071,66003890.008058,34648503.223207,8978219.178082,31217882.755842,31355386.784851,0.0,-798269.540693,52902590.67,45601485.714319006,2.5739498943748704,0.2875985936747055,0.0,0.0,,2.5739498943748704,-0.009742773590690043,77.9147238317783,-39.17868546549358,1.5268362482846507,0.0,0.0,0.0,0.010286979459454702,0.254466621198499,-0.005114433741992903,-10.717455122586067,0.8314043186983071,-1.2305303117450825,0.0,0.0,0.0,-0.38743074840759745,-2.4539210865138092,-1.5222782301800057,0.0,0.0,0.0,Oil & Gas E&P,Energy,EPSN
2007Q2,2007,Q2,2007-06-30,2007-06-30,-97736.026303,1082938.468765,-189257.867543,-0.008693,921540.6294040001,0.8509630565205976,35458895.255989,33451932.362612,13551585.720996,1889652.418976,2006962.893377,0.0,-459411.930484,44187599.52,32866615.959643003,2.975180720680732,7.171470046507063,0.0,0.0,,2.975180720680732,-0.0029216855171044164,40.80342585889689,-113.02792120637828,1.3209281616683783,,0.0,,0.030540671415364866,6.640186723075004,-0.002756318988434712,0.0,0.8509630565205976,-1.4297933353109857,0.0,0.0,0.0,0.0,-1.3428927510704256,-1.214421123134092,0.0,0.0,0.0,Oil & Gas E&P,Energy,EPSN
2007Q1,2007,Q1,2007-03-31,2007-03-31,285033.807212,882645.631068,882645.631068,0.020226,0.0,0.0,,,,,,,,41536484.4,,,0.0,0.0,0.0,0.0,,0.0,47.05907210999381,36.43119109824256,0.0,,0.0,,0.0,0.0,0.0,0.0,0.0,0.0,0.0,0.0,0.0,0.0,0.0,0.0,0.0,0.0,0.0,Oil & Gas E&P,Energy,EPSN
