Quarters,Year,Quarter,FillingDate,Date,NetIncome,Revenue,OperatingIncome,EPSDiluted,GrossProfit,GrossProfitRatio,TotalAssets,CommonStockEquity,CurrentAssets,CurrentLiability,TotalLiability,Inventory,RetainedEarnings,MarketCap,EnterpriseValue,bookValuePerShare,currentRatio,debtToAssets,debtToEquity,roic,shareholdersEquityPerShare,roe,priceToSalesRatio,peRatio,pbRatio,payoutRatio,inventoryTurnover,dividendYield,assetTurnover,quickRatio,returnOnAssets,priceToFreeCashFlowsRatio,grossProfitMargin,epsdilutedGrowth,fiveYNetIncomeGrowthPerShare,fiveYRevenueGrowthPerShare,fiveYShareholdersEquityGrowthPerShare,grossProfitGrowth,netIncomeGrowth,operatingIncomeGrowth,threeYNetIncomeGrowthPerShare,threeYRevenueGrowthPerShare,threeYShareholdersEquityGrowthPerShare,Industry,Sector,Symbol
2023Q4,2023,Q4,2023-06-26,2023-04-30,2088000.0,388309000.0,15146000.0,0.32,164707000.0,0.424164776,1420431000.0,297421000.0,1251088000.0,638598000.0,1123010000.0,109290000.0,0.0,505679299.49999994,1134481299.5,46.670600068729925,1.959116689999029,0.4495804442454438,2.1471180582406757,0.014996247195404376,46.670600068729925,0.0070203516227838655,1.3022600544926848,60.54589313936781,1.7002138366154371,0.004789272030651341,2.045951139171013,1.9775379395375074e-05,0.27337406744854204,1.6967795076088557,0.0014699763663282483,-34.18137755171015,0.4241647759902552,0.3913043478260869,-0.7774440679737797,1.4838207326785082,0.39655131565900176,0.14765601047966778,0.38461538461538464,0.30659075224292615,-0.7658718234016668,1.0601474979370962,0.018900361275323133,Auto & Truck Dealerships,Consumer Cyclical,CRMT
2023Q3,2023,Q3,2023-03-10,2023-01-31,1508000.0,326530000.0,11592000.0,0.23,143516000.0,0.4395185741,1384680000.0,-297421000.0,1233216000.0,150535000.0,889436000.0,131616000.0,683724000.0,548714470.34,1226633470.3400002,-46.69066759643713,8.192221078154581,0.49270661813559813,-2.293856183658854,0.02222374934142984,-46.69066759643713,-0.005070253949788347,1.6804412162435305,90.96725304045093,-1.8449082961189693,0.006631299734748011,1.3905148310235838,1.82244145918071e-05,0.23581621746540718,6.911694954661707,0.0010890602882976572,-15.154090705073326,0.4395185740973264,-0.5208333333333333,-0.8742508548840182,1.474579031421676,-2.411051675345786,-0.01497618361267828,-0.5195922268238292,-0.08363636363636363,-0.8768813341545031,0.8111188649128284,-2.0547072832983884,Auto & Truck Dealerships,Consumer Cyclical,CRMT
2023Q2,2023,Q2,2022-12-12,2022-10-31,3139000.0,351840000.0,12650000.0,0.48,145698000.0,0.4141030014,512167000.0,-297421000.0,1173571000.0,139823000.0,809488000.0,130298000.0,682226000.0,435373902.4,1044085902.4,-46.69939894863115,8.393261480586169,1.1973457876044338,-2.061861805319732,0.02593370562071371,-46.69939894863115,-0.010554063095746434,1.2374201409731695,34.67457011787193,-1.4638304033676168,0.0031857279388340237,1.5820810756880381,2.2968763044534754e-05,0.6869634318493772,7.160617351937807,0.00612886031314005,-10.415892782123974,0.4141030013642565,-0.76,-0.392729070653488,1.7246322731926036,-2.511600206277491,-0.0399889303998893,-0.7629512158284247,-0.48323052412271744,-0.7649918133108382,0.9221342354706971,-2.1096823196132046,Auto & Truck Dealerships,Consumer Cyclical,CRMT
2023Q1,2023,Q1,2022-09-02,2022-07-31,13242000.0,344882000.0,24479000.0,2.0,151767000.0,0.4400548593,1248273000.0,-297421000.0,1121302000.0,38890000.0,767592000.0,145181000.0,671474000.0,662379771.1800001,1233839771.18,-46.66652859119399,28.832656209822577,0.4612949250684746,-1.936050245275216,0.05549113430390145,-46.66652859119399,-0.04452274721690802,1.920598266015623,12.505281890575443,-2.227078017961072,0.0007551729346020238,1.330167170635276,1.5097079402327528e-05,0.27628731855932154,23.884083311905375,0.010608256366996643,-9.838979400196074,0.44005485934319566,-0.5012468827930174,1.2431927676226826,1.7899119057118404,-2.481767788987728,-0.023284100781928756,-0.5036173482775425,-0.3537750791974657,-0.10463025339230486,1.1044512378681273,-2.141204367754717,Auto & Truck Dealerships,Consumer Cyclical,CRMT
2022Q4,2022,Q4,2022-07-11,2022-04-30,26677000.0,351837000.0,37880000.0,4.01,155385000.0,0.4416391681,1145312000.0,469366000.0,1026423000.0,27671000.0,675946000.0,115302000.0,658242000.0,518590414.65,1013811414.65,73.17574723322164,37.09381663113006,0.43842813137380904,1.0698197142528432,0.028488246640288123,73.17574723322164,0.05683624293195502,1.4739507631374755,4.859901925347677,1.104874265818146,0.00037485474378678264,1.7038039236093043,1.9283040560533815e-05,0.30719751473834206,31.31097538939684,0.023292343047134755,-27.830332438016526,0.44163916813751825,0.447653429602888,5.138915887177495,1.7754758349414186,1.426798438790242,0.1539918306721129,0.42125732551944595,0.36563559016511643,0.9129879995540323,1.0776549893953216,0.8797623649101484,Auto & Truck Dealerships,Consumer Cyclical,CRMT
2022Q3,2022,Q3,2022-03-09,2022-01-31,18770000.0,291898000.0,27738000.0,2.77,134650000.0,0.461291273,1044631000.0,450840000.0,932821000.0,29083000.0,593691000.0,119596000.0,631575000.0,615775465.2,1046473465.2,69.49567694468124,32.07444211394973,0.4147885712754073,0.961097063259693,0.02223766936243574,69.49567694468124,0.04163339543962381,2.109556986344545,8.201591172083113,1.3658403540058557,0.0005327650506126798,1.3148265828288572,1.62396856730108e-05,0.27942689811043325,27.648420039198157,0.01796806719310455,-15.48847914078024,0.4612912729789173,-0.16816816816816818,7.053340233434231,1.5592323693224204,1.289396441161671,0.02681226836670886,-0.18009872013279168,-0.13502557066234253,0.7928426172598289,0.8861000773021894,0.9073617530953851,Auto & Truck Dealerships,Consumer Cyclical,CRMT
2022Q2,2022,Q2,2021-12-08,2021-10-31,22893000.0,288301000.0,32068000.0,3.33,131134000.0,0.45485100641343595,976852000.0,437764000.0,871613000.0,29599000.0,538988000.0,108989000.0,612815000.0,783124430.7800001,1166843430.7800002,67.04047844313634,29.447379979053345,0.39498613914902153,0.881394998218218,0.02813207954774934,67.04047844313634,0.052295300664284866,2.7163430955147576,8.552007499890797,1.7889192139600332,0.0004368147468658542,1.4420446100065145,1.276936283297904e-05,0.2951327324917183,25.4979897969526,0.02343548459746205,-17.915957785912013,0.45485100641343595,-0.06722689075630246,4.4726871352681,1.3023740001967432,1.2330275512373043,0.027977893622858935,-0.08306965194056154,-0.049611759824551,1.133518963325201,0.8131202429837366,0.8815130491019889,Auto & Truck Dealerships,Consumer Cyclical,CRMT
2022Q1,2022,Q1,2021-09-03,2021-07-31,24967000.0,280329000.0,33742000.0,3.57,127565000.0,0.4550545965633238,900750000.0,422181000.0,798729000.0,34150000.0,478469000.0,97031000.0,589932000.0,1050066846.0,1382454846.0,63.92619599000272,23.388843338213764,0.37203108520677214,0.793751968942231,0.03238583249161978,63.92619599000272,0.059138142171248825,3.74583737679655,10.514547662915048,2.487243258223369,0.00040052869788120317,1.5743834444662015,9.52320324948151e-06,0.3112173189009159,20.346734992679355,0.027718012767138495,-31.739416213275298,0.4550545965633238,-0.4232633279483038,3.2271379800032407,1.3135556433447444,1.2122577220219521,-0.021035101990698815,-0.42600639124537326,-0.4095164762088095,1.4050120703470608,0.7919417649041471,0.8584741733810245,Auto & Truck Dealerships,Consumer Cyclical,CRMT
2021Q4,2021,Q4,2021-07-02,2021-04-30,43497000.0,279079000.0,57143000.0,6.19,130306000.0,0.4669143862490549,822159000.0,406796000.0,719762000.0,25331000.0,415263000.0,82263000.0,564975000.0,998550708.7600001,1286269708.7600002,61.44609396571673,28.414274999013067,0.35347420632748655,0.7143924719023785,0.05900753825261476,61.44609396571673,0.10692583014582248,3.578021666839856,5.739192983194243,2.454671896380496,0.00022990091270662345,1.808504430910616,1.0014513947336733e-05,0.3394465060894547,24.92515100075007,0.052905824785716635,-61.28333796244017,0.4669143862490549,1.1719298245614036,14.870509761593866,1.2128794013151825,1.178601503608922,0.19061803296663132,1.1877577708480032,1.0797423205706798,3.462865887356343,0.7183665138099194,0.8386869516045546,Auto & Truck Dealerships,Consumer Cyclical,CRMT
2021Q3,2021,Q3,2021-03-05,2021-01-31,19882000.0,228260000.0,27476000.0,2.85,109444000.0,0.4794707789363007,741937000.0,363574000.0,640075000.0,25261000.0,378263000.0,68554000.0,521488000.0,788200391.25,1059050391.25,54.80361012190756,25.338466410672577,0.3706662425515913,0.7564099743105943,0.03020919823287717,54.80361012190756,0.05468487845665532,3.4530815353106106,9.910979670682025,2.167922874710513,0.0005029675082989639,1.7331738483531232,1.2687128947171782e-05,0.30765415392412027,22.410435057994537,0.026797423500917194,-67.40211999743458,0.4794707789363007,-0.0655737704918032,5.113477495496369,1.0944398846783565,1.0010721519504002,0.026005437330083436,-0.061992828835629364,-0.06365866957470011,0.5919215608028006,0.6609859115968953,0.6562351720028929,Auto & Truck Dealerships,Consumer Cyclical,CRMT
2021Q2,2021,Q2,2020-12-04,2020-10-31,21196000.0,223360000.0,29344000.0,3.05,106670000.0,0.4775698424068768,716344000.0,343931000.0,614934000.0,21384000.0,372313000.0,67428000.0,501616000.0,573435525.6,980746525.6,51.89233800759832,28.756734006734007,0.2977912846341981,0.6202435953723275,0.03605664037964157,51.89233800759832,0.061628640628498155,2.5673152113180517,6.763487516512549,1.6672981662019417,0.0004717871296471032,1.7305866998872872,1.7438752141379365e-05,0.3118055012675474,25.37565469509914,0.029589135945858415,-23.37976620051372,0.4775698424068768,0.07773851590105998,56.86320282330545,1.146615980131835,0.9030757781240399,0.14653309973451423,0.08341852381925986,0.07652799178222908,2.9403730586073995,0.662112209761886,0.6796890453084979,Auto & Truck Dealerships,Consumer Cyclical,CRMT
2021Q1,2021,Q1,2020-09-04,2020-07-31,19564000.0,187911000.0,27258000.0,2.83,93037000.0,0.4951120477247207,698988000.0,326149000.0,596993000.0,28376000.0,372739000.0,56220000.0,480430000.0,631143466.1999999,795951466.1999999,49.17477642106343,21.03865943050465,0.30819699336755424,0.660514059524941,0.03438769896434781,49.17477642106343,0.0599848535485315,3.35873613678816,8.065112786240032,1.9351384373399885,0.0005111429155591903,1.6875489149768765,1.5844258137073307e-05,0.26883294133804875,18.882753030730196,0.02798903557714868,-61.58098021270367,0.4951120477247207,1.096296296296296,4.440305352128188,0.6904023512608776,0.7975530428519705,-0.004195699408106691,1.1129711631925694,1.150023663038334,2.184660512063251,0.4607121504743122,0.5614103283687315,Auto & Truck Dealerships,Consumer Cyclical,CRMT
2020Q4,2020,Q4,2020-06-24,2020-04-30,9259000.0,195689000.0,12678000.0,1.35,93429000.0,0.47743613590952994,667324000.0,303059000.0,569654000.0,22588000.0,364165000.0,36414000.0,460876000.0,436345314.75,655163314.75,45.80487145015231,25.219319992916592,0.32236664648656427,0.7098386782771672,0.018542319262340626,45.80487145015231,0.03055180674390135,2.22978969052936,11.781653384544768,1.4398031893129721,0.0010800302408467436,2.808260559125611,2.291762890986788e-05,0.29324436105999485,23.41061625641934,0.01387481942804395,13.564577056391444,0.47743613590952994,-0.2622950819672131,0.6525746280981033,0.8401289855844595,0.7092602705106869,0.04705816429451978,-0.2701403121551316,-0.28336442258775646,1.0656071204108053,0.4965502341179778,0.5190714782855174,Auto & Truck Dealerships,Consumer Cyclical,CRMT
2020Q3,2020,Q3,2020-03-16,2020-01-31,12686000.0,186734000.0,17691000.0,1.83,89230000.0,0.4778454914477278,597893000.0,292070000.0,531470000.0,19839000.0,305723000.0,54026000.0,451627000.0,724289248.54,907008248.54,44.26883964470342,26.789152679066486,0.309088749993728,0.6327318793439929,0.027725465170307023,44.26883964470342,0.04343479302906837,3.878721863934795,14.273396826028694,2.479848147841271,0.0007882705344474224,1.804760670788139,1.3806638742957585e-05,0.3123200974087337,23.828015524976056,0.021217843326481495,-109.19482112769485,0.4778454914477278,-0.08499999999999996,1.2131905358080832,0.8483694623472655,0.6782926806934332,-0.01385880376641174,-0.08648376179160366,-0.11721556886227545,4.35195337315837,0.609821933964319,0.4583486109159673,Auto & Truck Dealerships,Consumer Cyclical,CRMT
2020Q2,2020,Q2,2019-12-09,2019-10-31,13887000.0,190310000.0,20040000.0,2.0,90484000.0,0.47545583521622614,575367000.0,278659000.0,511265000.0,19959000.0,296608000.0,48103000.0,438951000.0,602495926.38,778196926.38,42.08357484231062,25.61576231274112,0.30967191375243974,0.6394015624831784,0.031299116476552154,42.08357484231062,0.04983510311886571,3.1658658314329253,10.846401785482826,2.162126205792743,0.0007200979333189314,2.075255181589506,1.6597622593207218e-05,0.3307628000910723,22.964577383636456,0.02413589934772067,-86.84000091957337,0.47545583521622614,-0.09502262443438912,1.3998740735507427,0.8477161479075029,0.6431099220571368,0.0902606243900088,-0.10469989040036104,-0.08409506398537477,2.273775070719361,0.49876596372278054,0.4017468887419288,Auto & Truck Dealerships,Consumer Cyclical,CRMT
2020Q1,2020,Q1,2019-09-04,2019-07-31,15511000.0,171878000.0,21880000.0,2.21,82993000.0,0.48285993553567064,548779000.0,273336000.0,485333000.0,21730000.0,275343000.0,44651000.0,425074000.0,602654865.12,762112865.12,40.89235014321658,22.33469857340083,0.29355715142161054,0.5893771768080311,0.03626515123270214,40.89235014321658,0.05674700734626979,3.5062943781054003,9.713346417381212,2.20481336201598,0.0006447037586229128,1.9906609034512106,1.659324528643573e-05,0.31320076023317217,20.056971928209848,0.028264565517266513,-194.2794536170213,0.48285993553567064,0.06763285024154596,1.786010668308649,0.7595932321976152,0.631378771159233,-0.015013411189441953,0.06487711108059865,0.07714271648697878,1.5946866605410863,0.4015134545625038,0.41513844168209085,Auto & Truck Dealerships,Consumer Cyclical,CRMT
2019Q4,2019,Q4,2019-06-21,2019-04-30,14566000.0,176882000.0,20313000.0,2.07,84258000.0,0.47635146594905076,492542000.0,260810000.0,463650000.0,20171000.0,231632000.0,37483000.0,409573000.0,663612416.6,815213416.6,38.92819039215066,22.98596995686877,0.3113500980627033,0.5879874237950998,0.03889995583598719,38.92819039215066,0.05584908554119857,3.7517238418832894,11.389750387889606,2.5444285748245847,0.000686530275985171,2.4710935624149615,1.5069036910482667e-05,0.3591206435187253,20.89797233652273,0.02957311254674728,34.7987633245936,0.47635146594905076,0.3354838709677418,2.0175011498784805,0.8864751528923822,0.5990575541563845,0.062334518496104094,0.33694355208811383,0.24726759179663516,4.251631532702258,0.38591500855574995,0.38021814972375967,Auto & Truck Dealerships,Consumer Cyclical,CRMT
2019Q3,2019,Q3,2019-03-08,2019-01-31,10895000.0,161054000.0,16286000.0,1.55,79314000.0,0.4924683646478821,493555000.0,245977000.0,464526000.0,19964000.0,247478000.0,38822000.0,395017000.0,472301778.96,641818778.96,36.435498841213175,23.26818272891204,0.34675162849125224,0.6957601726990735,0.029731958642903553,36.435498841213175,0.044292759079100893,2.932567827933488,10.837580976594767,1.9201054527862358,0.0009178522257916476,2.1055071866467467,2.1172903523717022e-05,0.326314189907913,21.069875776397517,0.02207454083131566,80.25518758878505,0.4924683646478821,-0.018987341772151913,8.790370192780836,0.7354526532676451,0.5417357707322824,-0.030450461463235743,-0.03421682474957894,0.011113180604706029,2.2920722095350485,0.4521901006860419,0.3303879418050821,Auto & Truck Dealerships,Consumer Cyclical,CRMT
2019Q2,2019,Q2,2018-12-06,2018-10-31,11281000.0,167171000.0,16107000.0,1.58,81805000.0,0.4893492292323429,487396000.0,244610000.0,458886000.0,20200000.0,242686000.0,39255000.0,384132000.0,514192994.00000006,679357994.0,35.63115253180599,22.717128712871286,0.3402654104670535,0.6779935407383182,0.03129023322019832,35.63115253180599,0.04611831078042598,3.075850440566845,11.395111116035814,2.1020931033073054,0.0008864462370357238,2.1746529104572665,1.944795070467257e-05,0.34298804257728827,20.54019801980198,0.023145450516623034,-134.92337811598009,0.4893492292323429,0.03267973856209153,1.5524335114932302,0.8081748805496454,0.48430678893531975,0.02452189813017396,0.03647556045571481,0.0783289817232376,29.704055884840557,0.5510780228801542,0.30672052818268003,Auto & Truck Dealerships,Consumer Cyclical,CRMT
2019Q1,2019,Q1,2018-09-04,2018-07-31,10884000.0,164015000.0,14937000.0,1.53,79847000.0,0.4868274243209463,472502000.0,238167000.0,443853000.0,21551000.0,234235000.0,37512000.0,372861000.0,443138240.0,598924240.0,34.397139818039626,20.595471207832585,0.3314843111775188,0.6576351887541095,0.031272593763710395,34.397139818039626,0.04569902631346912,2.7018153217693506,10.178662256523337,1.8606198171870998,0.0009187798603454612,2.2437619961612283,2.2566321516283497e-05,0.3471202238297404,18.63333488005197,0.023034823133023775,-1635.1964575645757,0.4868274243209463,0.06993006993006999,0.8802597654991301,0.7436117087337754,0.47411401473114145,-0.0013882288201305685,0.07031173173370046,-0.016331906486664473,1.8991357947071357,0.4133048699046612,0.2573658254364197,Auto & Truck Dealerships,Consumer Cyclical,CRMT
2018Q4,2018,Q4,2018-06-14,2018-04-30,10169000.0,169451000.0,15185000.0,1.43,79958000.0,0.47186502292698185,455584000.0,230835000.0,426635000.0,18042000.0,224649000.0,33610000.0,361988000.0,368164899.7,519176899.7,33.41846414480452,23.64676865092562,0.3337123340591417,0.6586262915069205,0.02943710939690706,33.41846414480452,0.04405311152988065,2.172692398982597,9.051157923591306,1.594926677930123,0.000983380863408398,2.6626896756917584,2.7161741948101308e-05,0.3719423860363841,21.520784835384102,0.02232080143288614,25.47325120736179,0.47186502292698185,-0.21428571428571436,0.5104518034085876,0.7621683569523042,0.4876436323502529,0.10648603019525898,-0.2399282457582779,1.055081878467993,0.7385035790629633,0.5262523078488326,0.24704755751498383,Auto & Truck Dealerships,Consumer Cyclical,CRMT
2018Q3,2018,Q3,2018-03-08,2018-01-31,13379000.0,147214000.0,7389000.0,1.82,72263000.0,0.49087043351855125,456337000.0,235156000.0,426781000.0,23684000.0,221081000.0,38094000.0,351829000.0,327619561.5,479372561.5,33.08926838912212,18.01980239824354,0.3337160913973664,0.6475998911360968,0.04381821796703557,33.08926838912212,0.056894146864209294,2.225464707840287,6.1218992731145825,1.3932009453299088,0.0007474400179385604,1.9675276946500762,3.0523207937325804e-05,0.3225993070910314,16.203175139334572,0.029318245068885494,-71.14431302931597,0.49087043351855125,1.3037974683544304,1.127372085224554,0.5707591658616757,0.5436271574336359,-0.01676304510510919,1.2414139721896464,-0.2546903368973169,1.166893983885548,0.35280254139334044,0.2544597372027253,Auto & Truck Dealerships,Consumer Cyclical,CRMT
2018Q2,2018,Q2,2017-12-08,2017-10-31,5969000.0,149118000.0,9914000.0,0.79,73495000.0,0.49286471116833647,444007000.0,227210000.0,414869000.0,21225000.0,216697000.0,31315000.0,338460000.0,315140282.15000004,455580282.15000004,30.894014670475855,19.546242638398116,0.31710761316826086,0.6196822322961137,0.01884479806617302,30.894014670475855,0.02627085075480833,2.113361781609196,13.199040130256325,1.387000053474759,0.0016753224995811693,2.414912980999521,3.173190025653469e-05,0.3358460564810915,17.868975265017667,0.013443481746909396,-73.47640059454419,0.49286471116833647,-0.1222222222222222,0.015454135398017618,0.8802513253487411,0.504280243846353,0.032059203505027244,-0.14631006864988558,-0.18120251073670302,-0.07127111301967755,0.30350010908572644,0.20622504688459817,Auto & Truck Dealerships,Consumer Cyclical,CRMT
2018Q1,2018,Q1,2017-09-06,2017-07-31,6992000.0,146418000.0,12108000.0,0.9,71212000.0,0.48636096654782884,437763000.0,237742000.0,407782000.0,24746000.0,199921000.0,30738000.0,332501000.0,295914763.20000005,415159763.20000005,31.493820379962713,16.47870362886931,0.27354070581570394,0.503680460330947,0.021748252467692988,31.493820379962713,0.02941003272455014,2.021027217965005,10.580476372997714,1.2446886254847693,0.0014302059496567505,2.4466783785542328,3.379351503744102e-05,0.3344686508453204,15.062555564535682,0.0159721127642126,135.92777363344052,0.48636096654782884,0.3636363636363636,0.06163735003559673,0.8360226030989133,0.5931385491122941,-0.028962583178793497,0.33384204502098436,0.18647721705046547,0.11203535520200125,0.3272742225521429,0.2564293764147,Auto & Truck Dealerships,Consumer Cyclical,CRMT
2017Q4,2017,Q4,2017-06-13,2017-04-30,5242000.0,152917000.0,10205000.0,0.66,73336000.0,0.47958042598272266,424258000.0,233308000.0,393764000.0,17710000.0,190850000.0,30129000.0,325519000.0,281642088.0,399821088.0,30.153203522621236,22.23399209486166,0.27957752122529217,0.5083966259193855,0.018143642775075956,30.153203522621236,0.022468153685257255,1.8417971056193883,13.431995803128576,1.2071685840176933,0.0019076688286913392,2.6413422284178036,3.550605689303084e-05,0.360433981209547,20.310163749294183,0.012355689226838386,17.814173814041744,0.47958042598272266,0.8857142857142859,-0.3461424477916777,0.7949836427262089,0.5217402190379573,0.09541733883013682,0.8483779971791255,0.8255813953488372,-0.059696598805813336,0.4121702896612995,0.23860645432377028,Auto & Truck Dealerships,Consumer Cyclical,CRMT
2017Q3,2017,Q3,2017-03-08,2017-01-31,2836000.0,138784000.0,5590000.0,0.35,66948000.0,0.4823899008531243,434651000.0,239618000.0,402983000.0,19886000.0,194933000.0,32303000.0,320287000.0,331142267.15000004,453260267.15000004,30.35545775087262,20.264658553756412,0.28154082240694256,0.5106961914380389,0.00968266426289243,30.35545775087262,0.011835504845211963,2.386026250504381,29.190961490655855,1.3819590646362128,0.003526093088857546,2.2238182212178437,3.0198500741284782e-05,0.31929985206522016,18.410338931911898,0.006524775049407456,439.18072566313003,0.4823899008531243,-0.435483870967742,-0.5272932041800426,0.7982772203625684,0.5886452143360748,-0.07290930995804079,-0.4348345954563571,-0.38150033193184335,1.179541955460481,0.27899186596683045,0.2844642324077635,Auto & Truck Dealerships,Consumer Cyclical,CRMT
2017Q2,2017,Q2,2016-12-14,2016-10-31,5018000.0,150210000.0,9038000.0,0.62,72213000.0,0.48074695426403036,435239000.0,235166000.0,401433000.0,18976000.0,199973000.0,32446000.0,317462000.0,319980541.85,445095541.85,30.022235241114554,21.154774451939293,0.287853340348636,0.5327513331008734,0.01572186064084662,30.022235241114554,0.021338118605580738,2.1302213025098196,15.941637198585093,1.3606581812421863,0.0019928258270227183,2.403901867718671,3.125190032551349e-05,0.3451207267731063,19.255533305227654,0.01152929769620829,-53.3389801383564,0.48074695426403036,-0.28735632183908044,-0.1928859390404839,0.8724459157615364,0.645846439592286,0.02681758073001834,-0.29413419608946406,-0.28733638227408925,-0.004937580973051163,0.42393828218139706,0.25065299382671624,Auto & Truck Dealerships,Consumer Cyclical,CRMT
2017Q1,2017,Q1,2016-09-06,2016-07-31,7109000.0,145840000.0,12682000.0,0.87,70327000.0,0.48222024136039493,426701000.0,229695000.0,392164000.0,23268000.0,196906000.0,33824000.0,312453000.0,273363530.75,392614530.75,28.89636019964964,16.854220388516417,0.2803415037696185,0.5207862600404884,0.022763555085831628,28.89636019964964,0.03094973769563987,1.8744070951042238,9.613290573568715,1.1901152865756763,0.0014066676044450696,2.2325271996215705,3.658132440916317e-05,0.3417849969885236,15.26027161767234,0.016660378110198944,-56.73796819219593,0.48222024136039493,1.1749999999999998,0.10915642040986631,1.0863780402025258,0.6054615593703379,0.015581677449168206,1.1138864109426108,0.9174478379195645,0.06976574997201175,0.3504972969393849,0.23837417210726602,Auto & Truck Dealerships,Consumer Cyclical,CRMT
2016Q4,2016,Q4,2016-06-17,2016-04-30,3363000.0,154749000.0,6614000.0,0.4,69248000.0,0.44748592882668065,406296000.0,229117000.0,371186000.0,17239000.0,177079000.0,29879000.0,305354000.0,215840225.92000002,323140225.92,28.204375083708214,21.531759382794824,0.2655748518321618,0.4709471580022434,0.012294876342150712,28.204375083708214,0.014678090233374215,1.394776224208234,16.04521453464169,0.9420524270132727,0.0029735355337496285,2.8615750192442855,4.633056677630816e-05,0.38087748833362867,19.60699576541563,0.008277216610549944,11.229980536940687,0.44748592882668065,-0.14893617021276587,-0.47780191383065257,1.1433145222498478,0.5937197433522848,0.06928552678309477,-0.1801560214529498,-0.10609541829977023,-0.5752534777275443,0.36837601474469,0.2555352279473253,Auto & Truck Dealerships,Consumer Cyclical,CRMT
2016Q3,2016,Q3,2016-03-08,2016-01-31,4102000.0,137463000.0,7399000.0,0.47,64761000.0,0.47111586390519633,424282000.0,229168000.0,388314000.0,19527000.0,195015000.0,42094000.0,302001000.0,191202584.8,314108584.8,27.387123482025228,19.886003994469196,0.29107056156047156,0.5388885010123577,0.013157197842350327,27.387123482025228,0.01789953222090344,1.3909385420076676,11.653009800097514,0.8343336975493961,0.0024378352023403218,1.7271345084810186,5.230054818798663e-05,0.3239897049603801,17.554309417729296,0.009668098104562532,-15.696788835071013,0.47111586390519633,8.833333333333334,0.011086938189477808,1.3283006530256682,0.7681066514537076,0.0546020062532569,9.457731958762887,198.97297297297297,-0.4460420451676149,0.24568332760173753,0.2776198939696225,Auto & Truck Dealerships,Consumer Cyclical,CRMT
2016Q2,2016,Q2,2015-12-08,2015-10-31,-485000.0,133004000.0,37000.0,-0.06,61408000.0,0.4617003999879703,403663000.0,231009000.0,368490000.0,17589000.0,172554000.0,34253000.0,297910000.0,290078472.32,394343472.32,27.267615196464366,20.950025584171925,0.2617307011046343,0.4573458176954145,6.886697119338154e-05,27.267615196464366,-0.002099485301438472,2.1809755520134733,-149.52498573195876,1.2557020389681788,-0.020618556701030927,2.090211076402067,3.4473430310155875e-05,0.32949267086653966,18.79379157427938,-0.0012014972885798301,71.14998094677459,0.4617003999879703,-1.1153846153846154,-1.1007521221379488,0.8620417676435719,0.6427195303527635,-0.09163794506160969,-1.1050693240901213,-0.995445032623415,-1.071626185308955,0.4558676140532489,0.32770490576756567,Auto & Truck Dealerships,Consumer Cyclical,CRMT
2016Q1,2016,Q1,2015-09-09,2015-07-31,4616000.0,142690000.0,8123000.0,0.52,67603000.0,0.4737753171210316,411712000.0,232898000.0,377006000.0,19686000.0,178714000.0,38320000.0,298405000.0,393831734.4,500485734.4,27.356509237159127,19.150970232652647,0.2608352440540961,0.4610988501404048,0.014965185168705212,27.356509237159127,0.019819835292703245,2.7600514009390986,21.329708318890813,1.6910052228872725,0.002166377816291161,1.959472860125261,2.539155463242426e-05,0.3465772190268926,17.009245148836737,0.011211720814549977,-290.43638230088493,0.4737753171210316,-0.3580246913580247,-0.23596374054075714,1.0568200188960841,0.7274665480095539,0.03267444702431871,-0.36331034482758623,-0.3445493423706931,-0.3785358857720653,0.5865456664158201,0.3838495587087731,Auto & Truck Dealerships,Consumer Cyclical,CRMT
2015Q4,2015,Q4,2015-06-12,2015-04-30,7250000.0,137611000.0,12393000.0,0.81,65464000.0,0.475717784188764,400361000.0,229432000.0,366043000.0,17014000.0,170829000.0,34267000.0,293798000.0,439548077.42,543030077.4200001,26.79806711734246,21.514223580580698,0.26044494843403826,0.45447888699048083,0.023059981658052977,26.79806711734246,0.03159977684019666,3.1941347524543824,15.15683025586207,1.9158098147599292,0.001379310344827586,2.105436717541658,2.2750639836025787e-05,0.34371729514113514,19.253614670271542,0.018108656937114255,36.822323650833546,0.475717784188764,-0.012195121951219388,0.31640437765156415,1.0313496321007039,0.7080784221482458,0.009810575677176529,-0.02828039136844927,-0.012352566145999362,-0.18272204316105906,0.4598341810841236,0.3524167173264113,Auto & Truck Dealerships,Consumer Cyclical,CRMT
2015Q3,2015,Q3,2015-03-03,2015-01-31,7461000.0,131500000.0,12548000.0,0.82,64828000.0,0.49298859315589355,409696000.0,226522000.0,375445000.0,19038000.0,183074000.0,38248000.0,286558000.0,456095986.71,567091986.71,26.377306028893912,19.72082151486501,0.27474029524330235,0.4969053778440946,0.023477913174695327,26.377306028893912,0.03293719815293879,3.4684105453231937,15.282669438078006,2.0134732463513476,0.0013403029084573114,1.7431499686258105,2.1925209366857047e-05,0.3209696946028275,17.498161571593656,0.01821106381316879,-202.7994605202312,0.49298859315589355,-0.012048192771084348,0.6234132621828513,1.143770819016982,0.7347644127856049,-0.01294192880416578,-0.007713791727623354,-0.01375461762163012,0.14310299518779745,0.5661945144948324,0.38044964875141096,Auto & Truck Dealerships,Consumer Cyclical,CRMT
2015Q2,2015,Q2,2014-12-08,2014-10-31,7519000.0,133834000.0,12723000.0,0.83,65678000.0,0.49074226280317407,391574000.0,220367000.0,357330000.0,17728000.0,171107000.0,32450000.0,279107000.0,395612057.94,502860057.94,25.612148205899047,20.15625,0.27454580743358853,0.48784527628909957,0.02435095324887585,25.612148205899047,0.03412035377347788,2.9559906895108865,13.153745775369064,1.7952418372079302,0.0013299640909695438,2.1003389830508477,2.527728819002943e-05,0.34178469459157146,18.1139440433213,0.01920198991761455,-90.32238765753425,0.49074226280317407,0.050632911392404965,0.6243147403324077,1.2103884596841787,0.7546193968373686,0.06094822712220337,0.03567493112947658,0.03514766902611667,0.10102022481825108,0.5188253946003888,0.404081428196283,Auto & Truck Dealerships,Consumer Cyclical,CRMT
2015Q1,2015,Q1,2014-09-03,2014-07-31,7260000.0,127376000.0,12291000.0,0.79,61905000.0,0.48600207260394424,379936000.0,218485000.0,345599000.0,24099000.0,161351000.0,33028000.0,271598000.0,326339919.35999995,423444919.35999995,25.066128642926436,14.340802522926262,0.2563958140318369,0.4458612719408655,0.024317503379244633,25.066128642926436,0.03322882577751333,2.562020469790227,11.237600528925618,1.4936490805318443,0.0013774104683195593,1.9822877558435268,3.064289535773452e-05,0.33525646424660993,12.824971990539026,0.019108481428451108,106.29964799999999,0.48600207260394424,0.16176470588235292,0.3901777470494512,1.0466441012066137,0.7868002626588715,0.052054654838380746,0.15000792016473943,0.14090782511835143,0.0329872032536492,0.6617970796555053,0.3926565733679531,Auto & Truck Dealerships,Consumer Cyclical,CRMT
2014Q4,2014,Q4,2014-06-11,2014-04-30,6313000.0,122624000.0,10773000.0,0.68,58842000.0,0.479857124217119,363297000.0,213306000.0,329029000.0,14407000.0,149891000.0,30115000.0,264348000.0,316658463.16,414486463.16,24.34445857872078,22.838134240299855,0.27007379637046275,0.4599823727415075,0.02169310390997771,24.34445857872078,0.0295959794848715,2.582353072481733,12.539935971804214,1.4845267510524787,0.001584032947885316,2.117947866511705,3.1579765467841724e-05,0.33753100080650267,20.505171097383215,0.017376967054503617,14.429640608794715,0.479857124217119,3.25,0.6513243412075759,1.1081532529625049,0.8191307771639483,-0.027340650621528698,3.2945578231292516,2.3301391035548686,-0.0911712044404172,0.5746042347216731,0.3756108462952744,Auto & Truck Dealerships,Consumer Cyclical,CRMT
2014Q3,2014,Q3,2014-03-04,2014-01-31,1470000.0,122588000.0,3235000.0,0.16,60496000.0,0.4934903905765654,382831000.0,210753000.0,349239000.0,16236000.0,171978000.0,34242000.0,258045000.0,343782192.29999995,459551192.29999995,23.63277776444618,21.510162601626018,0.3030710679124731,0.5505259711605529,0.006015932309503112,23.63277776444618,0.006974989679862208,2.8043706749437134,58.466359234693876,1.6312090091244251,0.006802721088435374,1.8133286607090708,2.9088184972866614e-05,0.3202144026998858,19.209472776545947,0.0038398144350901575,-78.92153174931128,0.4934903905765654,-0.7377049180327868,-0.4657875121408337,1.2046794322638295,0.8249513119409343,0.03221403221403221,-0.7467700258397932,-0.6744162640901772,-0.6600157966353649,0.9482727767758217,0.5257269199910376,Auto & Truck Dealerships,Consumer Cyclical,CRMT
2014Q2,2014,Q2,2013-12-04,2013-10-31,5805000.0,121431000.0,9936000.0,0.61,58608000.0,0.4826444647577637,376465000.0,216451000.0,343563000.0,16030000.0,159914000.0,30217000.0,256585000.0,412429346.8,516416346.8,24.00524796990513,21.432501559575794,0.27712536357961565,0.481993615183113,0.019510365781425842,24.00524796990513,0.026819002915209448,3.3964090454661497,17.761815107665807,1.905416684607602,0.0017226528854435831,2.079061455472085,2.424657720792433e-05,0.32255588168886884,19.37629444791017,0.015419760137064534,-183.6283823686554,0.4826444647577637,-0.22784810126582283,0.9559084438680758,1.2002351462840484,0.9027297760728418,-0.019195046439628483,-0.23020819519957567,-0.22381063979376611,0.1330342323675599,0.5972858015807178,0.4461803640326181,Auto & Truck Dealerships,Consumer Cyclical,CRMT
2014Q1,2014,Q1,2013-08-30,2013-07-31,7541000.0,122544000.0,12801000.0,0.79,59755000.0,0.4876207729468599,368910000.0,210479000.0,337406000.0,17024000.0,158331000.0,31722000.0,250790000.0,390395467.84000003,492060467.84000003,23.334110845091722,19.819431390977442,0.2763627985145428,0.4843856156671212,0.025812090495352942,23.334110845091722,0.0358278022985666,3.1857575062018544,12.942430308977588,1.8547953374921013,0.0013260840737302744,1.9793518693651093,2.561505146391302e-05,0.3321785801414979,17.8203125,0.0204413000460817,-693.4200139253998,0.4876207729468599,-0.14130434782608695,0.8533177748111253,1.1021180090643612,0.9025399819789125,-0.00025096202108080976,-0.14199567641369895,-0.1104857202418178,0.17805258023187984,0.6671795300882998,0.4734663535832331,Auto & Truck Dealerships,Consumer Cyclical,CRMT
2013Q4,2013,Q4,2013-06-21,2013-04-30,8789000.0,125535000.0,14391000.0,0.92,59770000.0,0.4761221969968535,358265000.0,202568000.0,327729000.0,13830000.0,155597000.0,32827000.0,243259000.0,417236948.8,518064948.8,22.46402526659451,23.696963123644252,0.2821933484990161,0.49909166304648317,0.03073463186213789,22.46402526659451,0.043387899372062715,3.3236702815947745,11.868157606098533,2.0597377117807354,0.0011377858686995106,2.003381362902489,2.396719664631964e-05,0.35039705246116704,21.149313087490963,0.024532120078712683,39.48490099365951,0.4761221969968535,0.09523809523809533,0.8866835094076314,0.7216938760165585,0.9165425555243453,0.030854935237405356,0.10137844611528822,0.08162344983089065,0.5151583896135229,0.7593960598655171,0.43183150726686553,Auto & Truck Dealerships,Consumer Cyclical,CRMT
2013Q3,2013,Q3,2013-03-01,2013-01-31,7980000.0,118922000.0,13305000.0,0.84,57981000.0,0.4875548678966045,360064000.0,193302000.0,331057000.0,16328000.0,166662000.0,35868000.0,234480000.0,359081349.66,470635349.66,21.43604965083332,20.275416462518372,0.3122194943121223,0.5815718409535339,0.027761005302737705,21.43604965083332,0.04128255268957383,3.019469481340711,11.249415716165414,1.8576183881180743,0.0012531328320802004,1.6990353518456562,2.7848842635432352e-05,0.3302801724137931,17.954250367466926,0.022162726626377534,-22.28657830561073,0.4875548678966045,0.1052631578947368,2.1045654804130516,1.4089568635747662,0.926333392076824,0.38082876875446536,0.09645507007419621,43.94932432432432,0.6535727133096777,0.8463037970178839,0.4097912821057824,Auto & Truck Dealerships,Consumer Cyclical,CRMT
2013Q2,2013,Q2,2012-12-06,2012-10-31,7278000.0,98194000.0,296000.0,0.76,41990000.0,0.42762286901440005,329858000.0,187012000.0,301354000.0,51090000.0,142746000.0,27463000.0,226510000.0,382539741.21,475749741.21,20.53740637547811,5.898492855744764,0.2837887818394582,0.5005561140461575,0.0006610550400364357,20.53740637547811,0.03891728873013497,3.8957547427541397,13.14027690333883,2.045535800964644,0.0013740038472107722,2.046535338455376,2.614107482890353e-05,0.29768567080380043,5.334370718340184,0.022064039677679486,-215.27278627462013,0.42762286901440005,-0.0843373493975903,1.7391317198584226,0.8769653942783203,0.8796098194724394,-0.0028970364741641337,-0.10347376201034737,-0.8467115484205076,0.4855895193172439,0.5323704653077468,0.40696248114188216,Auto & Truck Dealerships,Consumer Cyclical,CRMT
2013Q1,2013,Q1,2012-09-06,2012-07-31,8118000.0,98297000.0,1931000.0,0.83,42112000.0,0.4284159231716126,320604000.0,183940000.0,292439000.0,33958000.0,136564000.0,27871000.0,219242000.0,426901608.84000003,513751608.84000003,19.768412733162002,8.611785146357265,0.27151563923095157,0.4732467108839839,0.0044562701249334915,19.768412733162002,0.044133956725019026,4.3429769864797505,13.146760558019217,2.3208742461672287,0.001231830500123183,2.0158946575293317,2.342460134355674e-05,0.3065994185973974,7.75104540903469,0.025320956694239623,1641.929264769231,0.4284159231716126,-0.19894858520900327,3.839385447645985,1.1370181466496865,0.8611492001352156,-0.014301430143014302,-0.15797116481692772,-0.6091093117408907,0.456172208600441,0.4795340502262824,0.409160766991062,Auto & Truck Dealerships,Consumer Cyclical,CRMT
2012Q4,2012,Q4,2012-06-14,2012-04-30,9641000.0,102448000.0,4940000.0,1.036138236166222,42723000.0,0.41702131813212556,310940000.0,184373000.0,283038000.0,48167000.0,126467000.0,27242000.0,211134000.0,427459893.41999996,505211893.41999996,19.814948139889516,5.87618078767621,0.25094230398147555,0.42320730258768907,0.011883905625219926,19.814948139889516,0.05229073671307621,4.172457182375449,11.084428311897105,2.3184516898895176,0.0010372368011617053,2.192386755744806,2.3394007610848573e-05,0.32947835595291697,5.27853094442253,0.03100598186145237,25.98224491976659,0.41702131813212556,0.4193674468030438,4.987811101982758,1.2013520224008767,0.9018977470793468,0.07725862981920875,0.31996166484118294,3.9848637739656914,1.3747464402116756,0.658550707105562,0.48066476371291905,Auto & Truck Dealerships,Consumer Cyclical,CRMT
2012Q3,2012,Q3,2012-02-29,2012-01-31,7304000.0,93957000.0,991000.0,0.73,39659000.0,0.42209734240131125,314513000.0,183628000.0,287110000.0,46512000.0,130785000.0,29831000.0,201503000.0,364608142.5,449442142.5,19.107763946878944,6.17281561747506,0.2710317220591836,0.46421569695253445,0.0022930966489398408,19.107763946878944,0.039776069009083585,3.8805851879051056,12.479742007803942,1.9855803172718756,0.0013691128148959474,1.8201870537360465,2.7426705096143047e-05,0.2987380489836668,5.503869969040248,0.02322320540009475,-60.13658955962395,0.42209734240131125,-0.05194805194805199,181.17122357929787,0.9539368810182618,0.8629449017196622,-0.0629002150232745,-0.058762886597938144,-0.5891376451077943,1.4631305086281094,0.5680380249499498,0.47552434295620305,Auto & Truck Dealerships,Consumer Cyclical,CRMT
2012Q2,2012,Q2,2011-12-02,2011-10-31,7760000.0,100128000.0,2412000.0,0.77,42321000.0,0.4226689837008629,301023000.0,178341000.0,274225000.0,45745000.0,122582000.0,27657000.0,194208000.0,326350151.46000004,402457151.46000004,18.241212860995557,5.9946442234123944,0.2539241187550453,0.42860026578296634,0.00586964108779469,18.241212860995557,0.04351214807587711,3.2593295727468843,10.513857972293815,1.8299221797567584,0.001288659793814433,2.090139928408721,3.0641934606933e-05,0.33262574620543944,5.361307246693627,0.02577876109134518,-89.31312300492611,0.4226689837008629,-0.012820512820512832,5.875950719320759,1.037317057249314,0.7777420369134653,0.09181672772302771,-0.06302825404491669,-0.30927835051546393,1.4113704390639086,0.6732120421863458,0.44585462753027677,Auto & Truck Dealerships,Consumer Cyclical,CRMT
2012Q1,2012,Q1,2011-09-02,2011-07-31,8282000.0,90324000.0,3492000.0,0.78,38762000.0,0.4291439705947478,288030000.0,184872000.0,261947000.0,31529000.0,103058000.0,26564000.0,186459000.0,350561482.67,408420482.67,17.998786723353746,8.308129024073075,0.20163871818907753,0.314152494699035,0.008984143487867292,17.998786723353746,0.04479856333030421,3.881155425689739,10.582029783566773,1.8962389256891254,0.001207437816952427,1.9410480349344978,2.8525666664336506e-05,0.3135923341318613,7.397792508484253,0.028753949241398465,688.7258991552063,0.4291439705947478,0.0,1.2998166759938878,0.6756935845755141,0.7292711313088469,-0.024659050878164158,-0.010868267048847486,-0.11325545962417471,0.7874988981037028,0.36068566404842306,0.4675258721287317,Auto & Truck Dealerships,Consumer Cyclical,CRMT
2011Q4,2011,Q4,2011-06-20,2011-04-30,8373000.0,93871000.0,3938000.0,0.78,39742000.0,0.42336823939235757,276409000.0,186911000.0,250522000.0,28054000.0,89398000.0,23595000.0,178187000.0,258548335.20000002,305864335.20000005,17.697198771210655,8.929992157981037,0.17198788751451652,0.2543403009988711,0.010416951176764092,17.697198771210655,0.0447967214342655,2.7542940333010195,7.719704263704765,1.3832697658243762,0.0011943150603129105,2.2940877304513667,3.8677487489000856e-05,0.3396090575921913,8.01600484779354,0.030292067190286858,18.49151303103991,0.42336823939235757,0.6248328375527428,1.0634441278144422,0.6865884938058285,0.7586865594232998,0.14791600473700933,0.4720464135021097,20.402173913043477,0.5345944010024654,0.09919686551689635,0.5098556094056677,Auto & Truck Dealerships,Consumer Cyclical,CRMT
2011Q3,2011,Q3,2011-03-03,2011-01-31,5688000.0,82775000.0,184000.0,0.48004938229510696,34621000.0,0.41825430383569917,276895000.0,181718000.0,251625000.0,29099000.0,95077000.0,25679000.0,169824000.0,292587949.56,347100949.56,15.48952008042501,8.647204371284236,0.1984145614763719,0.3023365874596903,0.0004901775287830502,15.48952008042501,0.03130124698708989,3.53473814025974,12.859878233122364,1.6101208991954568,0.0017580872011251757,1.8752287861676857,3.417775754277718e-05,0.2989400314198523,7.698511976356576,0.020542082738944364,-358.5636636764706,0.41825430383569917,-0.14276896018730909,0.28837596916239344,0.437161707091398,0.601610401565578,-0.2231521787910066,-0.08095007270964615,-0.9827230046948356,0.7009405217442781,0.28883587176220993,0.3919532863653004,Auto & Truck Dealerships,Consumer Cyclical,CRMT
2011Q2,2011,Q2,2010-12-06,2010-10-31,6189000.0,91835000.0,10650000.0,0.56,44566000.0,0.4852833886862307,269203000.0,180800000.0,244860000.0,26410000.0,88303000.0,22888000.0,164146000.0,291910343.6,342896343.6,16.599069221882825,9.271488072699736,0.19023562144552625,0.28325221238938053,0.02885065681258969,16.599069221882825,0.03423119469026549,3.1786393379430504,11.791498772014867,1.614548360619469,0.0016157699143641946,2.06523068857043,3.425709372499262e-05,0.3411366143765114,8.313744793638774,0.02299008554882375,-97.04466210106384,0.4852833886862307,-0.19999999999999987,1.4066243600847168,0.8066672500153482,0.7752730422990204,-0.010238301463566305,-0.22297551789077213,-0.21937990178113317,0.9472895656092452,0.46753589404529666,0.5191681429066222,Auto & Truck Dealerships,Consumer Cyclical,CRMT
2011Q1,2011,Q1,2010-09-02,2010-07-31,7965000.0,91460000.0,13643000.0,0.7,45027000.0,0.4923135797069757,261979000.0,177742000.0,238223000.0,29278000.0,84137000.0,20692000.0,157967000.0,261289528.56,305339528.56,15.836202020050827,8.136587198579138,0.16920440187953997,0.2493951907821449,0.038603220383305575,15.836202020050827,0.04481214344386808,2.8568721688169694,8.201177920903955,1.4700494456009272,0.0012554927809165098,2.244007345834139,3.8271721240079074e-05,0.3491119517213212,7.371644237994398,0.03040320025650911,137.15985751181103,0.4923135797069757,0.08817782548476454,0.7199223975368102,0.6590931132392865,0.7341642866226509,0.03405750505236083,0.10318559556786704,0.16318526728621366,2.9363372528385914,0.6484071763550466,0.49094088233774563,Auto & Truck Dealerships,Consumer Cyclical,CRMT
2010Q4,2010,Q4,2010-06-18,2010-04-30,7220000.0,88809000.0,11729000.0,0.6432772140786475,43544000.0,0.49031066671170714,251272000.0,176090000.0,228195000.0,26723000.0,75082000.0,20367000.0,150012000.0,284298271.40999997,322796271.40999997,15.68901449128934,8.539273285185047,0.1542790283039893,0.2201487875518201,0.0356107849926606,15.68901449128934,0.0410017604633994,3.201232661216768,9.844122971260388,1.6145054881594638,0.0013850415512465374,2.2224677173859675,3.5174325719267305e-05,0.3534377089369289,7.733113797103619,0.028733802413321023,45.465899793699016,0.49031066671170714,0.21373059260122157,0.7642408660007348,0.6965902256669787,0.7996358262285614,0.05272828373183763,0.1498646281254977,0.11492395437262358,2.7174792992532106,0.5820067979022083,0.5058783451877757,Auto & Truck Dealerships,Consumer Cyclical,CRMT
2010Q3,2010,Q3,2010-03-10,2010-01-31,6279000.0,83805000.0,10520000.0,0.53,41363000.0,0.49356243660879423,248680000.0,178399000.0,227604000.0,24884000.0,70181000.0,19481000.0,142802000.0,274548034.8,309330034.8,15.20512285961553,9.146600225044205,0.14123773524207817,0.19687890627189614,0.0312958621756062,15.20512285961553,0.03519638562996429,3.2760340647932704,10.931200621118013,1.5389550098374989,0.0015926102882624622,2.1786355936553563,3.642349874143044e-05,0.3369993566028631,8.328363607137117,0.02524931639054206,-150.02624852459016,0.49356243660879423,0.0,0.45114225273423264,0.7406938915131908,0.8072192329737192,0.02783092711775961,-0.005228136882129277,-0.018198786747550162,127.864964157813,0.4275057751384113,0.4824500757959517,Auto & Truck Dealerships,Consumer Cyclical,CRMT
2010Q2,2010,Q2,2009-12-08,2009-10-31,6312000.0,82561000.0,10715000.0,0.53,40243000.0,0.48743353399304756,240478000.0,171254000.0,219442000.0,24192000.0,69124000.0,17746000.0,136533000.0,243207490.23000002,277179490.23,14.596982258411096,9.070849867724867,0.14222091002087509,0.19970920387261026,0.03312071931106537,14.596982258411096,0.0368575332546977,2.9457914781797703,9.632742800617871,1.4201565524308921,0.0015842839036755386,2.3846500619857998,4.111715470005901e-05,0.3433203868960986,8.298073743386244,0.026247723284458454,-96.01559030003949,0.48743353399304756,-0.11666666666666659,0.4353256446319052,0.7654716859738085,0.8141918752616223,-0.010572124013473311,-0.10187820147979511,-0.0522731293118698,4.305098589507731,0.3999027500554863,0.42258462584714296,Auto & Truck Dealerships,Consumer Cyclical,CRMT
2010Q1,2010,Q1,2009-09-04,2009-07-31,7028000.0,83755000.0,11306000.0,0.6,40673000.0,0.4856187690287147,231313000.0,164555000.0,210973000.0,26109000.0,66658000.0,16447000.0,130231000.0,256536171.63000003,286882171.63,14.028500648207011,8.080470335899498,0.13221911436019593,0.18585883139375892,0.036819747066660816,14.028500648207011,0.04270912460879341,3.062935605396693,9.125504113190097,1.5589691691531706,0.0014228799089356858,2.619444275551772,3.898085769527627e-05,0.36208514004833275,7.416140028342717,0.030383074016592237,-1077.8830740756302,0.4856187690287147,0.3751522860492379,0.41678334579646237,0.6391625070181299,0.8221819022290274,0.10647732528088359,0.37319265338022667,0.36859944316668686,0.7089046355210595,0.3605993849166725,0.3478175812270302,Auto & Truck Dealerships,Consumer Cyclical,CRMT
2009Q4,2009,Q4,2009-07-14,2009-04-30,5118000.0,77870000.0,8261000.0,0.4363153129198352,36759000.0,0.4720559907538205,219624000.0,156977000.0,199923000.0,24431000.0,62647000.0,15476000.0,123213000.0,190261394.78,219932394.78,13.382467541269435,8.18316892472678,0.13586402214694204,0.1900851717130535,0.029240034052492227,13.382467541269435,0.03260350242392197,2.443320852446385,9.293737533216099,1.212033576766023,0.0,2.656435771517188,0.0,0.3545605216187666,7.489951291392084,0.023303464102283903,33.32657116482746,0.4720559907538205,0.40746875135430716,0.09795054185300227,0.623148573445739,0.8456057321951792,0.0396232818598337,0.4079779917469051,0.11364249123753033,0.135644521544881,0.2597326028587068,0.3299034554008727,Auto & Truck Dealerships,Consumer Cyclical,CRMT
2009Q3,2009,Q3,2009-03-09,2009-01-31,3635000.0,73452000.0,7418000.0,0.31,35358000.0,0.4813755922234929,218274000.0,152554000.0,198858000.0,29523000.0,65720000.0,15788000.0,118095000.0,107083854.17999999,142948854.18,12.949812748325567,6.73569759170816,0.1658328522865756,0.23727335894175178,0.024909703648769505,12.949812748325567,0.02382762824966897,1.4578752679300766,7.3647767661623105,0.701940651703659,0.0,2.412845198885229,0.0,0.33651282333214216,6.148392778511669,0.016653380613357523,43.958889236453196,0.4813755922234929,-0.060606060606060656,0.2576215781220334,0.7059844637244717,0.8541028496006335,0.02350489202802061,-0.06096615861534487,0.019376116531537722,-0.18005009717164722,0.27001821161625006,0.33900564306416275,Auto & Truck Dealerships,Consumer Cyclical,CRMT
2009Q2,2009,Q2,2008-12-05,2008-10-31,3871000.0,71983000.0,7277000.0,0.33,34546000.0,0.4799188697331314,213839000.0,148372000.0,194596000.0,13699000.0,65467000.0,16234000.0,114459000.0,192047674.92999998,229657674.92999998,12.616215014751598,14.205124461639535,0.1768667081308835,0.2549065861483299,0.024532298949219287,12.616215014751598,0.02608982826948481,2.6679587531778335,12.402975647765436,1.294366018723209,0.0,2.30608599236171,0.0,0.33662241218860917,12.86991751222717,0.018102404145174642,37.99162708803165,0.4799188697331314,-0.26666666666666666,-0.027788032027414623,0.715866383618127,0.8449724178503604,-0.056996233007588576,-0.2669948873319447,-0.19207283224158989,0.3941285406146427,0.3115706980247678,0.3493061636257302,Auto & Truck Dealerships,Consumer Cyclical,CRMT
2009Q1,2009,Q1,2008-09-09,2008-07-31,5281000.0,75661000.0,9007000.0,0.45,36634000.0,0.48418604036425633,212728000.0,143586000.0,193942000.0,20288000.0,69142000.0,14737000.0,110588000.0,233208280.56000003,275569280.56000006,12.264715099874497,9.559444006309148,0.20038734910307998,0.29688131154847963,0.030723732903764185,12.264715099874497,0.03677935174738484,3.0822785921412623,11.03996783563719,1.6241714412268606,0.0,2.6482323403677817,0.0,0.3556701515550374,8.762618296529968,0.024825128802978453,-147.0417910214376,0.48418604036425633,-0.12892537202380944,0.08616734579220511,0.632815805809026,0.868618660822194,-0.3286295495363413,-0.12681878306878308,-0.6802967380115713,0.09326044661894507,0.3158186481329557,0.34306387888171486,Auto & Truck Dealerships,Consumer Cyclical,CRMT
2008Q4,2008,Q4,2008-07-03,2008-04-30,6048000.0,94663000.0,28173000.0,0.5166032685919306,54566000.0,0.5764237347221195,200589000.0,137222000.0,182094000.0,19565000.0,63367000.0,13532000.0,105307000.0,168467226.77,208651226.77,11.721119993836295,9.307130079223102,0.2010927817577235,0.2939543221932343,0.1027327267143554,11.721119993836295,0.04407456530293976,1.779652311568406,6.963757720320768,1.2276983775925143,0.0,2.963124445758203,0.0,0.47192518034388725,8.57296192179913,0.03015120470215216,164.03819549172349,0.5764237347221195,0.8450116735426092,0.5082718053327401,1.0961180152420293,0.9444426779505223,0.9485769381851944,0.7904085257548845,419.4925373134328,0.4168271128098874,0.7337426820330529,0.3444915533823428,Auto & Truck Dealerships,Consumer Cyclical,CRMT
2008Q3,2008,Q3,2008-03-07,2008-01-31,3378000.0,64877000.0,67000.0,0.28,28003000.0,0.4316321654823743,195140000.0,131875000.0,176814000.0,17820000.0,63265000.0,13963000.0,99259000.0,135336604.22,175649604.22,11.127902230736199,9.922222222222222,0.207522804140617,0.307078672985782,0.00025269759252167866,11.127902230736199,0.02561516587677725,2.0860490500485533,10.016030507696861,1.0262491315260662,0.0,2.6408364964549165,0.0,0.3324638720918315,9.091975308641976,0.01731064876498924,-63.21186558617468,0.4316321654823743,-0.034482758620689495,-0.08901506978883687,0.5000006577203123,0.8836254279879345,-0.1307465466397641,-0.025389497980380843,-0.9889711934156379,-0.2270837102998359,0.33412506879739445,0.3226173257337375,Auto & Truck Dealerships,Consumer Cyclical,CRMT
2008Q2,2008,Q2,2007-12-07,2007-10-31,3466000.0,68243000.0,6075000.0,0.29,32215000.0,0.4720630687396509,185295000.0,129787000.0,167148000.0,15308000.0,55508000.0,13553000.0,95881000.0,142776841.46,179735841.46,10.926420027557878,10.918996603083356,0.20148411991688928,0.28765592855987115,0.023975688894338543,10.926420027557878,0.02670529405872699,2.0921829559075658,10.298387295152914,1.1000858441908665,0.0,2.658304434442559,0.0,0.3682938017755471,9.986542984060621,0.018705307752502766,-41.625901300291545,0.4720630687396509,0.611111111111111,-0.0874945638921388,0.5753381047331386,0.9529717988185694,0.18572637932938274,0.6188696870621205,0.4530016742406123,-0.22153990660126496,0.4413460563366046,0.35799455591371643,Auto & Truck Dealerships,Consumer Cyclical,CRMT
2008Q1,2008,Q1,2007-09-10,2007-07-31,2141000.0,58707000.0,4181000.0,0.18,27169000.0,0.4627897865671896,174272000.0,126140000.0,156702000.0,13925000.0,48132000.0,12354000.0,92415000.0,154503923.82,187941923.82,10.621616328086859,11.253285457809694,0.19323815644509731,0.26697320437609007,0.016615668757724602,10.621616328086859,0.016973204376090057,2.6317802616383053,18.04109339327417,1.2248606613286823,0.0,2.5528573741298364,0.0,0.3368699504223283,10.314039497307002,0.01228539294895336,30.534372296442687,0.4627897865671896,0.04021448175182474,-0.4889501770972823,0.43140810527134826,0.9703857343150462,-0.0327874688501246,0.04184914841849149,0.299658066521604,-0.5736895611899858,0.13485079515572057,0.3796568522049374,Auto & Truck Dealerships,Consumer Cyclical,CRMT
2007Q4,2007,Q4,2007-07-13,2007-04-30,2055000.0,59398000.0,3217000.0,0.17304123635816152,28090000.0,0.47291154584329437,173598000.0,123728000.0,156360000.0,8706000.0,49870000.0,13682000.0,90274000.0,152247525.24,192819525.24,10.418513913441657,17.960027567195038,0.23519280176038895,0.3299899780162938,0.017918882332999295,10.418513913441657,0.016609013319539637,2.563175952725681,18.521596744525546,1.230501788115867,0.0,2.2882619500073087,0.0,0.342158319796311,16.31954973581438,0.01183769398264957,31.757931839799753,0.47291154584329437,42.02072288797487,1.591042656272505,1.0569959582516273,1.061921215848892,0.0025339947892501517,42.1,2.4443254817987152,-0.5645563802220618,0.2229185458896928,0.4368403241259928,Auto & Truck Dealerships,Consumer Cyclical,CRMT
2007Q3,2007,Q3,2007-03-12,2007-01-31,-50000.0,59308000.0,934000.0,-0.004218385834660368,28019000.0,0.4724320496391718,175494000.0,121572000.0,159086000.0,10598000.0,53922000.0,11931000.0,88219000.0,123388428.75,166408428.75,10.256752053826602,15.010945461407813,0.24686883882070043,0.3563649524561577,0.003045256025824814,10.256752053826602,-0.0004112789129075774,2.0804685497740607,-616.9421437499999,1.0149411768334815,0.0,2.622496018774621,0.0,0.33794887574503973,13.698999811285148,-0.0002849100254139743,21.73479456579179,0.4724320496391718,0.9736350885333728,-1.0168854535279046,0.6378512604518745,1.13496406588575,-0.01338075284340998,0.9740663900414938,1.4376757263355202,-1.0171930123792385,0.3690557433461017,0.4685210960371604,Auto & Truck Dealerships,Consumer Cyclical,CRMT
2007Q2,2007,Q2,2006-12-11,2006-10-31,-1928000.0,59539000.0,-2134000.0,-0.16,28399000.0,0.47698147432775156,180736000.0,121531000.0,164503000.0,10271000.0,59205000.0,14713000.0,88269000.0,,,,,,,,,,,,,,,,,,,,,,,,,,,,,,,Auto & Truck Dealerships,Consumer Cyclical,CRMT
2007Q1,2007,Q1,2006-09-11,2006-07-31,4154910.0,62191090.0,7497574.0,0.35,30854944.0,0.4961312625329448,185064262.0,123346736.0,169172132.0,13285824.0,61717526.0,12625711.0,90196977.0,,,,,,,,,,,,,,,,,,,,,,,,,,,,,,,Auto & Truck Dealerships,Consumer Cyclical,CRMT
