Year,Date,FillingDate,NetIncome,Revenue,OperatingIncome,EPSDiluted,GrossProfit,GrossProfitRatio,TotalAssets,CommonStockEquity,CurrentAssets,CurrentLiability,TotalLiability,Inventory,RetainedEarnings,EnterpriseValue,bookValuePerShare,currentRatio,debtToAssets,debtToEquity,roic,shareholdersEquityPerShare,roe,priceToSalesRatio,peRatio,pbRatio,payoutRatio,inventoryTurnover,dividendYield,assetTurnover,quickRatio,returnOnAssets,priceToFreeCashFlowsRatio,grossProfitMargin,epsdilutedGrowth,fiveYNetIncomeGrowthPerShare,fiveYRevenueGrowthPerShare,fiveYShareholdersEquityGrowthPerShare,grossProfitGrowth,netIncomeGrowth,operatingIncomeGrowth,threeYNetIncomeGrowthPerShare,threeYRevenueGrowthPerShare,threeYShareholdersEquityGrowthPerShare,Industry,Sector,Price,MarketCap,AvgVolume,Symbol
2022,2022-12-31,2023-02-21,-315086000.0,1199125000.0,-260992000.0,-1.69,148288000.0,0.1236635046,1946627000.0,340777000.0,1055963000.0,541946000.0,1567811000.0,268394000.0,-3564483000.0,4225638840.0,1.8330509340691852,1.9484653452558003,0.5237752276116585,2.991971289142166,-0.13305498792619538,1.8330509340691852,-0.9246105224237551,2.9642796539143124,-11.281179868353403,10.430697611634589,0.0,3.915277539736358,0.0,0.6160014219467829,1.1924066235381385,-0.1618625448018547,-11.520297913439164,0.12366350463879912,-0.5225225225225223,0.6220609214463944,0.004539442449240413,1.0492378119997612,-0.24948249072532278,-0.6294545661403844,-1.2793662992786152,0.39681857082338795,-0.054319614932405426,1.8128737853269967,Electrical Equipment & Parts,Industrials,17.22,3591059093,5064268,BE
2021,2021-12-31,2022-02-25,-193369000.0,972176000.0,-114502000.0,-1.11,197581000.0,0.2032358338,1725571000.0,-44326000.0,806420000.0,342479000.0,1727098000.0,143370000.0,-3263075000.0,4530099340.0,-0.2555725965474694,2.3546553219321478,0.6505898627179061,-25.326873618192483,-0.06876313279094605,-0.2555725965474694,4.362428371610341,3.9123526398512203,-19.669623052298974,-85.80732166222985,0.0,5.402769059077911,0.0,0.5633937983426935,1.5191354798396397,-0.11206087724005562,-34.423576037867335,0.20323583384078603,0.13953488372093018,0.7682307965677345,0.5626137825889754,0.9924192588360737,0.19173306472528998,-0.07974894883492381,-0.4173670854737884,0.7543384920022828,-0.5976158332226637,0.851476188641946,Electrical Equipment & Parts,Industrials,17.22,3591059093,5064268,BE
2020,2020-12-31,2021-02-26,-179087000.0,794247000.0,-80785000.0,-1.29,165793000.0,0.2087423686,1454387000.0,78824000.0,618604000.0,436377000.0,1312991000.0,142059000.0,-3103937000.0,4642198520.0,0.5682155678263001,1.4175907529498575,0.6280123515955519,11.587498731350857,-0.05341136476107991,0.5682155678263001,-2.271985689637674,5.005712983492541,-22.200229609072686,50.438603978483705,0.0,4.423894297439796,0.0,0.5461043037375884,0.8063853044500512,-0.1231357265982163,-29.10393774797593,0.20874236855789194,0.5409252669039146,0.7316313055177596,0.5961042479512318,1.01685429190451,0.6989250617397809,0.4463498482066121,0.652991357536812,0.7121228758485039,-0.108321037483467,1.015262909930092,Electrical Equipment & Parts,Industrials,17.22,3591059093,5064268,BE
2019,2019-12-31,2020-03-31,-323466000.0,785177000.0,-232804000.0,-2.81,97587000.0,0.1242866258,1322591000.0,-259594000.0,472707000.0,573964000.0,1490451000.0,109606000.0,-2946384000.0,1751078460.0,-2.2550252784099794,0.8235830121749796,0.8271415728671978,-4.2141574920837925,-0.18060730432914782,-2.2550252784099794,1.246045748360902,1.0952071443763636,-2.658491031514904,-3.312601446874735,0.0,6.273287958688393,0.0,0.5936657666655829,0.44041438138977357,-0.24456993885486897,7.629119476210332,0.12428662581812763,0.381057268722467,0.4158847620467929,0.9014081256567238,0.9331119095526268,-0.16642179892372086,-0.3380020103163146,-0.5131193250875813,0.4158847620467929,0.9014081256567238,0.9331119095526268,Electrical Equipment & Parts,Industrials,17.22,3591059093,5064268,BE
2018,2018-12-31,2019-03-22,-241753000.0,742038000.0,-153857000.0,-4.54,117070000.0,0.15776820055037613,1389668000.0,-91661000.0,672581000.0,279666000.0,1356219000.0,132476000.0,-2572400000.0,1052167640.0,-1.720751670796726,2.404943754335529,0.5334230909828822,-8.087201754290264,-0.23825275201514753,-1.720751670796726,2.637468498052607,0.716425088742086,-2.1989991437541625,-5.799790968896259,0.0,4.717594130257556,0.0,0.5339678254086587,1.4894910357354845,-0.17396457283322347,-6.964505580883509,0.15776820055037613,-0.07710608640858205,0.056550595486782124,2.883387845759012,0.9489594220979751,7.488029261804478,0.07938339445313958,0.02175751371766097,0.056550595486782124,2.883387845759012,0.9489594220979751,Electrical Equipment & Parts,Industrials,17.22,3591059093,5064268,BE
2017,2017-12-31,2017-12-31,-262599000.0,375996000.0,-157279000.0,-4.214998,-18044000.0,-0.04798987223268333,1220987000.0,-2180004000.0,419981000.0,271284000.0,3245619000.0,90260000.0,-2330647000.0,2301447050.0,-37.228521325806994,1.5481230002506599,0.7709672584556593,-0.43180700585870485,0.1272625785067687,-37.228521325806994,0.12045803585681494,3.8934830423727913,-5.574789127148237,-0.6715281485722044,0.0,4.365610458674939,0.0,0.30794431062738586,0.6192993320652895,-0.21507108593293786,-20.243570579124953,-0.04798987223268333,0.12378538198921825,0.06776651575478915,0.7899987720318542,-0.10426465082393263,0.8256433050855646,0.06099950654013116,0.3473440035189204,0.06776651575478915,0.7899987720318542,-0.10426465082393263,Electrical Equipment & Parts,Industrials,17.22,3591059093,5064268,BE
2016,2016-12-31,2016-12-31,-279658000.0,208540000.0,-240983000.0,-4.810463,-103489000.0,-0.4962549151241968,1204047000.0,-1959941000.0,392085000.0,261093000.0,2988320000.0,83155000.0,-2068048000.0,2091092050.0,-33.71340493244026,1.501706288563845,0.6596793978972582,-0.40525964812206083,0.20718504473165145,-33.71340493244026,0.14268694822956404,6.969329864774144,-5.197005091933718,-0.7415447965015273,0.0,3.752378089110697,0.0,0.1731992189673659,0.7758116839593555,-0.2322650195548845,-4.980668768526927,-0.4962549151241968,0.0,0.0,0.0,0.0,0.0,0.0,0.0,0.0,0.0,0.0,Electrical Equipment & Parts,Industrials,17.22,3591059093,5064268,BE
TTM,,,,,,,,,,,,,,,,4280993093.0,1.9316334823242585,1.6134571294895872,0.46088878346508777,2.5302455454966633,-0.128703114982169,1.9316334823242585,-1.6698037713187932,2.820328249862363,-11.585737235399796,8.914734683144886,0.0,2.7626084704379554,0.0,0.5808188996492124,0.9113960634584903,-0.1401581052910077,-6.663968016820165,0.13714062218982986,,,,,,,,,,,Electrical Equipment & Parts,Industrials,17.22,3591059093,5064268,BE
