Quarters,Year,Quarter,FillingDate,Date,NetIncome,Revenue,OperatingIncome,EPSDiluted,GrossProfit,GrossProfitRatio,TotalAssets,CommonStockEquity,CurrentAssets,CurrentLiability,TotalLiability,Inventory,RetainedEarnings,MarketCap,EnterpriseValue,bookValuePerShare,currentRatio,debtToAssets,debtToEquity,roic,shareholdersEquityPerShare,roe,priceToSalesRatio,peRatio,pbRatio,payoutRatio,inventoryTurnover,dividendYield,assetTurnover,quickRatio,returnOnAssets,priceToFreeCashFlowsRatio,grossProfitMargin,epsdilutedGrowth,fiveYNetIncomeGrowthPerShare,fiveYRevenueGrowthPerShare,fiveYShareholdersEquityGrowthPerShare,grossProfitGrowth,netIncomeGrowth,operatingIncomeGrowth,threeYNetIncomeGrowthPerShare,threeYRevenueGrowthPerShare,threeYShareholdersEquityGrowthPerShare,Industry,Sector,Symbol
2023Q1,2023,Q1,2023-04-27,2023-03-31,-138959000.0,220382000.0,-115215000.0,-1.88,206238000.0,0.9358205298,1608839000.0,-457561000.0,613392000.0,441634000.0,2066400000.0,26649000.0,-2795933000.0,3571446516.96,4105123516.96,-6.205960171809074,1.3889148027552227,0.4358248401487035,-1.5324120718330452,-0.3182321378812912,-6.205960171809074,0.303695026455489,16.205708800900254,-6.42536020869465,-7.805399754262273,0.0,0.5307516229502045,0.0,0.13698201000845953,1.1053723218773917,-0.08637222245358299,-48.81826344295907,0.9358205298073345,0.20000000000000007,-3.0728072416569727,1.2194155970055092,-2.7186918007634358,0.3176547256243651,0.18684643247956276,0.28285104290507107,-0.043474813954705004,1.732029009823044,-1.7322862341001402,Biotechnology,Healthcare,PTCT
2022Q4,2022,Q4,2023-02-21,2022-12-31,-170889000.0,167412000.0,-160657000.0,-2.35,156519000.0,0.9349329797,1705619000.0,-347086000.0,693785000.0,406236000.0,2052705000.0,21808000.0,-2656974000.0,2773309674.3,3066231674.3,-4.777062130050061,1.7078373162398213,0.41253468682044464,-2.0272410872233393,-0.2963081585774207,-4.777062130050061,0.4923534801173196,16.56577589599312,-4.057179915471447,-7.990266603377838,0.0,0.49949559794570797,0.0,0.09815322179220565,1.716219143552024,-0.10019177788239929,-14.37245892568408,0.9349329797147158,-0.5359477124183006,-77.56955006185358,0.22087355161132854,-2.2625347055333482,-0.22941078004686977,-0.563271280245163,-1.1861961979669873,-0.7128985892592841,0.3513063479815096,-1.4546942174399007,Biotechnology,Healthcare,PTCT
2022Q3,2022,Q3,2022-10-27,2022-09-30,-109315000.0,217127000.0,-73487000.0,-1.53,203116000.0,0.9354709456,1576398000.0,-226904000.0,517262000.0,420076000.0,1803302000.0,14812000.0,-2486085000.0,3597064484.2000003,3907666484.2000003,-3.1666323609245235,1.231353374151344,0.26327488362710433,-1.8290819024785812,-0.19709912710093064,-3.1666323609245235,0.48176761978634136,16.56663834622134,-8.226374432145635,-15.852803318584073,0.0,0.9459222252227923,0.0,0.13773615546327767,0.9828888105961778,-0.06934479744328526,-56.14272645856095,0.9354709455756308,0.2816901408450704,-0.867375636742865,1.9899126562547982,-1.8964203485329665,0.3029694586463271,0.28123376751464624,0.31679403506814674,-0.43573315089714904,1.3957517518182878,-1.269416344927881,Biotechnology,Healthcare,PTCT
2022Q2,2022,Q2,2022-08-04,2022-06-30,-152087000.0,165526000.0,-107562000.0,-2.13,155887000.0,0.9417674565,1804057000.0,-182218000.0,694676000.0,567371000.0,1986275000.0,15004000.0,-2376770000.0,2859199976.4,3300509976.4,-2.553040409992919,1.224376994946869,0.33228883566317474,-3.2898396426258656,-0.18827018464422457,-2.553040409992919,0.8346431197796047,17.27341913898723,-4.699941442069342,-15.69109515196084,0.0,0.6424286856838176,0.0,0.09175208987299181,1.1306323375710072,-0.08430276870409305,-39.04197471666166,0.941767456472095,-0.196629213483146,-3.831420571173275,0.9158825011641026,-1.5959777425935864,0.12472582972582973,-0.20012467844009912,-0.09509071287491601,-1.8510666198963566,0.5162318755410205,-1.2921053543238503,Biotechnology,Healthcare,PTCT
2022Q1,2022,Q1,2022-05-03,2022-03-31,-126726000.0,148735000.0,-98222000.0,-1.78,138600000.0,0.9318586748,1799591000.0,-90581000.0,774009000.0,476776000.0,1890172000.0,15281000.0,-2224683000.0,2657035567.55,3045002567.55,-1.2719352165527242,1.623422739399634,0.2957033014723901,-5.874797142888685,-0.18847521196237127,-1.2719352165527242,1.3990351177399234,17.86422541802535,-5.241693826740369,-29.33325496020137,0.0,0.6632419344283751,0.0,0.08264933532119242,1.5291898082118227,-0.07041933417093106,-14.85622346966732,0.931858674824352,0.12315270935960582,-1.1009332751141725,1.6989512118011776,-1.4327704225894502,-0.11097997459942785,0.1154434090671134,0.15403166072382132,-0.3782974860624328,1.1770928568590207,-1.1385031498792484,Biotechnology,Healthcare,PTCT
2021Q4,2021,Q4,2022-02-22,2021-12-31,-143265000.0,165229000.0,-116106000.0,-2.03,155902000.0,0.9435510715,1938056000.0,1438000.0,954368000.0,509348000.0,1936618000.0,15856000.0,-2097957000.0,2814778014.5099998,3160439014.5099998,0.020348155238085655,1.8737052074416705,0.27624537165076757,372.30806675938805,-0.1872879008805372,0.020348155238085655,-99.62795549374131,17.035617322080263,-4.91183822725369,1957.4256011891516,0.0,0.5882315842583249,0.0,0.08525501843083998,1.7352203208808124,-0.0739220125734241,-30.306186766618573,0.943551071543131,-0.07407407407407403,-1.5849908759713367,2.171244639052284,-0.9941859559062277,0.17925327524129375,-0.07215021253667006,-0.24743220593923246,-1.1112171788450622,0.36299383791406825,-0.9970798894881148,Biotechnology,Healthcare,PTCT
2021Q3,2021,Q3,2021-10-28,2021-09-30,-133624000.0,138743000.0,-93076000.0,-1.89,132204000.0,0.952869694326921,2007325000.0,104926000.0,1011140000.0,465261000.0,1902399000.0,15613000.0,-1954717000.0,2626502752.98,2972223752.98,1.486500044810625,2.173274785550476,0.2667923729341288,5.103968511141185,-0.12489353741036978,1.486500044810625,-1.2735070430589177,18.93070463360314,-4.913980185034126,25.031953500371692,0.0,0.41881765195670273,0.0,0.06911835402837109,2.0732191178714743,-0.06656819398951341,-34.10953940131425,0.952869694326921,-0.12499999999999999,-0.8350247156549656,1.9150126912976078,-0.6385076366020261,0.20935253114766095,-0.1288671115992228,0.0549988324043333,-0.7863799195326984,0.7640654449289338,-0.8148217238940787,Biotechnology,Healthcare,PTCT
2021Q2,2021,Q2,2021-07-29,2021-06-30,-118370000.0,116676000.0,-98493000.0,-1.68,109318000.0,0.9369364736535363,2058669000.0,196577000.0,1066233000.0,290962000.0,1862092000.0,16441000.0,-1821093000.0,2976426494.6400003,3335509494.6400003,2.7917067009595393,3.6645094548429005,0.2605712720209028,2.728854342064433,-0.11788759247404598,2.7917067009595393,-0.6021558981976528,25.510186282011727,-6.286277128157473,15.141275401700097,0.0,0.4475396873669485,0.0,0.056675453897639685,3.525828115011582,-0.05749831565929248,-63.646455568053035,0.9369364736535363,0.08196721311475416,-0.46877756313687036,2.6037898730423192,-0.42690094750183694,0.004410224370164832,0.07984950482735031,-0.003515099645433427,-7.1470236690503555,0.11210893353623998,-0.5183158781390859,Biotechnology,Healthcare,PTCT
2021Q1,2021,Q1,2021-05-04,2021-03-31,-128642000.0,117942000.0,-98148000.0,-1.83,108838000.0,0.9228095165420291,2111941000.0,292576000.0,1122365000.0,250949000.0,1819365000.0,16234000.0,-1702723000.0,3323430304.7000003,3713779304.7000003,4.168426092886135,4.472482456594766,0.25425947031664237,1.8353555999125013,-0.10517170644612937,4.168426092886135,-0.43968746582084656,28.178514055213583,-6.458680494511901,11.35920343671388,0.0,0.5607983245041271,0.0,0.05584531007258252,4.313745023889316,-0.0609117394851466,-27.69109887433552,0.9228095165420291,-0.6647839111547462,-0.5077052977255805,2.0164782846856046,-0.27862842991303854,-0.04509642211654881,-0.7301288431019178,-0.018407454292651546,-2.960621891757852,0.24768348283632688,0.1544127821631422,Biotechnology,Healthcare,PTCT
2020Q4,2020,Q4,2021-02-25,2020-12-31,-74354000.0,118864000.0,-96374000.0,-1.099241762091907,113978000.0,0.9588941984116301,2208278000.0,481982000.0,1231745000.0,277333000.0,1726296000.0,18697000.0,-1628877000.0,4128140666.13,4339766666.13,7.1255714955023475,4.441393559367259,0.19039178943955426,0.8723105842126885,-0.11453106218073808,7.1255714955023475,-0.15426717180309638,34.72994906893593,-13.880022144504666,8.564927043188336,0.0,0.2613253463122426,0.0,0.05382655625786246,4.2316601342068925,-0.03367057951942645,-49.59680738796646,0.9588941984116301,-0.06722501173971555,0.26825132052791384,2.9165714230823054,0.06931389219762163,0.0021189234813649032,-0.06689433507432704,-0.7480909107398741,-36.78585624550268,-0.06889313014628169,0.8832246818059699,Biotechnology,Healthcare,PTCT
2020Q3,2020,Q3,2020-10-29,2020-09-30,-69692000.0,118404000.0,-55131000.0,-1.03,113737000.0,0.9605841018884497,2181059000.0,510954000.0,1244174000.0,253822000.0,1670105000.0,19481000.0,-1554523000.0,3162224744.25,3142617744.25,7.553890514402833,4.90175792484497,0.1899824809874469,0.8109594992895642,-0.07818202946569525,7.553890514402833,-0.1363958399386246,26.707076992753624,-11.343571515561328,6.188863859075377,0.0,0.23956675735331862,0.0,0.054287389749658306,4.719074784691634,-0.031953285078487104,20401.449962903225,0.9605841018884497,0.6294964028776978,0.19170479365961296,5.072898487695064,-0.04832691303030615,0.6263244441266891,0.6158675390101804,0.7056115937695236,-0.2611543610735461,0.7272071723777969,1.138379324123333,Biotechnology,Healthcare,PTCT
2020Q2,2020,Q2,2020-08-05,2020-06-30,-181427000.0,75239000.0,-187273000.0,-2.78,69935000.0,0.9295046451973046,1476637000.0,572494000.0,605024000.0,201843000.0,904143000.0,18373000.0,-1484831000.0,3305750577.2000003,3488862577.2000003,8.787216361799505,2.997498055419311,0.23131819126840245,0.5966403141342966,-0.19925994954562734,8.787216361799505,-0.31690637805811067,43.93666286367443,-4.555207572742757,5.774297332723139,0.0,0.28868448266477986,0.0,0.0509529423954567,2.7374494037444945,-0.12286499661054139,-48.64402391477089,0.9295046451973046,-0.5359116022099446,-1.4391589222346408,5.093517434452969,0.18776659442494642,0.08977155857512388,-0.6100082529484324,-1.0138830639524254,-5.31391363680484,-0.045975270530772355,1.0512739831647324,Biotechnology,Healthcare,PTCT
2020Q1,2020,Q1,2020-04-30,2020-03-31,-112687000.0,68259000.0,-92991000.0,-1.81,64174000.0,0.9401544118724271,1545592000.0,528734000.0,691922000.0,217668000.0,1016858000.0,19133000.0,-1303404000.0,2783180338.38,2974467338.38,8.474773773994514,3.178795229431979,0.20352978017484563,0.5949570105194673,-0.1104869861869596,8.474773773994514,-0.21312607095439295,40.77382232936316,-6.174581669535971,5.2638573240608695,0.0,0.2135054617676266,0.0,0.04416366026739269,2.97922524211184,-0.07290863306745894,-28.109809398753676,0.9401544118724271,-0.3211678832116788,-0.5752819767921749,5.691124324539514,0.02532459174065073,-0.30934059429383215,-0.450712566139269,-0.2776296988349088,-1.132472033153802,0.4138546751527435,1.8835048985134888,Biotechnology,Healthcare,PTCT
2019Q4,2019,Q4,2020-03-02,2019-12-31,-77677000.0,96459000.0,-72784000.0,-1.37,92917000.0,0.9632797354316341,1623782000.0,594330000.0,779284000.0,235857000.0,1029452000.0,19285000.0,-1190499000.0,2717057196.06,2742888196.06,10.50609826741742,3.3040528794990185,0.19328887744783474,0.5280887722309154,-0.09286743915538341,10.50609826741742,-0.13069675096326958,28.16800087145834,-8.744728800224005,4.571630568976832,0.0,0.18366606170598912,0.0,0.05940391013079342,3.1464022691715745,-0.04783708650545455,-103.34552493476855,0.9632797354316341,-0.2924528301886793,-0.6251731643848121,3.7433623745481075,0.13607693456317363,0.3582370998392048,-0.2946814007367035,-0.2035386523356759,-0.7508905722786772,1.3127776222178995,2.0018897470341686,Biotechnology,Healthcare,PTCT
2019Q3,2019,Q3,2019-10-30,2019-09-30,-59997000.0,71416000.0,-60475000.0,-1.06,68410000.0,0.9579085919121766,1641486000.0,663654000.0,806862000.0,183500000.0,977832000.0,17107000.0,-1112822000.0,1909596516.96,1699168516.96,11.753675753311057,4.397068119891008,0.19077165446430855,0.47185581643446733,-0.0615582016793293,11.753675753311057,-0.0904040358379517,26.739057311526828,-7.957050006500325,2.877397735808117,0.0,0.17571754252645116,0.0,0.043506919949362954,4.190910081743869,-0.03655041834045493,-68.14146863260063,0.9579085919121766,-0.4133333333333334,-0.14319015643109703,45.58030695242713,0.7138456915821969,-0.1688838672838381,-0.4357127473737108,-0.5603230300841117,-0.0299998579438121,0.8757504984125666,1.8583006381403548,Biotechnology,Healthcare,PTCT
2019Q2,2019,Q2,2019-08-06,2019-06-30,-41789000.0,85522000.0,-38758000.0,-0.75,82311000.0,0.9624541053763944,1291572000.0,488685000.0,474966000.0,173959000.0,802887000.0,16897000.0,-1052825000.0,2525578827.1600003,2545167827.1600003,8.74013561272288,2.730333009502239,0.12053760843375359,0.3185753604059875,-0.061283936859690386,8.74013561272288,-0.08551316287588119,29.531334944926456,-15.10911260834191,5.168112029548687,0.0,0.1900337337988992,0.0,0.06621543359564934,2.5330393943400455,-0.03235514551260015,-56.76861307649082,0.9624541053763944,0.41908784398713317,0.12672052622609223,30.6399521196999,0.1457464461429934,0.6074169547132228,0.4205067047550372,0.4394272490598785,0.34697706095093606,2.326655691911889,0.7942298296004021,Biotechnology,Healthcare,PTCT
2019Q1,2019,Q1,2019-05-02,2019-03-31,-72113000.0,53583000.0,-69140000.0,-1.291073,51207000.0,0.95565757796316,1283911000.0,512942000.0,479079000.0,143046000.0,770969000.0,16219000.0,-1011036000.0,2125286973.55,2079277973.55,9.183438915733245,3.349125456146974,0.12083002638033322,0.3024416015845846,-0.10432435166839697,9.183438915733245,-0.1405870449290563,39.66345619972753,-7.367905140369974,4.143328044008874,0.0,0.1464948517171219,0.0,0.041734201202419795,3.1703927407966668,-0.056166665757984784,-46.94277010094093,0.95565757796316,-0.3448677083333333,-1.2429832166635157,1.568729143905752,-0.07946542854322794,-0.37988786223766907,-0.4920960066211463,-0.5317470867118614,-0.0620645516175033,0.722116046522968,0.5892501394581288,Biotechnology,Healthcare,PTCT
2018Q4,2018,Q4,2019-03-01,2018-12-31,-48330000.0,86338000.0,-45138000.0,-0.96,82577000.0,0.9564386481039635,1119222000.0,350727000.0,320857000.0,166796000.0,768495000.0,16117000.0,-938923000.0,1727391288.48,1710907288.48,6.96828258905473,1.9236492481834098,0.13671461068492222,0.43627664821927026,-0.08780157841331503,6.96828258905473,-0.13779948506958403,20.007311826542196,-8.935398761018002,4.925173392638719,0.0,0.23335608363839425,0.0,0.07714108550403763,1.771583251396916,-0.04318178163045401,-71.14168644125036,0.9564386481039635,0.09433962264150951,-0.31490357899110494,9.68833989353163,0.24994548012488108,0.6417224994532694,0.05177657007200455,0.06410947543023014,0.3607921835898441,2.823185456945362,0.04571000121720387,Biotechnology,Healthcare,PTCT
2018Q3,2018,Q3,2018-11-05,2018-09-30,-50969000.0,53591000.0,-48230000.0,-1.06,50299000.0,0.9385717751114926,1028627000.0,386090000.0,313281000.0,114922000.0,642537000.0,13660000.0,-890593000.0,2236969191.71,2180981191.71,8.02739973645911,2.726031569238266,0.1467247116787718,0.3909062653785387,-0.09044119612055922,8.02739973645911,-0.13201326115672513,41.74150868074863,-10.972204632766976,5.793906062601983,0.0,0.24099560761347,0.0,0.05209954628840192,2.5373818764031255,-0.04955051734010482,-1223.7249407603938,0.9385717751114926,-4.047619047619048,-4.711512805886207,0.7160735035739626,0.26514785365229193,-0.2398633842619879,-4.353886554621849,-7.652673125224256,0.1686370956736464,2.865618246006249,0.011327907515969491,Biotechnology,Healthcare,PTCT
2018Q2,2018,Q2,2018-08-07,2018-06-30,-9520000.0,68743000.0,-5574000.0,-0.21,66171000.0,0.9625852814104708,511773000.0,267402000.0,375646000.0,86474000.0,244371000.0,13852000.0,-839624000.0,1556229107.09,1481311107.09,5.795720835003239,4.344034044915235,0.29089068786356453,0.5567273244029588,-0.013960737793293179,5.795720835003239,-0.03560182795940195,22.63836473662773,-40.8673610055147,5.819811022692425,0.0,0.18567715853306382,0.0,0.13432322533623306,4.110935078751995,-0.018601997369927684,-2207.417173177305,0.9625852814104708,0.5434782608695652,0.6632844457015978,5.044110329077167,-0.09784526416059061,0.24810909708206802,0.5057882988111925,0.6670847518365884,0.8192669601213983,6.861690660420908,-0.21659336529415327,Biotechnology,Healthcare,PTCT
2018Q1,2018,Q1,2018-05-09,2018-03-31,-19263000.0,56062000.0,-16743000.0,-0.46,53017000.0,0.9456851343155792,379411000.0,150308000.0,241996000.0,72716000.0,229103000.0,12355000.0,-830105000.0,1126416256.02,1256214256.02,3.6108627323714537,3.327960833929259,0.3871210903215774,0.9771801900098465,-0.05699231451449424,3.6108627323714537,-0.12815685126540172,20.09233091969605,-14.618910035041269,7.49405391609229,0.0,0.24645892351274787,0.0,0.1477606078895973,3.0788409703504045,-0.050770800003162794,-68.86447735036987,0.9456851343155792,-16.333333333333332,0.2538242858920292,4.251744904155075,1.5089617180003798,-0.2986705469938488,-16.167716535433073,-4.072110091743119,0.5964044036145772,7.236558212729004,-0.5631380310987063,Biotechnology,Healthcare,PTCT
2017Q4,2017,Q4,2018-03-06,2017-12-31,1270000.0,78030000.0,5450000.0,0.03,75595000.0,0.9687940535691401,391653000.0,156437000.0,249063000.0,82048000.0,235216000.0,10754000.0,-814108000.0,689632881.96,802265881.96,3.7837075758103835,3.035576735569423,0.370151639333798,0.9267053190741321,0.010945609856393345,3.7837075758103835,0.008118284037663724,8.83804795540177,135.75450432283463,4.408374501940078,0.0,0.22642737586014505,0.0,0.19923248385688352,2.823225429017161,0.0032426663398467523,35.83439241153547,0.9687940535691401,1.0365853658536586,1.0694241458385496,3.5202588716728243,3.794332894709726,0.8771572595664374,1.0376430138123185,1.176421079891234,1.0363559250162506,4.2501224873319865,-0.5908487818602154,Biotechnology,Healthcare,PTCT
2017Q3,2017,Q3,2017-11-02,2017-09-30,-33738000.0,41853000.0,-30892000.0,-0.82,40271000.0,0.9622010369627028,367720000.0,145882000.0,221259000.0,71899000.0,221838000.0,7792000.0,-815378000.0,826347767.4000001,855072767.4000001,3.5325306549621107,3.0773585168083004,0.3891303165451974,0.9808680988744327,-0.10751137215308458,3.5325306549621107,-0.23126910790913205,19.744051021432156,-6.123271736617465,5.6644943680508915,0.0,0.20302874743326488,0.0,0.11381757859240726,2.893698104285178,-0.0917491569672577,-50.85842980059085,0.9622010369627028,-0.8636363636363635,-0.5884658652241744,1.3795925053844738,0.0,-0.14687314634353021,-0.9306437768240343,-1.4719532687845083,0.1210573956987795,36.323783271079215,-0.48490901310738016,Biotechnology,Healthcare,PTCT
2017Q2,2017,Q2,2017-08-09,2017-06-30,-17475000.0,47962000.0,-12497000.0,-0.44,47204000.0,0.984195821692173,383078000.0,169731000.0,226972000.0,67985000.0,213347000.0,6912000.0,-781640000.0,726266457.54,782555457.54,4.283784825390547,3.3385599764653966,0.3687029795498567,0.8321520523652132,-0.0405347060169183,4.283784825390547,-0.10295703200947381,15.142539042158374,-10.390078076394849,4.278926404369266,0.0,0.10966435185185185,0.0,0.12520165605960143,3.1600500110318452,-0.0456173416379954,56.013146501619616,0.984195821692173,0.4823529411764706,-0.03123832624966631,1.832051201373438,0.0,0.7807454353402746,0.39859586330316277,0.5258205274141529,0.4846695871659916,24.039898801378296,-0.43843763332598507,Biotechnology,Healthcare,PTCT
2017Q1,2017,Q1,2017-05-08,2017-03-31,-29057000.0,26547000.0,-26355000.0,-0.85,26508000.0,0.9985309074471692,248645000.0,100827000.0,240727000.0,45418000.0,147818000.0,1354000.0,-764165000.0,337570528.32,531830528.32,2.939053017861509,5.300255405345898,0.40175752578978063,0.990756444206413,-0.13205085335556252,2.939053017861509,-0.28818669602388247,12.715957672053339,-2.9043821481914858,3.348017181112202,0.0,0.02880354505169867,0.0,0.10676667538056266,5.168655599101678,-0.1168613887268998,-11.589608552889072,0.9985309074471692,-0.08974358974358967,-0.821395648003406,0.021002906059786084,0.0,0.0,-0.08437826541274818,-0.05453745198463508,-0.47148801222140163,1.0720500044425294,-0.7053935965479378,Biotechnology,Healthcare,PTCT
2016Q4,2016,Q4,2017-03-16,2016-12-31,-26796000.0,25191000.0,-24992000.0,-0.78,0.0,0.0,269345000.0,119583000.0,261286000.0,49624000.0,149762000.0,0.0,-735108000.0,372775596.59000003,586015596.59,3.499828159177838,5.265315170078994,0.36464757095917877,0.8213207562947911,-0.11632381685070715,3.499828159177838,-0.22407867339003035,14.797967392719624,-3.47790338660621,3.1172959081976535,0.0,0.0,0.0,0.09352688930553751,5.1707842979203615,-0.099485789600698,-25.611514709034697,0.0,0.24271844660194175,-0.7724581277029395,0.7658194625063315,3.584683080041521,0.0,0.23803565842977792,0.22055888223552894,-0.07390979608303172,3.5938245296548175,-0.37221340655021434,Biotechnology,Healthcare,PTCT
2016Q3,2016,Q3,2016-11-03,2016-09-30,-35167000.0,22986000.0,-32064000.0,-1.03,0.0,0.0,288177000.0,140177000.0,280607000.0,48926000.0,148000000.0,0.0,-708313000.0,477583261.40999997,721908261.41,4.112120186544877,5.735334995707803,0.33506837811483914,0.6888362570179131,-0.13615439537206336,4.112120186544877,-0.2508756786063334,20.777136579222134,-3.395109487658885,3.4070015866368943,0.0,0.0,0.0,0.07976347869538512,5.636001308097944,-0.12203263966242969,-19.62133366516023,0.0,0.09649122807017534,-1.0058510580645825,0.5832307237125715,0.0,0.0,0.09628925322506039,0.12297592997811817,-4.560105920942487,0.03850867533114573,-0.3519146674185291,Biotechnology,Healthcare,PTCT
2016Q2,2016,Q2,2016-08-04,2016-06-30,-38914000.0,15633000.0,-36560000.0,-1.14,0.0,0.0,305563000.0,165624000.0,297434000.0,42909000.0,139939000.0,0.0,-673145000.0,238682337.66,535195337.65999997,4.87124640808665,6.931739262159454,0.31069206677510036,0.5732019514080084,-0.13997863872696806,4.87124640808665,-0.23495387141960103,15.267852469775475,-1.5333963204759213,1.4411096076655556,0.0,0.0,0.0,0.051161298979261235,6.820433941597334,-0.12735180633780924,-9.70450651189266,0.0,0.06557377049180334,-1.6760738040864815,0.07571319358137527,0.0,0.0,0.056241360075667546,0.048956870090005725,-0.867695735185233,0.8651778624847832,-0.24174780987469224,Biotechnology,Healthcare,PTCT
2016Q1,2016,Q1,2016-05-05,2016-03-31,-41233000.0,18895000.0,-38442000.0,-1.22,0.0,0.0,335232000.0,196001000.0,326434000.0,43889000.0,139231000.0,0.0,-634231000.0,218439448.36,530187448.36,5.7784729336971665,7.437717879195243,0.27851159793814434,0.47635471247595673,-0.13321691200288663,5.7784729336971665,-0.21037137565624664,11.560701156919821,-1.324421266703854,1.114481295299514,0.0,0.0,0.0,0.05636395093547156,7.321424502722778,-0.12299840110729286,-5.21933117557106,0.0,0.18666666666666668,-1.6141028851139463,-0.26500794273645545,0.0,-1.0,0.19068461961215358,0.2024646791560341,-0.9601442489140734,1.1722401935564002,3.0150979014441575,Biotechnology,Healthcare,PTCT
2015Q4,2015,Q4,2016-02-29,2015-12-31,-50948000.0,15217000.0,-48201000.0,-1.5,12734000.0,0.8368272327002695,368041000.0,226001000.0,355949000.0,45386000.0,142040000.0,0.0,-592998000.0,1098856238.3999999,1416345238.3999999,6.6636855160069866,7.842704798836646,0.257058316872305,0.4186176167362091,-0.1510893263697954,6.6636855160069866,-0.22543263082906712,72.21240969967798,-5.392047962628562,4.862174231087472,0.0,0.0,0.0,0.041345937001584065,7.7120477680341954,-0.13843022924076392,-35.1206928662746,0.8368272327002695,-0.1811023622047244,-2.395158163780358,0.0746246229870773,5.921245964255306,0.30257774140752863,-0.17872429030840062,-0.141338321651828,-2.395158163780358,0.0746246229870773,5.921245964255306,Biotechnology,Healthcare,PTCT
2015Q3,2015,Q3,2015-11-09,2015-09-30,-43223000.0,9774000.0,-42232000.0,-1.27,9776000.0,1.0002046245140168,396100000.0,269151000.0,384164000.0,31695000.0,126949000.0,0.0,-542050000.0,905366375.1,1088661375.1,7.937484644496822,12.120649944786244,0.2352890684170664,0.3462665938450907,-0.11678839401710046,7.937484644496822,-0.16059015199646295,92.63007725598527,-5.236600739768179,3.363786034976649,0.0,0.0,0.0,0.02467558697298662,11.9746647736236,-0.10912143398131785,-31.937574964724142,1.0002046245140168,-0.11403508771929835,-1.4784269876027285,-0.3232145653406992,0.0,0.443165042810747,-0.12674330700450978,-0.09335680629627711,-1.4784269876027285,-0.3232145653406992,0.0,Biotechnology,Healthcare,PTCT
2015Q2,2015,Q2,2015-07-31,2015-06-30,-38361000.0,6368000.0,-38626000.0,-1.14,6774000.0,1.0637562814070352,273822000.0,248581000.0,264574000.0,23082000.0,25241000.0,0.0,-498827000.0,1617199428.89,1587979428.89,7.398100269063224,11.462351615977818,0.0,0.0,-0.15597553968786537,7.398100269063224,-0.15431991986515461,253.95719674780153,-10.539346138591277,6.505724206154131,0.0,0.0,0.0,0.023255983814302723,11.278615371284983,-0.14009466003462104,-53.7043612024707,1.0637562814070352,0.008695652173913052,-1.669424149263043,-0.556603076909741,0.0,-0.0946271050521251,-0.011763154424370302,-0.014578025268577132,-1.669424149263043,-0.556603076909741,0.0,Biotechnology,Healthcare,PTCT
2015Q1,2015,Q1,2015-05-05,2015-03-31,-37915000.0,5407000.0,-38071000.0,-1.15,7482000.0,1.3837617902718697,299520000.0,273320000.0,289761000.0,23905000.0,26200000.0,0.0,-460466000.0,2012172709.2,1975347709.2,8.265454512904293,12.121355364986405,0.0,0.0,-0.13929094102151324,8.265454512904293,-0.13872018147226695,372.1421692620677,-13.267656001582488,7.361966593004538,0.0,0.0,0.0,0.01805221688034188,11.865509307676218,-0.12658587072649571,-53.93408140881312,1.3837617902718697,-0.369047619047619,-1.4656381129838394,-0.7842590180572513,0.0,-0.4089113604044873,-0.3904066889141516,-0.18122866894197953,-1.4656381129838394,-0.7842590180572513,0.0,Biotechnology,Healthcare,PTCT
2014Q4,2014,Q4,2015-03-02,2014-12-31,-27269000.0,11602000.0,-32230000.0,-0.84,12658000.0,1.0910187898638166,333219000.0,298467000.0,323571000.0,32475000.0,34752000.0,0.0,-422551000.0,1670862720.3300002,1621114720.3300002,9.247699647609744,9.963695150115473,0.0,0.0,-0.09212961364625885,9.247699647609744,-0.09136353432707804,144.01505950094813,-15.318335108823208,5.598148942194615,0.0,0.0,0.0,0.03481794255429612,9.844064665127021,-0.08183506942881408,-145.27977743935313,1.0910187898638166,0.09677419354838718,-0.9095689576738342,-0.13901839765076904,7.829584688551644,0.0,0.00047650465508393815,-0.1677113148074345,-0.9095689576738342,-0.13901839765076904,7.829584688551644,Biotechnology,Healthcare,PTCT
2014Q3,2014,Q3,2014-11-06,2014-09-30,-27282000.0,797000.0,-27601000.0,-0.93,0.0,0.0,220795000.0,201296000.0,213516000.0,17262000.0,19499000.0,0.0,-395282000.0,1291768008.9299998,1238895008.9299998,6.858071185195348,12.369134515119917,0.0,0.0,-0.13711648517605915,6.858071185195348,-0.13553175423257294,1620.7879660351316,-11.837182106608752,6.4172562243164295,0.0,0.0,0.0,0.003609683190289635,12.205132661337041,-0.12356258067438121,-74.4320373915298,0.0,-0.08139534883720938,-0.8072464088676657,-0.9362446060705659,0.0,-1.0,-0.08675908221797324,-0.08798139461547558,-0.8072464088676657,-0.9362446060705659,0.0,Biotechnology,Healthcare,PTCT
2014Q2,2014,Q2,2014-08-07,2014-06-30,-25104000.0,1418000.0,-25369000.0,-0.86,1677000.0,1.182651622002821,237558000.0,223756000.0,230314000.0,11583000.0,13802000.0,0.0,-368000000.0,766744413.78,745572413.78,7.628333164065586,19.88379521712855,0.0,0.0,-0.1133779652836125,7.628333164065586,-0.11219363950016983,540.7224356699577,-7.635679710205545,3.4266987869822487,0.0,0.0,0.0,0.005969068606403489,19.659587326253995,-0.1056752456242265,-39.40509886833179,1.182651622002821,-0.48275862068965525,-1.0011206413735096,-0.8868984565857131,0.0,-0.8180535966149506,-0.7806781103702652,-0.7850408105826062,-1.0011206413735096,-0.8868984565857131,0.0,Biotechnology,Healthcare,PTCT
2014Q1,2014,Q1,2014-05-06,2014-03-31,-14098000.0,9147000.0,-14212000.0,-0.58,9217000.0,1.0076527823330053,255840000.0,244342000.0,249380000.0,9239000.0,11498000.0,0.0,-342896000.0,640233610.1800001,524390610.18000007,9.976202090053166,26.992098711981818,4.6904315196998124e-05,4.911149127043243e-05,-0.058161519762312056,9.976202090053166,-0.05769781699421303,69.99383515688204,-11.35327014789332,2.6202356131160425,0.0,0.0,0.0,0.03575281425891182,26.78027925100119,-0.05510475297060663,-46.99307179829713,1.0076527823330053,0.20576585895878244,-0.23779169988192672,-0.5072498714458005,0.0,1.0896066497418428,0.21178412367284893,0.21448152934454806,-0.23779169988192672,-0.5072498714458005,0.0,Biotechnology,Healthcare,PTCT
2013Q4,2013,Q4,2014-03-06,2013-12-31,-17885963.0,3930802.0,-18092509.0,-0.730263243581593,4410878.0,1.1221318194098813,151902821.0,136542412.0,145024449.0,13133439.0,15360409.0,0.0,-328798293.0,415637504.39,400271723.39,5.574869224182909,11.04238189251117,0.0003200862214402193,0.00035609448586568107,-0.13245751547645507,5.574869224182909,-0.13099199536624562,105.73860102594838,-5.809548867874768,3.0440175935225167,0.0,0.0,0.0,0.02587708361255516,10.920616374736275,-0.11774608846796861,-28.017159594758514,1.1221318194098813,-2.843490755692595,-0.650472073322905,-0.6156101629247436,5.117136471230268,-0.7292207720853088,-3.049805739795254,-3.2315570976339076,-0.650472073322905,-0.6156101629247436,5.117136471230268,Biotechnology,Healthcare,PTCT
2013Q3,2013,Q3,2013-11-14,2013-09-30,-4416499.0,15455361.0,-4275615.0,-0.19,16289573.0,1.0539755752065578,167244115.0,151032513.0,160137810.0,13921157.0,16211602.0,0.0,-310912330.0,510818431.72,486857846.72,6.345028933405065,11.503196896637254,0.0005036589777762882,0.0005577209723048175,-0.02829345578753095,6.345028933405065,-0.029242041413957007,33.05121321462501,-28.915348544174922,3.3821752785110584,0.0,0.0,0.0,0.09241198711237164,11.35043840106106,-0.026407500198138513,-91.96399629996897,1.0539755752065578,0.6899462627917565,0.6392422938366301,0.5245233490300234,0.0,1.3765785184350878,0.6972217198578036,0.7041697963652507,0.6392422938366301,0.5245233490300234,0.0,Biotechnology,Healthcare,PTCT
2013Q2,2013,Q2,2013-06-30,2013-06-30,-14586578.0,5867806.0,-14452936.0,-0.612797,6854212.0,1.168104739659082,175468084.0,152919640.0,168158078.0,19788489.0,22548444.0,0.0,-306495831.0,357049230.0,205700473.0,6.4243090511636165,8.497772518154367,0.0,0.0,-0.09451327507702738,6.4243090511636165,-0.09538721121760423,60.84884708185649,-6.11948241047352,2.3348814449210056,0.0,0.0,0.0,0.033440873498111486,8.416443317122393,-0.08312952228964898,-18.30070431082592,1.168104739659082,0.011890822730852546,-0.4328210712656984,-0.4232650862860263,0.0,-0.04025000336056135,0.006670759407771509,-0.6851966831339317,-0.4328210712656984,-0.4232650862860263,0.0,Biotechnology,Healthcare,PTCT
2013Q1,2013,Q1,2013-03-31,2013-03-31,-14684535.0,6072148.0,-8576409.0,-0.6201713475565489,7141664.0,1.1761347055440678,64405584.0,34077321.0,56572149.0,27327010.0,30328263.0,0.0,-291909253.0,390453353.09999996,339542169.09999996,1.4391860610967309,2.070191689467673,0.00019065117086742043,0.0003603276208244187,-0.2515843248380738,1.4391860610967309,-0.43091811706677297,64.30234459041512,-6.647356438252896,11.457865279374513,0.0,0.0,0.0,0.09427983759917463,2.0380075976113012,-0.22800096028940597,-49.625067135295104,1.1761347055440678,-0.40165275852714083,-0.3336278116073183,-0.6616432844563968,0.0,0.07553722916406254,-1.34126785462602,-0.42124591717859017,-0.3336278116073183,-0.6616432844563968,0.0,Biotechnology,Healthcare,PTCT
2012Q4,2012,Q4,2012-12-31,2012-12-31,-6272044.0,5918535.0,-6034430.0,-0.44245719475358936,6640090.0,1.1219144602507207,13072352.0,-19194520.0,4595265.0,28158889.0,32266872.0,0.0,-277224718.0,233753698.17999998,235910977.17999998,-1.354064715400859,0.16319056479820634,0.033567792544142015,-0.022861212471059447,0.3217382866337771,-1.354064715400859,0.3267622217174485,39.495195716507546,-9.31728548859032,-12.178147626510066,0.0,0.0,0.0,0.4527521137741701,0.13280051638400933,-0.47979460773394106,-21.16908731659823,1.1219144602507207,0.13970886340445882,0.0,0.0,0.0,-0.07713414007023692,0.14047737978998578,0.14469632575875152,0.0,0.0,0.0,Biotechnology,Healthcare,PTCT
2012Q3,2012,Q3,2012-09-30,2012-09-30,-7297125.0,6042746.0,-7055307.0,-0.514311,7195076.0,1.190696415172837,,,,,,,,233962774.89,,,0.0,0.0,0.0,0.0,,0.0,38.717956189123285,-8.01558061873683,0.0,0.0,0.0,0.0,0.0,0.0,0.0,-37.73560276894362,1.190696415172837,-1.006890092452759,0.0,0.0,0.0,-0.05142938655221889,-0.2025442348080247,0.059067454392763494,0.0,0.0,0.0,Biotechnology,Healthcare,PTCT
2012Q2,2012,Q2,2012-06-30,2012-06-30,-6068072.0,6064413.0,-7498207.0,-0.2562726289467227,7585177.0,1.2507685409948168,,,,,,,,233962774.89,,,0.0,0.0,0.0,0.0,,0.0,38.579624258769975,-9.639090261700915,0.0,0.0,0.0,0.0,0.0,0.0,0.0,-16.5490922326502,1.2507685409948168,0.4489068805900687,0.0,0.0,0.0,-0.39443185701101413,0.08029708416106371,-0.20545358641479416,0.0,0.0,0.0,Biotechnology,Healthcare,PTCT
2012Q1,2012,Q1,2012-03-31,2012-03-31,-6597861.0,10753384.0,-6220237.0,-0.465026,12525720.0,1.1648165823893204,,,,,,,,233962774.89,,,0.0,0.0,0.0,0.0,,0.0,21.757130117365843,-8.865099419721027,0.0,0.0,0.0,0.0,0.0,0.0,0.0,-13.979026623527934,1.1648165823893204,0.0,0.0,0.0,0.0,0.0,0.0,0.0,0.0,0.0,0.0,Biotechnology,Healthcare,PTCT
