Quarters,Year,Quarter,FillingDate,Date,NetIncome,Revenue,OperatingIncome,EPSDiluted,GrossProfit,GrossProfitRatio,TotalAssets,CommonStockEquity,CurrentAssets,CurrentLiability,TotalLiability,Inventory,RetainedEarnings,MarketCap,EnterpriseValue,bookValuePerShare,currentRatio,debtToAssets,debtToEquity,roic,shareholdersEquityPerShare,roe,priceToSalesRatio,peRatio,pbRatio,payoutRatio,inventoryTurnover,dividendYield,assetTurnover,quickRatio,returnOnAssets,priceToFreeCashFlowsRatio,grossProfitMargin,epsdilutedGrowth,fiveYNetIncomeGrowthPerShare,fiveYRevenueGrowthPerShare,fiveYShareholdersEquityGrowthPerShare,grossProfitGrowth,netIncomeGrowth,operatingIncomeGrowth,threeYNetIncomeGrowthPerShare,threeYRevenueGrowthPerShare,threeYShareholdersEquityGrowthPerShare,Industry,Sector,Symbol
2023Q1,2023,Q1,2023-04-27,2023-03-31,55800000.0,256944000.0,70963000.0,2.4,256944000.0,1.0,2997822000.0,815731000.0,2259222000.0,45620000.0,2182091000.0,0.0,585686000.0,6905851199.999999,6943015199.999999,35.45423331015299,49.52262165716791,0.065318087598263,0.24004481869635946,0.05723611703259453,35.45423331015299,0.06840490308692448,26.87687278161778,30.940193548387093,8.465843764672421,0.05802867383512545,0.0,0.0004688777539834626,0.08571022562380289,54.902630425252084,0.018613513410736193,35.42479481286933,1.0,-0.1724137931034483,6.004150846488107,3.6886249294337374,2.1108373567319982,0.057539388551390326,-0.17024788472691044,-0.17607514397176297,9.542608373800945,2.0730133808967453,0.9531304206824552,Insurance—Property & Casualty,Financial Services,KNSL
2022Q4,2022,Q4,2023-02-24,2022-12-31,67249000.0,242964000.0,86128000.0,2.9,242964000.0,1.0,2747122000.0,745449000.0,2283919000.0,63385000.0,2001673000.0,0.0,533121000.0,5991161680.0,6030634680.0,32.539569601466674,36.03248402618916,0.07125529918219868,0.26258939243328516,0.07313007184393852,32.539569601466674,0.0902127442655366,24.65863946922178,22.27230769230769,8.03698399219799,0.04444675757260331,0.0,0.0004989015752951604,0.08844310518426193,36.03248402618916,0.024479801042691225,60.54185753695975,1.0,1.027972027972028,9.42235520899131,3.3961189753478265,1.8733684906844923,0.11985103313498739,1.03883701188455,1.059690070786302,2.627220870080568,1.5210102379889434,0.7685594397564669,Insurance—Property & Casualty,Financial Services,KNSL
2022Q3,2022,Q3,2022-10-27,2022-09-30,32984000.0,216961000.0,41816000.0,1.43,216961000.0,1.0,2464232000.0,619455000.0,2098373000.0,48541000.0,1844777000.0,0.0,468873000.0,5826896460.0,5823842460.0,27.153596633498445,43.22887867987887,0.049978654607196075,0.19881831610044312,0.04631677410846085,27.153596633498445,0.05324680565981387,26.856884232650106,44.16456812393888,9.406488703779935,0.0899527043414989,0.0,0.0005091904447535009,0.08804406403293197,43.22887867987887,0.013385103350658541,33.23501893636924,1.0,0.22222222222222224,6.225769752361742,3.1738136936713617,1.4598493312865137,0.21236386394497003,0.21757105943152455,0.28894642747056287,1.4134512829690256,1.6299423752661986,0.5079297887414914,Insurance—Property & Casualty,Financial Services,KNSL
2022Q2,2022,Q2,2022-07-28,2022-06-30,27090000.0,178957000.0,32442000.0,1.17,178957000.0,1.0,2198119000.0,634066000.0,1711272000.0,77186000.0,1564053000.0,0.0,438868000.0,5231428840.0,5153297840.0,27.833106536148545,22.170756354779364,0.019452541013475613,0.06743619749363632,0.04002511727551435,27.833106536148545,0.04272425898881189,29.232881865476063,48.27822849760059,8.250606151410105,0.11103728313030639,0.0,0.0005749863167401891,0.08141369962226795,24.059790635607495,0.01232417353200623,33.66319513529166,1.0,-0.15217391304347824,1.9352869075891883,2.619644151206332,1.5819301951226474,-0.007547776705597888,-0.1478720392563933,-0.16541469438155998,0.8320510752763516,1.2958710049722455,0.9172678426658394,Insurance—Property & Casualty,Financial Services,KNSL
2022Q1,2022,Q1,2022-04-28,2022-03-31,31791000.0,180318000.0,38872000.0,1.38,180318000.0,1.0,2114555000.0,665570000.0,191380000.0,67720000.0,1448985000.0,0.0,414756000.0,5188139060.0,5126708060.0,29.25196677361227,2.8260484347312462,0.02020614266358643,0.0641961025887585,0.04488371403521404,29.25196677361227,0.04776507354598314,28.77216395479098,40.798803592211634,7.79503141668044,0.09320247868893712,0.0,0.0005711103664981563,0.08527467954250421,26.315445953927938,0.01503436893341625,42.797246960223056,1.0,-0.3397129186602871,3.6646004358792648,2.8929829399245572,1.8335642708532582,-0.017886515397435757,-0.34207367549668877,-0.35294215563878484,0.5800106734304972,1.3240945754912123,1.1435045454503223,Insurance—Property & Casualty,Financial Services,KNSL
2021Q4,2021,Q4,2022-02-25,2021-12-31,48320000.0,183602000.0,60075000.0,2.09,183602000.0,1.0,2025655000.0,699335000.0,1707080000.0,82058000.0,1326320000.0,0.0,0.0,5406763920.0,5328419920.0,30.76975536782823,20.803334227010165,0.02107762674295475,0.06105228538540185,0.0651185732132485,30.76975536782823,0.06909421092895393,29.448284441345955,27.97373716887417,7.731293185669243,0.05173841059602649,0.0,0.0004623837913011745,0.09063833673552506,20.803334227010165,0.023854012652697522,51.9826164540289,1.0,0.31446540880503127,5.488188756943915,3.1977645854182315,2.0693055662705153,0.11352223381286237,0.3193174061433447,0.0,9.104770460294912,2.00122750226358,1.4641586986857507,Insurance—Property & Casualty,Financial Services,KNSL
2021Q3,2021,Q3,2021-10-28,2021-09-30,36625000.0,164884000.0,0.0,1.59,164884000.0,1.0,1898895000.0,659165000.0,1648386000.0,74486000.0,1239730000.0,0.0,340133000.0,3672853799.9999995,3625505799.9999995,29.02020780135599,22.130145262196923,0.022467803643698044,0.06472431030166953,0.0,29.02020780135599,0.05556271950118711,22.27538026733946,25.070674402730372,5.571979398177998,0.0682320819112628,0.0,0.0006803973520535994,0.08683155203420936,21.596273125151036,0.019287533012620497,34.94328554167578,1.0,0.025806451612903247,3.1727548016706253,3.3003958392081842,1.8560891708173286,0.07760277106071499,0.027781675319208644,0.0,1.8497273060733797,1.5472217410233722,1.3744573584235054,Insurance—Property & Casualty,Financial Services,KNSL
2021Q2,2021,Q2,2021-07-29,2021-06-30,35635000.0,153010000.0,0.0,1.55,153010000.0,1.0,1806277000.0,629636000.0,0.0,74556000.0,1176641000.0,0.0,306017000.0,3736654060.0,3651282060.0,27.76417673516183,0.0,0.02360269216736968,0.06771055022266834,0.0,27.76417673516183,0.05659619208558596,24.420979413110253,26.2147752209906,5.9346258155505724,0.07091342780973761,0.0,0.0006762734680341268,0.08471015242955537,20.442445946670958,0.019728424820777767,36.64751632961299,1.0,0.11510791366906487,4.4398506996683755,3.2011395246407455,3.4843449329129563,0.10649899119920742,0.11085133576483057,0.0,2.2741568966773125,1.5872334291338923,1.3593587441160733,Insurance—Property & Casualty,Financial Services,KNSL
2021Q1,2021,Q1,2021-04-29,2021-03-31,32079000.0,138283000.0,0.0,1.39,138283000.0,1.0,1645338000.0,587566000.0,0.0,64113000.0,1057772000.0,0.0,272890000.0,3735192000.0000005,3645258000.0000005,25.923935583498785,0.0,0.025891944390757402,0.07250419527338206,0.0,25.923935583498785,0.054596419806455784,27.01121612924221,29.1093238567287,6.357059462256156,0.07777673867639266,0.0,0.0006679710172863937,0.08404534509018816,21.58222201425608,0.019496905802941403,41.48369613505109,1.0,-0.1575757575757576,4.6454526913219105,2.910191007643724,3.498402111346812,-0.007528780179714639,-0.15981771037950812,0.0,3.0875705237207924,1.5615270695874193,1.2746267431925453,Insurance—Property & Casualty,Financial Services,KNSL
2020Q4,2020,Q4,2021-02-25,2020-12-31,38181000.0,139332000.0,0.0,1.65,139332000.0,1.0,1546896000.0,576238000.0,285710000.0,68893000.0,970658000.0,0.0,243315000.0,4525139430.0,4490616430.0,25.484852505417717,4.147155734254569,0.027519626400223415,0.07387572496086686,0.0,25.484852505417717,0.06625908044939764,32.4773880372061,29.629524043372356,7.852900069068683,0.05335114323878369,0.0,0.0004501518752097325,0.09007198932572066,18.88071357031919,0.02468233158531666,64.89888176576886,1.0,1.5384615384615383,6.690664485238015,4.299482049428925,3.710266151239919,0.13739479677716918,1.5642041638683681,0.0,4.995338392268186,1.5542578805856109,1.250409980084936,Insurance—Property & Casualty,Financial Services,KNSL
2020Q3,2020,Q3,2020-10-29,2020-09-30,14890000.0,122501000.0,0.0,0.65,122501000.0,1.0,1468589000.0,534131000.0,280339000.0,62174000.0,934458000.0,0.0,207179000.0,4259651640.0,4221093640.0,23.8472631484954,4.508942644835462,0.027330995942363726,0.0751463592264819,0.0,23.8472631484954,0.027877056377555318,34.77238259279516,71.51866420416387,7.974919336267695,0.13633310946944258,0.0,0.00047656479251434745,0.08341407977317003,19.936565123685142,0.010138983745622498,65.63508898442194,1.0,-0.5112781954887218,1.345191481102848,4.781890200833814,0.0,0.04072824895715633,-0.5079637829621307,0.0,2.3223750360782844,1.400292564449789,1.160327970566975,Insurance—Property & Casualty,Financial Services,KNSL
2020Q2,2020,Q2,2020-07-30,2020-06-30,30262000.0,117707000.0,0.0,1.33,117707000.0,1.0,1289348000.0,456114000.0,242151000.0,57450000.0,833234000.0,0.0,194323000.0,3438367130.0,3408498130.0,20.589265562226334,4.214986945169713,0.025677319079100445,0.07258492394445248,0.0,20.589265562226334,0.06634744822566288,29.21123747950419,28.404989177846808,7.538394195310822,0.0665851563016324,0.0,0.0005860339875922441,0.09129187775526855,18.80468233246301,0.023470777478229305,55.4083817581178,1.0,5.045454545454546,3.3341204713827466,4.992599918205461,0.0,0.46500136907873446,4.950058985450256,0.0,2.371936721203205,1.448272270711823,0.9099573517411313,Insurance—Property & Casualty,Financial Services,KNSL
2020Q1,2020,Q1,2020-04-30,2020-03-31,5086000.0,80346000.0,0.0,0.22,80346000.0,1.0,1165489000.0,401334000.0,960524000.0,740080000.0,764155000.0,0.0,166074000.0,2311053770.0,2282574770.0,18.15251707449455,1.2978650956653335,0.02065656561323187,0.05998744188132578,0.0,18.15251707449455,0.012672736424025874,28.7637688248326,113.59878932363351,5.758430060747407,0.39146677152968934,0.0,0.0008615117596333555,0.06893758757053906,1.3310290779375202,0.004363833549694592,45.83696166127849,1.0,-0.7215189873417722,-0.057137481557275556,3.284144462423296,0.0,-0.1342399034524374,-0.7151179073545062,0.0,-0.23200890834615132,0.7851604080920056,0.7583885626022709,Insurance—Property & Casualty,Financial Services,KNSL
2019Q4,2019,Q4,2020-03-02,2019-12-31,17853000.0,92804000.0,0.0,0.79,92804000.0,1.0,1090550000.0,405880000.0,942717000.0,667926000.0,684670000.0,0.0,162911000.0,2242619600.0,2175699600.0,18.398912058023573,1.4114093477421152,0.0307074411993948,0.08250714496895634,0.0,18.398912058023573,0.04398590716467921,24.165117882849877,31.403960118747545,5.525326697546072,0.09891894919621352,0.0,0.0007874719368367244,0.08509834487185365,1.402845524803646,0.016370638668561734,43.093322572587,1.0,0.36206896551724155,2.685887139715711,2.617957922431816,2.40059934300679,0.18482770947438304,0.37584771886559803,0.0,1.4698095639721414,1.186065043084534,0.8353049128254839,Insurance—Property & Casualty,Financial Services,KNSL
2019Q3,2019,Q3,2019-10-31,2019-09-30,12976000.0,78327000.0,0.0,0.58,78327000.0,1.0,1036449000.0,390036000.0,872970000.0,635201000.0,646413000.0,0.0,146832000.0,2237694600.0,2173810600.0,18.00720221606648,1.3743208842555348,0.021635410907820837,0.057492128931688355,0.0,18.00720221606648,0.03326872391266447,28.568623846183307,43.11218017879162,5.737148878565056,0.13578914919852034,0.0,0.0007874175501875905,0.0755724594263683,1.4195758507936858,0.0125196705288924,54.04928866452501,1.0,-0.07936507936507943,1.113368525070557,2.822896032594388,0.0,0.07930055668853,-0.057456235926490885,0.0,0.5503196020223711,1.1422817124107476,0.7722193996013414,Insurance—Property & Casualty,Financial Services,KNSL
2019Q2,2019,Q2,2019-08-01,2019-06-30,13767000.0,72572000.0,0.0,0.63,72572000.0,1.0,894806000.0,307907000.0,738090000.0,0.0,586899000.0,0.0,135628000.0,1972530000.0,1894399000.0,14.517067421027818,0.0,0.0,0.0,0.0,14.517067421027818,0.04471155251423319,27.180317477815134,35.81989540204838,6.406252537292104,0.1238468802208179,0.0,0.0008643721515008643,0.0811036135206961,0.0,0.015385457853434151,55.69915852487717,1.0,-0.26744186046511625,1.059370765530609,2.858992761316026,0.0,0.0053612246311560575,-0.26458333333333334,0.0,1.2470545319231563,1.1304947305770232,1.3447314268028272,Insurance—Property & Casualty,Financial Services,KNSL
2019Q1,2019,Q1,2019-05-02,2019-03-31,18720000.0,72185000.0,0.0,0.86,72185000.0,1.0,852873000.0,288889000.0,711720000.0,0.0,563984000.0,0.0,123563000.0,1446477770.0,1343603770.0,13.646794841513534,0.0,0.0,0.0,0.0,13.646794841513534,0.06479997507693266,20.03848126342038,19.317277911324787,5.007036508832112,0.0905982905982906,0.0,0.0011725033285509808,0.08463745481449172,0.0,0.021949340640400154,48.4111841092406,1.0,3.2999999999999994,2.6244875886380097,3.019902910861176,0.0,0.2685399971882469,3.20863309352518,0.0,2.527273826036153,1.1854029303590605,1.3680343800598203,Insurance—Property & Casualty,Financial Services,KNSL
2018Q4,2018,Q4,2019-02-28,2018-12-31,4448000.0,56904000.0,0.0,0.2,56904000.0,1.0,773063000.0,263986000.0,667304000.0,509077000.0,509077000.0,0.0,106545000.0,1174593960.0,1099504960.0,12.486921148479258,1.3108115275292342,0.0,0.0,0.0,12.486921148479258,0.016849378376126007,20.641676507802615,66.0180957733813,4.4494555014281065,0.3329586330935252,0.0,0.0012608612426374133,0.07360848986434482,1.3089984422788694,0.0057537354652854944,47.12891545961562,1.0,-0.6363636363636364,-0.041757147276132986,1.3148326205232248,1.3079090611326922,-0.0537605800089795,-0.6274706867671692,0.0,-0.041757147276132986,1.3148326205232248,1.3079090611326922,Insurance—Property & Casualty,Financial Services,KNSL
2018Q3,2018,Q3,2018-11-01,2018-09-30,11940000.0,60137000.0,0.0,0.55,60137000.0,1.0,770501000.0,257905000.0,637914000.0,512596000.0,512596000.0,0.0,103584000.0,1325205600.0,1260461600.0,12.22182731494645,1.2444771320884283,0.0,0.0,0.0,12.22182731494645,0.04629611678718908,22.03644345411311,27.74718592964824,5.138347841259378,0.12370184254606365,0.0,0.0011145440375440613,0.07804921732742721,1.287893389726022,0.015496410776884132,47.63670872425321,1.0,0.17021276595744697,0.9960598478415359,2.0127117883256225,0.0,0.09445465630516679,0.1807753164556962,0.0,0.9960598478415359,2.0127117883256225,0.0,Insurance—Property & Casualty,Financial Services,KNSL
2018Q2,2018,Q2,2018-08-06,2018-06-30,10112000.0,54947000.0,0.0,0.47,54947000.0,1.0,728903000.0,247945000.0,609154000.0,0.0,480958000.0,0.0,93129000.0,1155900200.0,1076230200.0,11.767679164689131,0.0,0.0,0.0,0.0,11.767679164689131,0.04078323821815322,21.03663894298142,28.57743769778481,4.66192179717276,0.14586629746835442,0.0,0.0012760617222836365,0.07538314425924986,0.0,0.013872902155705217,40.3850255048564,1.0,0.3823529411764704,0.5226792331551164,1.9412029351617266,0.0,0.09617763236643657,0.3876766845066557,0.0,0.5226792331551164,1.9412029351617266,0.0,Insurance—Property & Casualty,Financial Services,KNSL
2018Q1,2018,Q1,2018-05-03,2018-03-31,7287000.0,50126000.0,0.0,0.34,50126000.0,1.0,687767000.0,239850000.0,577458000.0,0.0,447917000.0,0.0,84498000.0,1080239850.0,1023580850.0,11.397006414825373,0.0,0.0,0.0,0.0,11.397006414825373,0.03038148843026892,21.550489765790207,37.060513585837796,4.50381425891182,0.20214079868258542,0.0,0.0013635860591515857,0.07288224064254319,0.0,0.010595157953202174,50.613308813194024,1.0,0.25925925925925924,0.41919134812200143,1.8079092392471443,0.0,-0.012139844704583973,0.2300810263335584,0.0,0.41919134812200143,1.8079092392471443,0.0,Insurance—Property & Casualty,Financial Services,KNSL
2017Q4,2017,Q4,2018-03-01,2017-12-31,5924000.0,50742000.0,0.0,0.27,50742000.0,1.0,667849000.0,238189000.0,580857000.0,0.0,429660000.0,0.0,73502000.0,946485000.0,864738000.0,11.324537631341226,0.0,0.0,0.0,0.0,11.324537631341226,0.02487100579791678,18.65289109613338,39.942817353139766,3.973672167900281,0.21303173531397704,0.0,0.00133335446414893,0.07597825256906876,0.0,0.008870268578675719,74.08884540117417,1.0,0.35000000000000003,0.2827740457746615,1.0747639029360343,1.0930702373894297,0.06068270657831477,0.4101404427517258,0.0,0.2827740457746615,1.0747639029360343,1.0930702373894297,Insurance—Property & Casualty,Financial Services,KNSL
2017Q3,2017,Q3,2017-11-02,2017-09-30,4201000.0,47839000.0,0.0,0.2,47839000.0,1.0,662994000.0,231758000.0,558599000.0,0.0,431236000.0,0.0,68840000.0,906354150.0,809670150.0,11.03872350559657,0.0,0.0,0.0,0.0,11.03872350559657,0.01812666660913539,18.94592591818391,53.93680968816949,3.9107782687113284,0.30016662699357294,0.0,0.0013912883832440113,0.07215600744501459,0.0,0.0063364072676374145,38.20410343955488,1.0,-0.5,-0.2941219893491913,1.408827276502928,0.0,0.05122176320646919,-0.5054738081224249,0.0,-0.2941219893491913,1.408827276502928,0.0,Insurance—Property & Casualty,Financial Services,KNSL
2017Q2,2017,Q2,2017-08-03,2017-06-30,8495000.0,45508000.0,0.0,0.4,45508000.0,1.0,622966000.0,226045000.0,110433000.0,0.0,396921000.0,0.0,65900000.0,782353390.0,688923390.0,10.779960894654012,0.0,0.0,0.0,0.0,10.779960894654012,0.03758101263022849,17.19155730860508,23.023937316068277,3.4610515162910045,0.14808711006474395,0.0,0.0016079690023456023,0.07305053566326253,0.0,0.013636378229309465,30.918170644957318,1.0,0.37931034482758635,0.28535047651671425,1.4476852472225825,0.0,0.06608569353667393,0.3524916414583665,0.0,0.28535047651671425,1.4476852472225825,0.0,Insurance—Property & Casualty,Financial Services,KNSL
2017Q1,2017,Q1,2017-05-04,2017-03-31,6281000.0,42687000.0,0.0,0.29,42687000.0,1.0,594455000.0,216471000.0,498223000.0,0.0,377984000.0,0.0,58663000.0,671846760.0,596290760.0,10.323382135533407,0.0,0.0,0.0,0.0,10.323382135533407,0.02901543393803327,15.738907864220957,26.741233879955423,3.1036340202613744,0.20028657857029136,0.0,0.001872450795178353,0.07180863143551657,0.0,0.010565980604082731,43.58113388687078,1.0,-0.09375000000000008,0.22769981148126955,1.3998652686915825,0.0,0.05783956583153669,-0.08586814146412458,0.0,0.22769981148126955,1.3998652686915825,0.0,Insurance—Property & Casualty,Financial Services,KNSL
2016Q4,2016,Q4,2017-03-16,2016-12-31,6871000.0,40353000.0,0.0,0.32,40353000.0,1.0,614389000.0,210214000.0,67736000.0,0.0,404175000.0,0.0,53640000.0,713155690.0,662403690.0,10.024989269874578,0.0,0.0,0.0,0.0,10.024989269874578,0.03268573929424301,17.672928654622954,25.94803121816329,3.392522334383057,0.1526706447387571,0.0,0.0014709270566150851,0.06567988684693248,0.0,0.011183468454025056,42.076564399079594,1.0,-0.16883116883116883,0.49237706156898126,0.6550092751709178,0.8528797690469362,0.15730755994034645,-0.1391881733901278,0.0,0.49237706156898126,0.6550092751709178,0.8528797690469362,Insurance—Property & Casualty,Financial Services,KNSL
2016Q3,2016,Q3,2016-11-10,2016-09-30,7982000.0,34868000.0,0.0,0.385,34868000.0,1.0,663271000.0,209884000.0,119494000.0,0.0,453387000.0,0.0,47818000.0,454436554.0,377902554.0,10.160819941434553,0.0,0.041043555349171,0.12970497989365554,0.0,10.160819941434553,0.0380305311505403,13.033054778019961,14.233166938110749,2.165179594442644,0.0,0.0,0.0,0.052569764093409785,0.0,0.01203429669019149,22.74115768403143,1.0,0.3328348184921311,0.3631824833496888,0.7844973471264037,0.0,0.03539612780615275,0.3178140993891365,0.0,0.3631824833496888,0.7844973471264037,0.0,Insurance—Property & Casualty,Financial Services,KNSL
2016Q2,2016,Q2,2016-09-07,2016-06-30,6057000.0,33676000.0,0.0,0.288858,33676000.0,1.0,563592000.0,129825000.0,0.0,0.0,433767000.0,0.0,40884000.0,384776562.5,392223562.5,6.191356184798808,0.0,0.05266753254127099,0.22863855189678414,0.0,6.191356184798808,0.046655112651646444,11.425839247535336,15.88148268532277,2.963809455035625,0.0,0.0,0.0,0.05975244503115729,0.0,0.010747136226206192,19.051174060504035,1.0,0.15082868525896415,-0.08352434875352886,0.8113129809388715,0.0,0.029280518369093466,0.15217804831653034,0.0,-0.08352434875352886,0.8113129809388715,0.0,Insurance—Property & Casualty,Financial Services,KNSL
2016Q1,2016,Q1,2016-03-31,2016-03-31,5257000.0,32718000.0,0.0,0.251,32718000.0,1.0,530192000.0,120841000.0,0.0,0.0,409351000.0,0.0,34827000.0,384775773.45000005,388438773.45000005,5.762920908761804,0.0,0.05590993451428916,0.24530581507931912,0.0,5.762920908761804,0.04350344667786596,11.760369626810931,18.298258200970135,3.184149199774911,0.0,0.0,0.0,0.061709720252285966,0.0,0.00991527597549567,23.978050317816418,1.0,0.1431679967419635,0.02756059421422991,0.8394332939787486,0.0,0.3418915593470593,0.14183318853171156,0.0,0.02756059421422991,0.8394332939787486,0.0,Insurance—Property & Casualty,Financial Services,KNSL
2015Q4,2015,Q4,2015-12-31,2015-12-31,4604000.0,24382000.0,0.0,0.21956527887008007,24382000.0,1.0,545278000.0,113451000.0,0.0,0.0,431827000.0,0.0,29570000.0,384775773.45000005,389834773.45000005,5.410490975909959,0.0,0.054289738445343474,0.26093203233113854,0.0,5.410490975909959,0.040581396373764886,15.781140737019115,20.89355850619027,3.3915591175926174,0.0,0.0,0.0,0.04471480602555027,0.0,0.008443399513642582,19.011600051880038,1.0,-0.2254373342149784,0.0,0.0,0.0,0.22924124023191328,-0.22543741588156124,0.0,0.0,0.0,0.0,Insurance—Property & Casualty,Financial Services,KNSL
2015Q3,2015,Q3,2015-09-30,2015-09-30,5944000.0,19835000.0,0.0,0.28347,19835000.0,1.0,,,,,,,,384775773.45000005,,,0.0,0.0,0.0,0.0,,0.0,19.398829011847745,16.183368667984524,0.0,0.0,0.0,0.0,0.0,0.0,0.0,16.16704930462185,1.0,-0.10062058987765882,0.0,0.0,0.0,0.0668567125645439,-0.10062036616734756,0.0,0.0,0.0,0.0,Insurance—Property & Casualty,Financial Services,KNSL
2015Q2,2015,Q2,2015-06-30,2015-06-30,6609000.0,18592000.0,0.0,0.315184,18592000.0,1.0,,,,,,,,384775773.45000005,,,0.0,0.0,0.0,0.0,,0.0,20.695770947181586,14.55499218679074,0.0,0.0,0.0,0.0,0.0,0.0,0.0,20.01434452275683,1.0,0.29182770930761576,0.0,0.0,0.0,0.045257772530499805,0.2918295543393276,0.0,0.0,0.0,0.0,Insurance—Property & Casualty,Financial Services,KNSL
2015Q1,2015,Q1,2015-03-31,2015-03-31,5116000.0,17787000.0,0.0,0.243983,17787000.0,1.0,,,,,,,,384775773.45000005,,,0.0,0.0,0.0,0.0,,0.0,21.632415441052455,18.802569070074277,0.0,0.0,0.0,0.0,0.0,0.0,0.0,25.30254313474058,1.0,0.0,0.0,0.0,0.0,0.0,0.0,0.0,0.0,0.0,0.0,Insurance—Property & Casualty,Financial Services,KNSL
