Quarters,Year,Quarter,FillingDate,Date,NetIncome,Revenue,OperatingIncome,EPSDiluted,GrossProfit,GrossProfitRatio,TotalAssets,CommonStockEquity,CurrentAssets,CurrentLiability,TotalLiability,Inventory,RetainedEarnings,MarketCap,EnterpriseValue,bookValuePerShare,currentRatio,debtToAssets,debtToEquity,roic,shareholdersEquityPerShare,roe,priceToSalesRatio,peRatio,pbRatio,payoutRatio,inventoryTurnover,dividendYield,assetTurnover,quickRatio,returnOnAssets,priceToFreeCashFlowsRatio,grossProfitMargin,epsdilutedGrowth,fiveYNetIncomeGrowthPerShare,fiveYRevenueGrowthPerShare,fiveYShareholdersEquityGrowthPerShare,grossProfitGrowth,netIncomeGrowth,operatingIncomeGrowth,threeYNetIncomeGrowthPerShare,threeYRevenueGrowthPerShare,threeYShareholdersEquityGrowthPerShare,Industry,Sector,Symbol
2023Q4,2023,Q4,2023-05-17,2023-03-31,41495000.0,960077000.0,75048000.0,0.26,343864000.0,0.358162939,3560753000.0,2257560000.0,2605174000.0,1050107000.0,1303193000.0,682893000.0,3177575000.0,9293838380.0,8215831380.0,14.10331536236592,2.4808652832520877,0.01994409609428118,0.031456971243289215,0.024629809090281677,14.10331536236592,0.01838046386364039,9.680305204686707,55.99372442462947,4.116762513510162,0.0,0.9023565917354549,0.0,0.2696275197970766,1.6944987510796519,0.011653433978711806,48.00238817841869,0.35816293901426655,-0.6976744186046512,0.23851670685074386,0.6641290225179867,1.2066564302303786,-0.2795159113956938,-0.7039307043017274,-0.5753882712382246,-0.7972801501615747,0.4146853062252461,0.5842303916892022,Computer Hardware,Technology,LOGI
2023Q3,2023,Q3,2023-01-26,2022-12-31,140153000.0,1269925000.0,176745000.0,0.86,477268000.0,0.3758237691,3739246000.0,2258666000.0,2761349000.0,1197057000.0,1480580000.0,797695000.0,3136080000.0,10037439000.0,9074299000.0,14.007752226439433,2.3067815484141523,0.019520245525434805,0.03231597766115043,0.05634868958047156,14.007752226439433,0.06205122846848538,7.9039620450026575,17.9044312287286,4.443967811088492,0.0,0.993684302897724,0.0,0.3396206080049293,1.5359051406908777,0.03748162062619041,39.182267452073404,0.37582376912022364,0.72,0.7674726888209317,0.5930424138961302,1.2842166956782957,0.08771593965085009,0.7072882532798968,0.387312501471731,0.23557425672912782,0.45759744222431575,0.8031975131670851,Computer Hardware,Technology,LOGI
2023Q2,2023,Q2,2022-10-27,2022-09-30,82091000.0,1148951000.0,127401000.0,0.5,438780000.0,0.3818961818,3644899000.0,2168561000.0,2658135000.0,1210184000.0,1476338000.0,879979000.0,2995927000.0,7506556000.0,6717992000.0,13.288891203902296,2.1964717761927113,0.021931197544842806,0.03686177146965199,0.04258965706317711,13.288891203902296,0.03785505687873202,6.533399596675577,22.860471915313493,3.4615378585153933,1.932976818408839,0.8070317587124238,0.021138855155413482,0.31522162891207683,1.3561838530339188,0.022522160422003463,159.36471137719465,0.38189618182150503,-0.180327868852459,0.4649357734135704,0.827006902702629,1.3659036860006883,-0.045306492777462286,-0.18589591019080487,0.10323955004806068,0.1495428382453679,0.6304561670646813,0.896944752778511,Computer Hardware,Technology,LOGI
2023Q1,2023,Q1,2022-07-28,2022-06-30,100836000.0,1159865000.0,115479000.0,0.61,459603000.0,0.3962555987,3829712000.0,2362358000.0,2857588000.0,1252767000.0,1467354000.0,917356000.0,3076517000.0,8573188740.0,7508525740.0,14.345229203480711,2.281021131623039,0.010965315407529338,0.01777630655472202,0.03884009998015781,14.345229203480711,0.04268447034700075,7.391540170623306,21.255277728192315,3.629081087625161,0.0,0.7633481440138834,0.0,0.30285958839724764,1.4476299263949322,0.026329917236596383,-155.2242171968641,0.39625559871191907,-0.04687500000000004,1.7037352623712168,1.1717421512267259,1.466607531692064,-0.0694543709645743,-0.0681022133912481,-0.1032080702653589,1.2456675034211897,0.818147530102232,0.9912959957707789,Computer Hardware,Technology,LOGI
2022Q4,2022,Q4,2022-05-18,2022-03-31,108205000.0,1229994000.0,128769000.0,0.64,493907000.0,0.4015523653,4035405000.0,2398738000.0,3072922000.0,1421154000.0,1636667000.0,933124000.0,2975681000.0,12239954440.0,10953135440.0,14.459113431144438,2.162272350498257,0.010382353196271501,0.017466267679087922,0.0426097295807006,14.459113431144438,0.045109136554304805,9.951231014135029,28.279549096622155,5.102664167574783,0.0,0.7888415687518486,0.0,0.30480063339367425,1.410346802668817,0.02681391334946554,165.0390275605415,0.4015523652960909,-0.48387096774193544,1.6804712054888713,1.3528732379337791,1.7364546600316024,-0.249392866369812,-0.4847650837337092,-0.5040364513122318,1.5670194665152584,0.9687229263635073,1.0376558017386148,Computer Hardware,Technology,LOGI
2022Q3,2022,Q3,2022-01-27,2021-12-31,210011000.0,1632782000.0,259634000.0,1.24,658010000.0,0.4029992981,4161597000.0,2367942000.0,3189782000.0,1552676000.0,1793655000.0,834534000.0,2867476000.0,13781583200.0,12458219200.0,14.17165599377581,2.054377088330083,0.009863280851077122,0.017334461739350035,0.08580939537124191,14.17165599377581,0.08868924999007577,8.44055311731756,16.4057873159025,5.8200678901763645,0.0,1.168043482949766,0.0,0.3923450540741932,1.4601829357831253,0.050464040607487944,38.27345771240995,0.4029992981304302,0.5308641975308641,1.0887970613432219,1.3740839998588787,1.864358179055053,0.2136755920267521,0.5059301858650758,0.4471464960342454,0.8462259010062319,0.8733109457667794,1.0743463403557039,Computer Hardware,Technology,LOGI
2022Q2,2022,Q2,2021-10-28,2021-09-30,139456000.0,1306267000.0,179411000.0,0.81,542163000.0,0.41504761277747965,3856164000.0,2262683000.0,2859811000.0,1370598000.0,1593481000.0,827710000.0,2657465000.0,14843490350.000002,13749888350.000002,13.437237586778235,2.0865425164782088,0.01133094961728806,0.019310703266873883,0.06157262777932443,13.437237586778235,0.06163302592541686,11.363289702641191,26.609630188016293,6.560128108975053,1.143084557136301,0.9231542448442087,0.010739387855633293,0.33874778147402446,1.4189069296759516,0.03616443698971309,-173.41336452637975,0.41504761277747965,-0.25688073394495414,1.855747234847327,1.230051334354412,2.0442905725179794,-0.04704126722983305,-0.25361135939114005,-0.11655447826236821,1.1374198760746907,0.8590344620146559,1.198862695667974,Computer Hardware,Technology,LOGI
2022Q1,2022,Q1,2021-07-29,2021-06-30,186841000.0,1312058000.0,203081000.0,1.09,568926000.0,0.4336134530638127,3995493000.0,2372491000.0,2980354000.0,1412330000.0,1623002000.0,778596000.0,2677419000.0,20359542240.0,18897812240.0,14.090769249043785,2.1102391084236687,0.009007899650931687,0.015170131309244165,0.07327649115946973,14.090769249043785,0.07875309116030367,15.517257804151951,27.24180217404103,8.581504519932846,0.0,0.9544513457556936,0.0,0.3283845072435366,1.4994555096896618,0.04676294014280591,-145.96328066301513,0.4336134530638127,-0.1679389312977099,7.1999136234971886,1.6328636938287018,2.0102466904910514,-0.2001254096551375,-0.17234337554873375,-0.3117811320243187,3.7691699697004726,1.1171633649585528,1.2074594886039187,Computer Hardware,Technology,LOGI
2021Q4,2021,Q4,2021-05-12,2021-03-31,225747000.0,1535925000.0,295082000.0,1.31,711269000.0,0.46308836694500055,4142378000.0,2261789000.0,3159318000.0,1681850000.0,1880589000.0,661116000.0,2490578000.0,17632703000.0,15916796000.0,13.404465015942252,1.8784778666349555,0.008309236868291594,0.01521804200126537,0.10065052387694413,13.404465015942252,0.09980904496396437,11.480184904861892,19.52706237513677,7.79590978645665,0.0,1.2473695992836356,0.0,0.3707834002594645,1.4449933109373607,0.05449695802749049,35.25179880566102,0.46308836694500055,-0.40990990990990994,6.583907447447172,2.436849530497307,1.869298594914839,-0.05038784528911496,-0.40984725101497166,-0.3414274331957783,5.392100143224214,1.525610769825415,1.0973117427521704,Computer Hardware,Technology,LOGI
2021Q3,2021,Q3,2021-01-21,2020-12-31,382523000.0,1667302000.0,448063000.0,2.22,749010000.0,0.44923475171264715,3812946000.0,2101767000.0,2878223000.0,1516359000.0,1711179000.0,476802000.0,2264831000.0,16429969500.0,15076383500.0,12.432812777284827,1.8981144966330532,0.009220429557617654,0.016727353698102597,0.17347853110009884,12.432812777284827,0.18200066896092668,9.854225269327332,10.73789647942738,7.817217369955851,0.0,1.9259399079701847,0.0,0.43727396086910225,1.5460890198165473,0.10032216559059583,32.12046173005077,0.44923475171264715,0.42307692307692313,4.655351370070439,1.5831941460243117,1.7443438483527225,0.31469152553082813,0.43313202005140233,0.3934343638529263,3.601254494389986,0.994949585886522,1.027394407113604,Computer Hardware,Technology,LOGI
2021Q2,2021,Q2,2020-10-22,2020-09-30,266914000.0,1257158000.0,321553000.0,1.56,569723000.0,0.45318329120126505,3095869000.0,1705963000.0,2157431000.0,1204850000.0,1389906000.0,394708000.0,1882308000.0,13037944950.0,12156608950.0,10.115704586557563,1.790622069137237,0.011591252730654948,0.0210350400331074,0.14937085867293068,10.115704586557563,0.1564594308317355,10.370967650844205,12.211746995286871,7.64257193737496,0.5496339644979281,1.7416292550442352,0.01125215672888694,0.4060759676846792,1.4191243723285056,0.08621618033579587,49.34764899358834,0.45318329120126505,2.714285714285715,13.300423408849886,1.2578299679407894,1.472550365217968,0.8634658345680708,2.7033840689301125,2.8543037625708703,3.608969345010676,0.9343629778184975,0.8009616002276189,Computer Hardware,Technology,LOGI
2021Q1,2021,Q1,2020-07-23,2020-06-30,72073000.0,791894000.0,83427000.0,0.42,305733000.0,0.38607818723212955,2613706000.0,1567481000.0,1663351000.0,874519000.0,1046225000.0,271180000.0,1762099000.0,10931654640.0,10158289640.0,9.351842350189724,1.9020181379707015,0.013785024023359934,0.02298592455028163,0.04260640272537751,9.351842350189724,0.04598014266201632,13.80444180660543,37.918688829381324,6.974026887726231,0.0,1.7927612655800576,0.0,0.3029774580614652,1.5381232426053637,0.027575021827244535,102.60707008701038,0.38607818723212955,-0.6666666666666667,8.507217027905979,0.6517799683755569,1.0063891890378964,0.10422355133706063,-0.6630843305908751,1.5953336444237052,0.8986908966960956,0.4568035212568364,0.6080136782044413,Computer Hardware,Technology,LOGI
2020Q4,2020,Q4,2020-05-27,2020-03-31,213920000.0,709248000.0,32145000.0,1.26,276876000.0,0.39037966973470495,2363474000.0,1489268000.0,1414478000.0,714144000.0,874206000.0,229249000.0,1690579000.0,7181759700.0,6496674700.0,8.902313348078188,1.9806621633732133,0.0128966935959524,0.020467101958814665,0.06326145303162094,8.902313348078188,0.1436410370732467,10.125879382106119,8.393043778047868,4.822342049919826,0.0,1.886036580312237,0.0,0.3000870752121665,1.6018127996594524,0.09051083278259037,79.7716258094614,0.39037966973470495,0.8260869565217392,2.9230039336956404,0.49102913986519897,0.9294995700533941,-0.1721527389498674,0.8202084662837694,-0.7504812618374888,4.255165237117808,0.3454415210002756,0.6848043251350261,Computer Hardware,Technology,LOGI
2020Q3,2020,Q3,2020-01-23,2019-12-31,117525000.0,902687000.0,128828000.0,0.69,334453000.0,0.37050827141633813,2346391000.0,1297793000.0,1573388000.0,892968000.0,1048598000.0,307494000.0,1476659000.0,7878691079.999999,7255693079.999999,7.768285018226657,1.7619757930855304,0.014084609086891315,0.025464769805354167,0.084103464888766,7.768285018226657,0.0905575850694217,8.728043142307355,16.759606636885767,6.0708380149993095,0.0,1.847951504744808,0.0,0.3847129485239246,1.3706381415683428,0.05008756000172179,46.19307621951219,0.37050827141633813,0.6046511627906975,0.8323414520614016,0.3932637546449022,0.42591872378889545,0.22926314706185036,0.6114104726255605,0.8929983101902873,0.16910804196166135,0.312729510019735,0.5701164873717695,Computer Hardware,Technology,LOGI
2020Q2,2020,Q2,2019-10-24,2019-09-30,72933000.0,719691000.0,68055000.0,0.43,272076000.0,0.37804557789384613,2156320000.0,1167537000.0,1458377000.0,836006000.0,988783000.0,338314000.0,1359134000.0,6789809880.0,6251282880.0,7.005418151708247,1.7444575756633325,0.016665893744898717,0.03078018084223455,0.05693735368623462,7.005418151708247,0.0624673993201072,9.434340404423565,23.274134753815147,5.8154986779862226,1.7026586044725982,1.323075604320247,0.01828917189062737,0.3337589040587668,1.2877646811147287,0.03382290198115308,69.46026004849055,0.37804557789384613,0.5925925925925924,0.9792496982932979,0.3291647881334215,0.30780582036863174,0.13850763256561327,0.6084022494211049,0.4337329091790086,0.508980985785808,0.24138389044390524,0.5871214822290777,Computer Hardware,Technology,LOGI
2020Q1,2020,Q1,2019-07-25,2019-06-30,45345000.0,644225000.0,47467000.0,0.27,238976000.0,0.37095114284605535,2087701000.0,1198034000.0,1381706000.0,733423000.0,889667000.0,297007000.0,1410381000.0,6790110660.0,6231328660.0,7.203966278216738,1.8839141941280817,0.01828518547435672,0.03186387030752049,0.0325546644649783,7.203966278216738,0.03784951011407022,10.539967651053592,37.435828977836586,5.667711150100915,0.0,1.3644425888952112,0.0,0.3085810659668219,1.4326807313105807,0.021720064319555338,249.85688327936415,0.37095114284605535,0.08000000000000007,1.2589920158602408,0.3095731728889248,0.4102577985856589,0.02575812855456594,0.07654139265449539,0.12409122125654203,1.0148322759996966,0.30883624988599906,0.5390015452053968,Computer Hardware,Technology,LOGI
2019Q4,2019,Q4,2019-03-31,2019-03-31,42121000.0,624308000.0,42227000.0,0.25,232975000.0,0.373173177341953,2024124000.0,1176339000.0,1350436000.0,717819000.0,847785000.0,293495000.0,1365036000.0,6574676159.999999,5970160159.999999,7.095954782356915,1.8813043399519935,0.0,0.0,0.03331459185535135,7.095954782356915,0.035806854996731384,10.531141936351927,39.02255502006125,5.589099876821222,0.0,1.3333549123494437,0.0,0.3084336730358417,1.4239606363163972,0.020809495860925516,272.6723689449237,0.373173177341953,-0.6268656716417911,2.9793794262407025,0.2446820154394629,0.43180456744612955,-0.2809014081029193,-0.6266199804981828,-0.6577595150100499,0.44029235552911644,0.42190425867569104,0.5189276903166818,Computer Hardware,Technology,LOGI
2019Q3,2019,Q3,2018-12-31,2018-12-31,112810000.0,864388000.0,123384000.0,0.67,323982000.0,0.3748108488317746,2165773000.0,1132088000.0,1483897000.0,914396000.0,1033685000.0,342031000.0,1322915000.0,5183314960.0,4598826960.0,6.831865883758683,1.6228165914986505,0.0,0.0,0.10067995633804862,6.831865883758683,0.09964773056511508,5.9965142505448945,11.486825104157433,4.578544212110719,0.0,1.5799912873394517,0.0,0.3991129264239604,1.2077436909172832,0.052087637993455456,31.170897063510676,0.3748108488317746,0.7631578947368421,1.2579582346339222,0.33647878538039033,0.4364608135391729,0.2649765536844489,0.7578222388431812,0.8943683596388872,0.7014686809775167,0.36623631889993613,0.5080247283317111,Computer Hardware,Technology,LOGI
2019Q2,2019,Q2,2018-09-30,2018-09-30,64176000.0,691146000.0,65132000.0,0.38,256117000.0,0.37056859187494395,2006207000.0,1012164000.0,1313825000.0,875179000.0,994043000.0,358774000.0,1210105000.0,7400348400.0,6975398400.0,6.110994385075167,1.5012071816165606,0.0,0.0,0.05867769975227488,6.110994385075167,0.06340474468564383,10.707359081872715,28.828333021690355,7.3114123798119675,1.7759131139366742,1.212543272366448,0.01540076140199021,0.3445038323562823,1.0503405589028074,0.031988722998175165,98.25993042462225,0.37056859187494395,0.6521739130434782,3.3049419887882654,0.25480965851352616,0.3799606732684871,0.14370113022859107,0.6683824676337545,1.007087609010508,2.5009398976637165,0.2638794032849673,0.4936914447602009,Computer Hardware,Technology,LOGI
2019Q1,2019,Q1,2018-06-30,2018-06-30,38466000.0,608480000.0,32451000.0,0.23,223937000.0,0.36802688666841965,1899485000.0,1055260000.0,1324866000.0,728177000.0,844225000.0,272662000.0,1259900000.0,7257416300.0,6653300300.0,6.38325157122377,1.8194285180663492,0.0,0.0,0.03557681351916363,6.38325157122377,0.03645168015465383,11.92712381672364,47.167734492798836,6.877372685404545,0.0,1.4103285386302455,0.0,0.32033946043269623,1.3963967551845224,0.02025075217756392,2051.276512153759,0.36802688666841965,0.15,34.537389844320764,0.22681838489242884,0.4120315345152634,0.05513699436944896,0.11806766655040112,-0.17019970849208582,4.1445267316479555,0.28682367755914234,0.3694934606283983,Computer Hardware,Technology,LOGI
2018Q4,2018,Q4,2018-05-21,2018-03-31,34404000.0,592426000.0,39107000.0,0.2,212235000.0,0.35824727476511836,1743157000.0,1050557000.0,1173100000.0,575720000.0,692600000.0,259906000.0,1232316000.0,6037457019.999999,5395510019.999999,6.391260174966844,2.0376224553602444,0.0,0.0,0.03247513473299173,6.391260174966844,0.0327483420699686,10.19107368684021,43.87176650970817,5.746910467494862,0.0,1.4628019360845845,0.0,0.3398580850720847,1.5394792607517542,0.019736604333401984,77.3814695855015,0.35824727476511836,-0.5833333333333333,1.9249808609138541,0.21946467630054134,0.38256742491527584,-0.22991933991531235,-0.5740655912247905,-0.6099558162033851,1.3147564070158808,0.2675321364982477,0.38525047114412075,Computer Hardware,Technology,LOGI
2018Q3,2018,Q3,2018-01-25,2017-12-31,80773000.0,812021000.0,100263000.0,0.48,275601000.0,0.33940132090179936,1830824000.0,1007236000.0,1253150000.0,707174000.0,823588000.0,278979000.0,1197912000.0,5525302720.0,4960414720.0,6.132409527056646,1.772053271189269,0.0,0.0,0.07975522234893241,6.132409527056646,0.08019272543872538,6.804384024551089,17.101329404627784,5.485608854330067,0.0,1.9227970564092638,0.0,0.44352761379575534,1.3380879387534044,0.044118386038199196,31.00984246179404,0.33940132090179936,0.4117647058823528,1.3978383955708429,0.2688009648352117,0.27829083704503005,0.2101722601070533,0.4332126761063203,0.7011605415860735,0.28092159048580895,0.2748045296216889,0.12564324636065277,Computer Hardware,Technology,LOGI
2018Q2,2018,Q2,2017-11-01,2017-09-30,56358000.0,632470000.0,58938000.0,0.34,227737000.0,0.3600755767071956,1652118000.0,921835000.0,1061619000.0,616139000.0,730283000.0,330422000.0,1117139000.0,5983815200.0,5584967200.0,5.616835242505484,1.7230186694885408,0.0,0.0,0.05961250775610835,5.616835242505484,0.06113675440832687,9.461026135626986,26.543770183469963,6.491199835111489,1.8497462649490755,1.2248972526042454,0.01742166101653674,0.3828237450351609,1.1477426359960983,0.03411257549400224,97.72685284991017,0.3600755767071956,0.5454545454545455,-0.019003540451882357,0.10283360420244364,-0.06967866476450886,0.17591445153561766,0.5229010727700165,0.8755131264916468,0.5531276913735644,0.18617227042304776,0.04857835222999446,Computer Hardware,Technology,LOGI
2018Q1,2018,Q1,2017-07-27,2017-06-30,37007000.0,529946000.0,31425000.0,0.22,193668000.0,0.36544855513580626,1587479000.0,950338000.0,1071077000.0,517781000.0,637141000.0,279405000.0,1165029000.0,5990500619.999999,5462843619.999999,5.81577288610647,2.0685907748642767,0.0,0.0,0.0387608000873483,5.81577288610647,0.03894088208616303,11.303983085069042,40.46869930013241,6.303547390507378,0.0,1.2035504017465686,0.0,0.333828667969781,1.489857681143186,0.023311804439617785,-548.6811339073089,0.36544855513580626,0.46666666666666673,1.6980806534422697,0.11239754289579766,-0.06885044685204471,-0.020785826604442333,-0.061331642358909325,-0.1347265818602346,0.8762728108432546,0.09635355579906965,0.13850325649565975,Computer Hardware,Technology,LOGI
2017Q4,2017,Q4,2017-05-26,2017-03-31,39425000.0,510552000.0,36318000.0,0.15,197779000.0,0.3873826760055783,1498677000.0,856111000.0,1027845000.0,507078000.0,642566000.0,253401000.0,1074110000.0,5163673010.0,4616140010.0,5.28388562117724,2.026995846792801,0.0,0.0,0.04373552141160307,5.28388562117724,0.04605127138887364,10.113902227393096,32.743646227013315,6.031546154645835,0.0,1.2343005749779994,0.0,0.34066846959017855,1.4905872469324246,0.02630653569781881,143.41145947897573,0.3873826760055783,-0.7457627118644067,0.48392719899185266,0.021813889638637566,-0.20758321981821726,-0.1985062590420768,-0.595495819011953,-0.6227720304125639,2.8109510114834975,0.041464529546820485,0.06616964148010401,Computer Hardware,Technology,LOGI
2017Q3,2017,Q3,2017-02-06,2016-12-31,97465000.0,666707000.0,96276000.0,0.59,246763000.0,0.3701221076124894,1554836000.0,801395000.0,1084880000.0,606159000.0,753441000.0,250286000.0,1034685000.0,4012170290.0,3498592290.0,4.947585150978226,1.7897614322314772,0.0,0.0,0.11813915411427992,4.947585150978226,0.12161917656087198,6.017891352573169,10.291310444775048,5.006482808103369,0.0,1.6778565321272465,0.0,0.42879570578504744,1.34039418700374,0.0626850677499106,29.090561847447795,0.3701221076124894,1.1071428571428568,0.8813290135059938,-0.0035059332626740116,-0.28937915305138706,0.19282361642166934,1.0717398235731745,0.8025500365093333,0.995742455464165,0.05457108408421857,0.040273962040726384,Computer Hardware,Technology,LOGI
2017Q2,2017,Q2,2016-10-27,2016-09-30,47045000.0,564304000.0,53411000.0,0.28,206873000.0,0.3665985000992373,1416260000.0,716034000.0,944118000.0,547453000.0,700226000.0,268110000.0,937220000.0,3643506120.0,3248305120.0,4.41391426563598,1.7245644831611115,0.0,0.0,0.06666703763982326,4.41391426563598,0.06570218732630015,6.456637060874989,19.36181379530237,5.088454067823595,1.9788075247103836,1.3331505725262018,0.02555038935957654,0.3984466129100589,1.2000865827751424,0.03321777074830893,54.06116268027776,0.3665985000992373,1.153846153846154,1.9404010326227648,0.04426689342154653,-0.3207188414582983,0.22681555631990322,1.1441593364021694,1.0657899825952426,2.2220878864569653,0.046045157126753576,-0.003267272404557256,Computer Hardware,Technology,LOGI
2017Q1,2017,Q1,2016-07-29,2016-06-30,21941000.0,479864000.0,25855000.0,0.13,168626000.0,0.35140373105713285,1384954000.0,758920000.0,916678000.0,459981000.0,626034000.0,247792000.0,983268000.0,2639476400.0,2199365400.0,4.68093505211867,1.9928605746759105,0.0,0.0,0.029901962862768756,4.68093505211867,0.028910820639856637,5.500467632495874,30.07470489038786,3.477937595530491,0.0,1.2560453929101827,0.0,0.346483709928272,1.4211913100758509,0.015842403430005616,471.1667975722956,0.35140373105713285,-0.23529411764705885,1.8197259243948525,0.10476547873701116,-0.29241408751504144,0.1866713581984518,-0.2354253057810921,1.496861419604056,19.668980214792775,-0.013479145904899677,0.035464109609303754,Computer Hardware,Technology,LOGI
2016Q4,2016,Q4,2016-05-23,2016-03-31,28697000.0,430841000.0,10355000.0,0.17,142100000.0,0.3298200496238752,1324147000.0,759948000.0,926247000.0,414930000.0,564199000.0,228786000.0,963576000.0,2588095610.0,2068900610.0,4.671687024730899,2.232297013954161,0.0,0.0,0.01767402077426681,4.671687024730899,0.03776179422802613,6.007078272494957,22.546743649161936,3.4056219767668314,0.0,1.2620571188796517,0.0,0.32537248507907357,1.6497843009664281,0.021672065110595728,99.18735331314912,0.3298200496238752,-0.5641025641025641,10.445126898784425,-0.12895039767959657,-0.3017675228866741,-0.3184554214209317,-0.5590910487662477,-0.8488652119973729,1.7796205761341857,-0.10386151835961963,0.010586664127753557,Computer Hardware,Technology,LOGI
2016Q3,2016,Q3,2016-01-22,2015-12-31,65086000.0,621079000.0,68515000.0,0.39,208497000.0,0.33570125539585144,1509883000.0,736946000.0,1129763000.0,609642000.0,772937000.0,239962000.0,934879000.0,2451421830.0,1946339830.0,4.530340753308867,1.85315808294048,0.0,0.0,0.09104204203353092,4.530340753308867,0.08831854708486103,3.9470370596977196,9.416087292198014,3.326460595484608,0.0,1.7193638992840532,0.0,0.4113424682574743,1.3359463422795674,0.0431066513100684,16.728458940099085,0.33570125539585144,2.545454545454546,0.09093946924168868,-0.1026038770208766,-0.31923414594899263,0.12088532398621588,2.5965077084599657,1.667094865506637,1.32368558306545,-0.02013018910480183,-0.05565780496301324,Computer Hardware,Technology,LOGI
2016Q2,2016,Q2,2015-10-23,2015-09-30,18097000.0,539862000.0,25689000.0,0.11,186011000.0,0.344552867214214,1429775000.0,668973000.0,1042062000.0,588374000.0,760802000.0,328054000.0,869793000.0,2143681650.0,1777907650.0,4.091202641959454,1.771087777502065,0.0,0.0,0.027685614767379515,4.091202641959454,0.02705191390384963,3.970795592206897,29.613770928883238,3.204436726145898,4.747471956677902,1.078636444000073,0.04007824576004558,0.3775852843978948,1.1322152236502632,0.012657236278435418,-408.3203142857143,0.344552867214214,1.7500000000000002,-0.5257894090665565,0.0006596146469860583,-0.33810385949913146,0.08316591839467999,1.4333736721796424,2.6856527977044475,-0.6838287594461574,-0.05516335377151416,-0.3223705271282093,Computer Hardware,Technology,LOGI
2016Q1,2016,Q1,2015-07-24,2015-06-30,7437000.0,470320000.0,6970000.0,0.04,171729000.0,0.3651322503827181,1498047000.0,766418000.0,1114625000.0,554301000.0,731629000.0,327507000.0,937611000.0,2410558460.0,1918330460.0,4.66103107078349,2.010865937459972,0.0,0.0,0.011063956709482594,4.66103107078349,0.009703582118374047,5.1253581816635485,81.03262269732419,3.145226834442824,0.0,0.9117087573700715,0.0,0.31395543664517866,1.323028462874864,0.004964463731778776,-58.95371518012179,0.3651322503827181,-0.6,-0.5934189823875168,0.0472068188577728,-0.2038953305946294,0.09812384898710866,1.0680626355624296,1.06101724590738,1.1394140238894321,-0.01891009180733952,-0.25373341019951806,Computer Hardware,Technology,LOGI
2015Q4,2015,Q4,2015-06-05,2015-03-31,-109267000.0,467229000.0,-114230000.0,0.1,156384000.0,0.33470525160039294,1426680000.0,758134000.0,1052020000.0,494907000.0,668546000.0,270730000.0,930174000.0,2160794850.0,1623756850.0,4.613793900887907,2.125692301785992,0.0,0.0,-0.14634908189580403,4.613793900887907,-0.14412623625902546,4.624701912766545,-4.943841347341833,2.850148984216511,0.0,1.1481734569497286,0.0,0.32749390192615024,1.4876815240034997,-0.07658830291305689,69.48340246961219,0.33470525160039294,-0.736842105263158,-5.77727906433616,-0.047780813496640845,-0.18791153860656418,-0.3238413545310291,-2.7403637869520896,-2.7655878079693346,-5.055260883199962,-0.07795844018252492,-0.3080759180874582,Computer Hardware,Technology,LOGI
2015Q3,2015,Q3,2015-01-27,2014-12-31,62784000.0,634204000.0,64698000.0,0.38,231283000.0,0.36468234195936955,1638779000.0,890914000.0,1134832000.0,574985000.0,747865000.0,245740000.0,1043293000.0,2196248190.0,1679635190.0,5.44791571120202,1.973672356670174,0.0,0.0,0.07364975559796126,5.44791571120202,0.07047144842263114,3.462999586883716,8.745254324350153,2.465162956244935,0.6971043577981652,1.6396231789696427,0.019928075615169887,0.3869978807392577,1.4699653034426985,0.03831145017113351,33.005939045100014,0.36468234195936955,0.7272727272727273,0.18341023740297963,0.10583079623283499,-0.022969954931065895,0.12943284923185108,0.7396508728179552,0.5360034187222525,0.2003640897777125,-0.061105864841031296,-0.21751675642538676,Computer Hardware,Technology,LOGI
2015Q2,2015,Q2,2014-11-26,2014-09-30,36090000.0,530311000.0,42121000.0,0.22,204778000.0,0.3861469967622772,1573510000.0,874361000.0,1067320000.0,516719000.0,699149000.0,245237000.0,1032058000.0,2092608600.0,1613927600.0,5.35661949396557,2.065571422765565,0.0,0.0,0.04180184154869751,5.35661949396557,0.04127585745475839,3.9460026286462093,14.495764754779717,2.3933004788639933,0.0,1.3274220447974816,0.0,0.33702423244847507,1.4966238903543319,0.022935983883165662,108.84830169050716,0.3861469967622772,0.6923076923076923,0.9015073656378284,0.16359780820849099,0.046152208226717124,0.12668291582532337,0.834214271193332,0.8545702712222614,1.2417632563686782,-0.02469873533297044,-0.17564083107452017,Computer Hardware,Technology,LOGI
2015Q1,2015,Q1,2014-11-14,2014-06-30,19676000.0,482203000.0,22712000.0,0.13,181753000.0,0.3769221676347928,1515477000.0,832708000.0,1007778000.0,498571000.0,682769000.0,240357000.0,995968000.0,2124046360.0,1654304360.0,5.108261968444041,2.0213329696271947,0.0,0.0,0.023566673295157284,5.108261968444041,0.02362893114993491,4.404880019410912,26.987781561292945,2.5507697296050953,0.0,1.2500156017923338,0.0,0.3181856273635298,1.4459545380698036,0.012983370912260627,128.61316136845292,0.3769221676347928,0.857142857142857,1.580662215251129,0.630487714782076,-0.0545784056907787,0.1168373899311167,0.8992277992277993,3.1475529583637694,1.731127086040404,0.10414380511771762,-0.22781791118471337,Computer Hardware,Technology,LOGI
2014Q4,2014,Q4,2014-11-13,2014-03-31,10360000.0,490927000.0,5476000.0,0.07,162739000.0,0.3314932770045241,1451390000.0,804128000.0,933000000.0,454787000.0,647262000.0,222402000.0,976292000.0,2415976950.0,1946564950.0,4.955952050784259,2.051509827677572,0.0,0.0,0.010733327425585153,4.955952050784259,0.012883521031477576,4.921254993104881,58.300602075289575,3.004468131939194,0.0,1.4756521973723258,0.0,0.3382460951226066,1.472542091132772,0.007137984966135911,29.11727709885024,0.3314932770045241,-0.7666666666666666,1.3260036246273925,0.32834108950902247,-0.11034990969756599,-0.2372634302265633,-0.7864049646413623,-0.8971701124819259,3.1424370522899654,-0.004927263595231458,-0.25928114221793586,Computer Hardware,Technology,LOGI
2014Q3,2014,Q3,2014-01-30,2013-12-31,48503000.0,627890000.0,53253000.0,0.3,213362000.0,0.3398079281402793,1528960000.0,765109000.0,1011789000.0,563054000.0,763851000.0,257998000.0,970377000.0,2202323990.0,1822458990.0,4.756040554232895,1.7969661879677614,0.0,0.0,0.06332223684968534,4.756040554232895,0.0633935818295171,3.507499705362404,11.351483361853907,2.87844475754435,0.0,1.6067101295358879,0.0,0.41066476559229803,1.264834278772551,0.031722870447886145,26.011905487444782,0.3398079281402793,2.3333333333333335,0.3290514932022966,0.1103158211268251,-0.18540438050883842,0.16328722609629634,2.368731768301153,2.0943056362579897,-0.1779301710344037,-0.08262279277024921,-0.2853186578870921,Computer Hardware,Technology,LOGI
2014Q2,2014,Q2,2013-11-05,2013-09-30,14398000.0,531972000.0,17210000.0,0.09,183413000.0,0.3447794244809877,1433695000.0,708404000.0,912239000.0,522735000.0,725291000.0,292777000.0,926714000.0,1415725650.0,1120929650.0,4.428382999206097,1.7451270720345873,0.0,0.0,0.02003928314312232,4.428382999206097,0.02032456056148751,2.6612785071394733,24.581984477010693,1.998472128898199,2.508890123628282,1.1905272613627436,0.025515536855604756,0.371049630500211,1.1071900676250872,0.010042582278657595,251.1042302234835,0.3447794244809877,8.0,-0.7776606303806775,-0.1063301833922087,-0.21925056465792944,0.08944195301594844,12.804410354745926,365.17021276595744,-0.614354204535778,0.007892366838810996,-0.283553059491003,Computer Hardware,Technology,LOGI
2014Q1,2014,Q1,2013-08-07,2013-06-30,1043000.0,477924000.0,47000.0,0.01,168355000.0,0.352263121333099,1422506000.0,720125000.0,897166000.0,502078000.0,702381000.0,296012000.0,957545000.0,1108714080.0,789857080.0,4.5206154502881395,1.786905620242273,0.0,0.0,0.0002824601826129483,4.5206154502881395,0.001448359659781288,2.3198543701509027,265.751217641419,1.5396133726783543,0.0,1.0457988189667986,0.0,0.33597327533240634,1.1119188651962444,0.0007332130760784138,-76.38402204615915,0.352263121333099,1.0434782608695652,-0.9599979670752193,0.05594673413275569,-0.1552155552667223,0.0726186152895379,1.0290415993762878,1.0012606619816533,-0.9411417967709207,0.09842707478314235,-0.2278783355212647,Computer Hardware,Technology,LOGI
2013Q4,2013,Q4,2013-05-30,2013-03-31,-35914000.0,469086000.0,-37282000.0,-0.23,156957000.0,0.3346017574602525,1374111000.0,733704000.0,844510000.0,453185000.0,640407000.0,261083000.0,975621000.0,1091966080.0,758142080.0,4.622747549081378,1.8634994538654193,0.0,0.0,-0.05231074644526661,4.622747549081378,-0.04894889492220296,2.327859027982076,-7.601256334577045,1.4882923903917655,0.0,1.195516368357955,0.0,0.3413741684623731,1.1712479450996833,-0.026136170949799545,195.48264948084497,0.3346017574602525,0.8145161290322581,-1.6808414986012026,-0.10755370536604505,-0.125815905533314,-0.2529343449247494,0.815771789702631,0.7928973374736831,-2.625632764030434,-0.010247329553837248,-0.18633557866091185,Computer Hardware,Technology,LOGI
2013Q3,2013,Q3,2013-02-05,2012-12-31,-194943000.0,614500000.0,-180017000.0,-1.24,210098000.0,0.3419007323026851,1489065000.0,756571000.0,941570000.0,545831000.0,732494000.0,277477000.0,1018689000.0,1189103240.0,867104240.0,4.797350766616362,1.7250211145940777,0.0,0.0,-0.25267522978096135,4.797350766616362,-0.2576664979228651,1.9350744344995932,-1.5249370841733225,1.5717007921265815,0.0,1.4574253001149644,0.0,0.4126750679117433,1.1081818365025071,-0.13091638041321232,13.845134713457373,0.3419007323026851,-4.542857142857143,-2.680110557680487,-0.049488355889395014,-0.09404981601438574,0.07195591724278681,-4.553139524286886,-8.4556636984883,-4.8102298329359865,0.11106323773631988,-0.13964237257178438,Computer Hardware,Technology,LOGI
2013Q2,2013,Q2,2012-11-06,2012-09-30,54865000.0,547693000.0,24145000.0,0.35,195995000.0,0.35785558698029735,1692412000.0,946297000.0,911807000.0,558743000.0,746115000.0,321307000.0,1389282000.0,1448240640.0,1211207640.0,6.037521692527562,1.6318897954873708,0.0,0.0,0.05884627048847398,6.037521692527562,0.05797862616070853,2.644256253046871,6.599109815000455,1.5304292838294955,0.0,1.0945855521354966,0.0,0.3236168261628965,0.9633212407135302,0.03241822913096811,275.85536,0.35785558698029735,2.0937499999999996,4.493791493743603,0.06481085929781587,0.2904594489144612,0.3586986662229986,2.052162239907949,1.407304318488529,2.0104937853530047,0.25152828927452947,0.17913296958460673,Computer Hardware,Technology,LOGI
2013Q1,2013,Q1,2012-08-06,2012-06-30,-52145000.0,468604000.0,-59280000.0,-0.32,144252000.0,0.30783347986786286,1700321000.0,1003906000.0,924610000.0,476481000.0,696415000.0,280533000.0,1498164000.0,1715021110.0,1354284110.0,6.2457989336352835,1.9404971027176319,0.0,0.0,-0.05214001395284588,6.2457989336352835,-0.051942114102316354,3.6598516231188807,-8.222366046600824,1.7083483015342074,0.0,1.1561990924418875,0.0,0.27559737249613453,1.2383305945042928,-0.030667738621119187,-64.28837987779735,0.30783347986786286,-1.9034443817052513,-3.308061555856277,0.2339541352408799,0.33686385605034497,-0.2559996286496774,-2.8434914798840416,-3.4969462111958216,-0.5606803044711591,0.6069713702662128,0.15595347733720868,Computer Hardware,Technology,LOGI
2012Q4,2012,Q4,2012-05-30,2012-03-31,28286000.0,531962000.0,23741000.0,0.3542,193887000.0,0.36447528206901997,1856494000.0,1150241000.0,1064536000.0,487791000.0,706253000.0,297072000.0,1556629000.0,1345500000.0,867130000.0,6.668063768115942,2.1823608881672683,0.0,0.0,0.019024494052191282,6.668063768115942,0.024591368243698494,2.5293160037747056,11.891925334087533,1.1697548600684553,0.0,1.1380237787472398,0.0,0.2865411900065392,1.477751742037061,0.015236246387006906,52.59146341463415,0.36447528206901997,0.10687500000000003,-0.46700313933578297,0.09856011136209121,0.44215579826495516,-0.25045810556917203,-0.4888041494225869,-0.6597589463576823,1.8372269501260543,0.35388659509460063,0.19699373049987082,Computer Hardware,Technology,LOGI
2012Q3,2012,Q3,2012-02-06,2011-12-31,55333000.0,714596000.0,69777000.0,0.32,258674000.0,0.3619863531282011,1990686000.0,1204506000.0,1211258000.0,590224000.0,786180000.0,295749000.0,1546661000.0,1345963340.0,822630340.0,6.9623416934966444,2.05220052048036,0.0,0.0,0.04141019795792434,6.9623416934966444,0.04593833488583701,1.883530470363674,6.081196302387364,1.1174401289823381,0.0,1.541584248805575,0.0,0.3589697219953323,1.4680223101737646,0.02779594571921438,9.476079218237373,0.3619863531282011,2.1999999999999997,-0.3805234075949745,0.14569148469068224,0.5370328356086911,0.30366241476456624,2.1718543995414157,1.969865928921047,0.40987805505579417,0.17502652373566432,0.19248206154915798,Computer Hardware,Technology,LOGI
2012Q2,2012,Q2,2011-11-07,2011-09-30,17445000.0,589204000.0,23495000.0,0.1,198421000.0,0.33676112178464507,1863703000.0,1149339000.0,1084198000.0,529087000.0,714364000.0,325053000.0,1491328000.0,1381417180.0,1001967180.0,6.497919469917118,2.0491866177018148,0.0,0.0,0.01596802535513558,6.497919469917118,0.015178289434187824,2.3445482040176238,19.796749498423615,1.201923174972745,0.0,1.2022131775433544,0.0,0.3161469397216187,1.311566906765806,0.009360397016048157,-110.77924458700882,0.33676112178464507,1.588235294117647,-0.6341825878202721,0.21093354417740437,0.5993312075583442,0.5796969914097144,1.5892386678376005,1.521740095931782,-0.7563607883466533,-0.10480836879737299,0.14562063804001335,Computer Hardware,Technology,LOGI
2012Q1,2012,Q1,2011-08-08,2011-06-30,-29606000.0,480441000.0,-45032000.0,-0.17,125607000.0,0.26144105103436216,1893077000.0,1186339000.0,1125488000.0,517679000.0,706738000.0,317548000.0,1484562000.0,2015680440.0,1539313440.0,6.615359307648984,2.1741040297172574,0.0,0.0,-0.028704454858976408,6.615359307648984,-0.024955767280684524,4.195479653068743,-17.02087786259542,1.6990762674075455,0.0,1.1174184690188569,0.0,0.25378840902932104,1.4223814371454124,-0.01563908916541694,-295.6843831597477,0.26144105103436216,-11.932475884244374,-2.0002191947965784,0.2442153164839193,0.7392136312482589,-0.29973239672185986,-11.664985590778098,-13.378229796591533,-2.008631302815207,-0.057072750656107965,0.23623712321453022,Computer Hardware,Technology,LOGI
2011Q4,2011,Q4,2011-05-27,2011-03-31,2776000.0,547618000.0,3638000.0,0.01555,179370000.0,0.32754584400074505,1861556000.0,1205001000.0,1076386000.0,470720000.0,656555000.0,280814000.0,1514168000.0,3265212819.9,2787281819.9,6.690732926152138,2.2866799796057102,0.0,0.0,0.0012079819741924098,6.690732926152138,0.0023037325280227984,5.96257394735016,294.057350495317,2.709717933761051,0.0,1.3113591202717814,0.0,0.2941721871380716,1.6018758497620667,0.0014912256198577965,-414.3145311381804,0.32754584400074505,-0.9568055555555556,-0.943982837963504,0.21215339829906263,0.8142755048068091,-0.3385403414056709,-0.9572936217347159,-0.9521567596002104,-0.9536223542045735,-0.0818485361931466,0.26525020937581445,Computer Hardware,Technology,LOGI
2011Q3,2011,Q3,2011-02-07,2010-12-31,65002000.0,754054000.0,76040000.0,0.36,271173000.0,0.35962013330610276,1948013000.0,1179445000.0,1155923000.0,599655000.0,768568000.0,300630000.0,1532302000.0,3287671972.7669997,2826945972.7669997,6.6547708383878845,1.9276467302032,0.0,0.0,0.054162173591036644,6.6547708383878845,0.05511236217034283,4.359995401877054,12.644503141314884,2.7874737463527337,0.0,1.606230249808735,0.0,0.38708879252859196,1.328804062335843,0.03336836047808716,23.134209908783852,0.35962013330610276,0.5652173913043477,-0.044937019065329896,0.3774841721468667,0.6337945351695067,0.25002535333327186,0.5792517006802721,0.4858817782120176,-0.5015052797977501,0.037866825049799706,0.25671253963192364,Computer Hardware,Technology,LOGI
2011Q2,2011,Q2,2010-11-08,2010-09-30,41160000.0,581884000.0,51175000.0,0.23,216934000.0,0.3728131380137622,1819362000.0,1090081000.0,1019180000.0,568760000.0,729281000.0,343021000.0,1467300000.0,3073937370.0,2766258370.0,6.181034140588232,1.7919333286447712,0.0,0.0,0.038633627766424185,6.181034140588232,0.03775866197099115,5.282732245602216,18.67065943877551,2.8199164740968787,0.0,1.0639290305841334,0.0,0.3198285992562228,1.0772153456642521,0.022623315206099722,-206.24915257648954,0.3728131380137622,1.090909090909091,0.14241857611672593,0.3865073007567253,0.8433454450815338,0.28341290547775827,1.1083905337567872,3.335762094382784,2.6628850243558815,0.005409138572604337,0.32113378916005386,Computer Hardware,Technology,LOGI
2011Q1,2011,Q1,2010-08-09,2010-06-30,19522000.0,479330000.0,11803000.0,0.11,169029000.0,0.35263597104291405,1671490000.0,1027470000.0,873713000.0,491971000.0,644020000.0,279800000.0,1426140000.0,2353347720.0,2036032720.0,5.854796799854125,1.77594411052684,0.0,0.0,0.015882280745099262,5.854796799854125,0.019000068128509833,4.90966081822544,30.1371237578117,2.2904296183830186,0.0,1.109010007147963,0.0,0.2867680931384573,1.0790920603043674,0.011679399816929805,-404.63337689133425,0.35263597104291405,-0.2097362511738047,-0.12130260895906593,0.4437140474175904,0.9635450141501586,-0.10244687290916621,-0.2029559465969869,-0.5738835337015776,-0.20858049208506074,0.15604666380791576,0.2531729422305572,Computer Hardware,Technology,LOGI
2010Q4,2010,Q4,2010-03-31,2010-03-31,24493000.0,525444000.0,27699000.0,0.13919403510965372,188322000.0,0.35840546280859614,1599678000.0,999715000.0,793661000.0,440291000.0,599963000.0,219593000.0,1406618000.0,2875235420.0,2555291420.0,5.681393247444065,1.802582837259903,0.0,0.0,0.023484272247268293,5.681393247444065,0.024499982495011077,5.472011137247737,29.347521945045525,2.876055095702275,0.0,1.5352128710842332,0.0,0.32846860430661673,1.2162319920234572,0.015311206380284033,54.75283110848742,0.35840546280859614,-0.5650186402823322,-0.3934595615717433,0.3001728309673994,0.8930742785197802,-0.09878256541796673,-0.5709455908629086,-0.5259212350454413,-0.5475580783932434,0.06374466403380795,0.2287606266158847,Computer Hardware,Technology,LOGI
2010Q3,2010,Q3,2009-12-31,2009-12-31,57086000.0,617101000.0,58427000.0,0.32,208964000.0,0.33862204080045244,1645865000.0,981169000.0,836492000.0,508885000.0,664696000.0,235012000.0,1382125000.0,3010727105.9630003,2729675105.9630003,5.575996090087121,1.6437741336451261,0.0,0.0,0.05492345495900262,5.575996090087121,0.058181618049489944,4.8788238974867975,13.185050213550609,3.068510221952589,0.0,1.7366645107483873,0.0,0.3749402289981256,1.0408579541546714,0.03468449720967394,19.03643937607805,0.33862204080045244,1.9090909090909092,-0.11392762073204137,0.27079711204888746,1.0326858892202953,0.3766832687695997,1.7520609362194475,1.1367393212404915,-0.37164861982882724,-0.027262561919856643,0.23097794664330665,Computer Hardware,Technology,LOGI
2010Q2,2010,Q2,2009-09-30,2009-09-30,20743000.0,498093000.0,27344000.0,0.11,151788000.0,0.30473827176852514,1501997000.0,913437000.0,1084628000.0,446190000.0,588560000.0,239904000.0,1325039000.0,3278899921.6050005,2754055921.6050005,5.120306062389641,2.4308657746699835,0.0,0.0,0.02339226545845533,5.120306062389641,0.022708736344159475,6.582907050701376,39.51814975660464,3.589628974526979,0.0,1.4435149059623849,0.0,0.3316205025709106,1.7584885362737848,0.01381028057978811,69.87830960520428,0.30473827176852514,1.523809523809524,-0.210565575808407,0.49485636183731585,1.1441706951218136,0.9504510292719283,1.5551451893483206,1.7788981940409048,-0.5687231887795979,0.014977003851778694,0.260259582431296,Computer Hardware,Technology,LOGI
2010Q1,2010,Q1,2009-06-30,2009-06-30,-37365000.0,326110000.0,-35106000.0,-0.21,77822000.0,0.23863726963294593,1446881000.0,971223000.0,1025748000.0,337885000.0,475658000.0,235509000.0,1304296000.0,2521906530.0,1954489530.0,5.403157701487057,3.035790283676399,0.0,0.0,-0.04006294383839712,5.403157701487057,-0.03847211196604693,7.7333002054521485,-16.87345463669209,2.5966297441473274,0.0,1.054261195962787,0.0,0.2253882662084857,2.17880343903991,-0.025824514939376493,37.178165936933354,0.23863726963294593,-0.07153791203184001,-2.976862618941441,0.22025834111661513,1.1876596430315987,-0.23766701931742487,-0.06519755972404356,0.18753037561619107,-2.259402327353139,-0.15743453846758038,0.42051929293466656,Computer Hardware,Technology,LOGI
2009Q4,2009,Q4,2009-06-01,2009-03-31,-35078000.0,407948000.0,-43209000.0,-0.19598,102084000.0,0.2502377754027474,1421530000.0,997708000.0,998676000.0,289294000.0,423822000.0,233467000.0,1341661000.0,1841148000.0,1348389000.0,5.570675600223339,3.452114457956266,0.0,0.0,-0.03667891335406636,5.570675600223339,-0.03515858347332085,4.513192857913263,-13.121814242545184,1.845377605471741,0.0,1.3100952168828999,0.0,0.2869781151294732,2.5081750744916937,-0.024676229133398522,115.17252596021518,0.2502377754027474,-1.890818181818182,-1.9143831175143606,0.1779516668825243,1.1878802338565833,-0.4555403848615437,-1.8662731830192874,-2.0101224985973443,-1.7117944404738803,-0.09196454998345903,0.5105580208120177,Computer Hardware,Technology,LOGI
2009Q3,2009,Q3,2009-02-03,2008-12-31,40493000.0,627466000.0,42776000.0,0.22,187496000.0,0.2988145971255813,1698880000.0,1042160000.0,1269908000.0,529187000.0,656720000.0,339518000.0,1376739000.0,2780983260.0,2300807260.0,5.838529499095223,2.3997339314835777,0.0,0.0,0.03130698026762525,5.838529499095223,0.03885487832962309,4.432085977566912,17.169530906576444,2.668480137406924,0.0,1.295866493087259,0.0,0.3693409775852326,1.6728528856528977,0.023835114899227728,35.66369052809767,0.2988145971255813,-0.4358974358974359,-0.3903501596692328,0.5408232330653117,1.4457262636115997,-0.177915939563475,-0.4400160418193636,-0.46771524208902104,-0.4092565522073181,0.13811994641742173,0.43340136282717456,Computer Hardware,Technology,LOGI
2009Q2,2009,Q2,2008-11-04,2008-09-30,72311000.0,664707000.0,80363000.0,0.39,228074000.0,0.3431196000643893,1712511000.0,1013183000.0,1317959000.0,572983000.0,699328000.0,323673000.0,1336246000.0,4165651600.0,3710420600.0,5.671964395678217,2.300171209267989,0.0,0.0,0.06970307546869269,5.671964395678217,0.07137012760774707,6.266898949461943,14.4018600212969,4.111450350035483,0.0,1.3489942009373659,0.0,0.3881475797819693,1.6674561025370735,0.04222513023274011,164.124802017257,0.3431196000643893,1.4375,2.4875096413866533,1.3153326741536342,1.8774120644131078,0.3140022584287788,1.4674469391933394,1.7036401561028125,0.9815155601725281,0.5637208497244032,0.6915275818947452,Computer Hardware,Technology,LOGI
2009Q1,2009,Q1,2008-08-05,2008-06-30,29306000.0,508711000.0,29724000.0,0.16,173572000.0,0.3411996202165866,1521141000.0,958112000.0,1159909000.0,437608000.0,563029000.0,274460000.0,1263935000.0,4798432620.9539995,4317412620.9539995,5.351205835371916,2.6505662602146214,0.0,0.0,0.027687519240581125,5.351205835371916,0.030587238235195886,9.432531675065016,40.93387549438681,5.008216806546625,0.0,1.2210850397143482,0.0,0.33442724901899296,1.8803975247253248,0.01926580113217644,145.4996397996907,0.3411996202165866,-0.5185813252013656,4.2569501690381015,1.382625798800917,1.5573533836704294,-0.1887035859851176,-0.5143027611124001,-0.5505828633635222,0.292898031357556,0.5017941214910401,0.794653836320597,Computer Hardware,Technology,LOGI
2008Q4,2008,Q4,2008-03-31,2008-03-31,60338000.0,601234000.0,66139000.0,0.3323510457231932,213944000.0,0.3558414860104385,1526932000.0,960044000.0,1166316000.0,443095000.0,566888000.0,245737000.0,1234629000.0,4618606741.549,4136254741.549,5.288070989099362,2.6322030264390257,0.0,0.0,0.06110131293591501,5.288070989099362,0.0628492027448742,7.681878838437281,19.136393075462394,4.81082819282137,0.0,1.5760345409930128,0.0,0.3937529634587526,1.9945903248738983,0.03951583960516906,52.85898578040881,0.3558414860104385,-0.5318999356011364,1.2993646300913673,1.0217156780568157,1.664328117264647,-0.22041729523309794,-0.5482735902734106,-0.43094488324471286,0.44822548485092684,0.4419349816667053,0.7620169448672216,Computer Hardware,Technology,LOGI
2008Q3,2008,Q3,2007-12-31,2007-12-31,133572000.0,744235000.0,116226000.0,0.71,274434000.0,0.36874643089884246,1620726000.0,961371000.0,1270349000.0,553523000.0,659355000.0,252661000.0,0.0,6651955178.451,6152707178.451,5.295380310549769,2.295024777651516,0.0,0.0,0.1100705017183437,5.295380310549769,0.13893907762976,8.937976819755857,12.450130226490208,6.9192384401557785,0.0,1.859412414262589,0.0,0.45919853201589905,1.7238271941725998,0.08241491775907833,40.33834945453719,0.36874643089884246,10.833333333333332,2.3515663327892917,1.1464767621411054,1.741127660330464,0.27079841077266453,10.552672548002075,0.4455430767508675,1.0094745540366994,0.48544835044093765,0.9303895952232138,Computer Hardware,Technology,LOGI
2008Q2,2008,Q2,2007-09-30,2007-09-30,11562000.0,595490000.0,80403000.0,0.06,215954000.0,0.36264924683873784,1450875000.0,848971000.0,1117454000.0,502399000.0,601904000.0,263396000.0,1041036000.0,5469174078.541,5203786078.541,4.678583040797094,2.224236115119656,0.0,0.0,0.0567208273652899,4.678583040797094,0.013618839748354185,9.184325645335775,118.2575263479718,6.442121201479202,0.0,1.440933043781986,0.0,0.41043508227793574,1.61843674051899,0.007968984233652106,59.92696001206391,0.36264924683873784,-0.5714285714285715,-0.4402863856453551,1.4053472579075135,0.0,0.4915392372190681,-0.5475463723878845,2.3624539979926396,-0.5674048731774758,0.7569834200180198,0.9591955106857927,Computer Hardware,Technology,LOGI
2008Q1,2008,Q1,2007-06-30,2007-06-30,25554000.0,429537000.0,23912000.0,0.14,144786000.0,0.337074570991556,1290495000.0,849375000.0,961889000.0,347675000.0,441120000.0,231817000.0,1029474000.0,4797754598.198,4570209598.198,4.67197830606924,2.766632631049112,0.0,0.0,0.025006364205645993,4.67197830606924,0.030085651214128036,11.169595630173886,46.93741291185333,5.648570535038116,0.0,1.228343909204243,0.0,0.33284669835993164,1.985500826921694,0.019801703997303362,-573.5510577642558,0.337074570991556,-0.5449383375153488,1.402111440811944,1.2318090928922902,0.0,-0.18195840466464397,-0.5452458491271155,-0.5675792976237839,0.33672802018600034,0.5891354163825158,0.8916157843206884,Computer Hardware,Technology,LOGI
2007Q4,2007,Q4,2007-03-31,2007-03-31,56193000.0,512734000.0,55298000.0,0.30765061428289864,176991000.0,0.34519068366833483,1327463000.0,844524000.0,1007420000.0,465065000.0,482939000.0,217964000.0,995606000.0,5083205160.0,4898864160.0,4.623677813547073,2.166191822648447,0.008931322379606813,0.014038677408812539,0.05848524819267869,4.623677813547073,0.06653807351833696,9.91392254073262,22.614939405264,6.019018003040766,0.0,1.5403598759428163,0.0,0.3862510668847267,1.5507488200574113,0.042331123353343936,63.48134425656268,0.34519068366833483,-0.3721416035042885,1.5604660986299326,1.2480830256669917,0.0,-0.2583875603900158,-0.40412919918561246,-0.44477689867062936,0.43630524909524515,0.45173027398946886,0.8159472965137825,Computer Hardware,Technology,LOGI
2007Q3,2007,Q3,2006-12-31,2006-12-31,94304000.0,658512000.0,99596000.0,0.49,238657000.0,0.36241860436863715,1371809000.0,827364000.0,1078202000.0,526255000.0,544445000.0,234944000.0,939413000.0,,,,,,,,,,,,,,,,,,,,,,,,,,,,,,,Computer Hardware,Technology,LOGI
2007Q2,2007,Q2,2006-09-30,2006-09-30,49204000.0,502041000.0,52177000.0,0.26,172965000.0,0.34452365444256544,1226275000.0,741487000.0,957045000.0,472399000.0,484788000.0,258417000.0,845109000.0,,,,,,,,,,,,,,,,,,,,,,,,,,,,,,,Computer Hardware,Technology,LOGI
2007Q1,2007,Q1,2006-06-30,2006-06-30,30147000.0,393282000.0,23791000.0,0.16,120912000.0,0.3074435138145148,1069589000.0,694729000.0,804150000.0,363160000.0,374860000.0,217599000.0,795905000.0,,,,,,,,,,,,,,,,,,,,,,,,,,,,,,,Computer Hardware,Technology,LOGI
