Quarters,Year,Quarter,FillingDate,Date,NetIncome,Revenue,OperatingIncome,EPSDiluted,GrossProfit,GrossProfitRatio,TotalAssets,CommonStockEquity,CurrentAssets,CurrentLiability,TotalLiability,Inventory,RetainedEarnings,MarketCap,EnterpriseValue,bookValuePerShare,currentRatio,debtToAssets,debtToEquity,roic,shareholdersEquityPerShare,roe,priceToSalesRatio,peRatio,pbRatio,payoutRatio,inventoryTurnover,dividendYield,assetTurnover,quickRatio,returnOnAssets,priceToFreeCashFlowsRatio,grossProfitMargin,epsdilutedGrowth,fiveYNetIncomeGrowthPerShare,fiveYRevenueGrowthPerShare,fiveYShareholdersEquityGrowthPerShare,grossProfitGrowth,netIncomeGrowth,operatingIncomeGrowth,threeYNetIncomeGrowthPerShare,threeYRevenueGrowthPerShare,threeYShareholdersEquityGrowthPerShare,Industry,Sector,Symbol
2023Q1,2023,Q1,2023-05-05,2023-03-31,-42000000.0,794000000.0,13000000.0,-0.63,335000000.0,0.4219143577,11366000000.0,4451000000.0,2748000000.0,876000000.0,6915000000.0,1058000000.0,2215000000.0,5910954000.0,10174954000.0,66.73163418290855,3.136986301369863,0.4525778638043287,1.1556953493596944,0.0007042380685819533,66.73163418290855,-0.00943608177937542,7.44452644836272,-35.18425,1.3280058413839586,-0.35714285714285715,0.43383742911153117,0.0025376614333320812,0.06985746964631356,1.658675799086758,-0.003695231391870491,295.5477,0.42191435768261965,-1.7777777777777777,-1.3259991373972742,0.16883136168598745,1.1384032214612105,-0.30927835051546393,-1.7777777777777777,-0.9202453987730062,-1.5002853132044687,0.21995936883154454,0.7849289727852274,Scientific & Technical Instruments,Technology,MKSI
2022Q4,2022,Q4,2023-03-14,2022-12-31,54000000.0,1085000000.0,163000000.0,0.81,485000000.0,0.4470046083,11495000000.0,4483000000.0,2794000000.0,952000000.0,7012000000.0,977000000.0,2272000000.0,5643018000.0,9902018000.0,67.31231231231232,2.9348739495798317,0.44958677685950416,1.1527994646442115,0.013689383806650284,67.31231231231232,0.012045505242025429,5.200938248847926,26.125083333333333,1.2587593129600714,0.2777777777777778,0.6141248720573184,0.002658152073943411,0.09438886472379296,1.7121848739495797,0.00469769464984776,43.40783076923077,0.4470046082949309,8.000000000000002,-0.4327311159274888,0.7290159444321227,1.3011228348671007,0.24358974358974358,8.0,0.3813559322033898,0.04280690755295568,0.7932937610872809,0.8297319571843331,Scientific & Technical Instruments,Technology,MKSI
2022Q3,2022,Q3,2022-11-07,2022-09-30,6000000.0,954000000.0,118000000.0,0.09,390000000.0,0.4088050314,11372000000.0,4149000000.0,2791000000.0,1011000000.0,7223000000.0,961000000.0,2233000000.0,5041040000.0,9392040000.0,68.01639344262296,2.760633036597428,0.46034118888498066,1.2617498192335503,0.0018378153878101965,68.01639344262296,0.0014461315979754157,5.284109014675052,210.04333333333335,1.2150012051096648,2.1666666666666665,0.586888657648283,0.002578832939234761,0.08389025677101654,1.5974282888229476,0.0005276116778051355,29.138959537572255,0.4088050314465409,-0.9612068965517242,-0.9297416491465892,0.7458204756767405,1.4487985838426345,0.15384615384615385,-0.9538461538461539,-0.2804878048780488,-0.88604988130412,0.8581509619220268,0.8936417708690254,Scientific & Technical Instruments,Technology,MKSI
2022Q2,2022,Q2,2022-08-03,2022-06-30,130000000.0,765000000.0,164000000.0,2.32,338000000.0,0.4418300654,4749000000.0,3129000000.0,2349000000.0,457000000.0,1620000000.0,689000000.0,2240000000.0,5716491000.0,5664491000.0,56.175942549371634,5.1400437636761485,0.2133080648557591,0.32374560562480026,0.03149001536098311,56.175942549371634,0.041546820070310006,7.472537254901961,10.993251923076922,1.8269386385426654,0.09230769230769231,0.6197387518142236,0.0020991898701493627,0.1610865445356917,3.387308533916849,0.027374184038745,139.42660975609755,0.4418300653594771,-0.09375000000000008,0.04988173227191501,0.547759906430332,1.1286850451684458,0.011976047904191617,-0.09090909090909091,-0.046511627906976744,2.3899804016274877,0.5879124097851377,0.5827832778341906,Scientific & Technical Instruments,Technology,MKSI
2022Q1,2022,Q1,2022-05-02,2022-03-31,143000000.0,742000000.0,172000000.0,2.56,334000000.0,0.4501347709,4649000000.0,3027000000.0,2258000000.0,436000000.0,1622000000.0,636000000.0,2122000000.0,8340000000.0,8355000000.0,54.44244604316547,5.178899082568807,0.2206926220692622,0.3389494549058474,0.03375645559961078,54.44244604316547,0.0472414932276181,11.23989218328841,14.58041958041958,2.755203171456888,0.08391608391608392,0.6415094339622641,0.0014388489208633094,0.1596042159604216,3.5160550458715596,0.03075930307593031,379.09090909090907,0.4501347708894879,-0.05185185185185189,1.1255882782246383,0.6414498178674648,1.2424579967864104,-0.05782792665726375,-0.047936085219707054,-0.06976744186046512,10.181290054267304,0.5588223439942456,0.5346738394393349,Scientific & Technical Instruments,Technology,MKSI
2021Q4,2021,Q4,2022-02-28,2021-12-31,150200000.0,763900000.0,184900000.0,2.7,354500000.0,0.4640659772,4540300000.0,2886600000.0,2147300000.0,460800000.0,1653700000.0,576700000.0,1991000000.0,9666435000.0,9727635000.0,52.01081081081081,4.659939236111111,0.2263066317203709,0.3559551028892122,0.03769927710783188,52.01081081081081,0.052033534261761244,12.654058122790941,16.089272636484687,3.348726875909374,0.08055925432756325,0.7099011617825559,0.0012517541368663836,0.16824879413254631,3.2233072916666665,0.03308151443737198,56.56193680514921,0.4640659772221495,0.13445378151260517,2.190010887181507,0.8215492320083325,1.2456769275718023,0.01750861079219288,0.13444108761329304,0.05476326297775243,1.0402321747734666,0.6140210619116948,0.499499963344737,Scientific & Technical Instruments,Technology,MKSI
2021Q3,2021,Q3,2021-11-03,2021-09-30,132400000.0,741900000.0,175300000.0,2.38,348400000.0,0.46960506806847285,4365900000.0,2728600000.0,1994900000.0,437100000.0,1637300000.0,550400000.0,1853000000.0,8375505000.0,8771205000.0,49.163963963963965,4.563944177533745,0.2356902356902357,0.3771164699846075,0.03519477258671112,49.163963963963965,0.048523052114637547,11.289264051758996,15.814775302114803,3.0695246646631973,0.09214501510574018,0.7149345930232558,0.001456628585380822,0.16993059850202707,3.0267673301304048,0.03032593508783985,63.16368778280543,0.46960506806847285,-0.09505703422053233,2.9265526486885056,0.8813483551328348,1.1668660613977875,-0.019144144144144143,-0.0962457337883959,-0.059044551798174985,0.39323906601156083,0.4948344886417603,0.4794600105623238,Scientific & Technical Instruments,Technology,MKSI
2021Q2,2021,Q2,2021-08-05,2021-06-30,146500000.0,749900000.0,186300000.0,2.63,355200000.0,0.47366315508734497,4208900000.0,2614800000.0,2121700000.0,420300000.0,1594100000.0,527000000.0,1732800000.0,9858430000.0,10128030000.0,47.1985559566787,5.048060908874613,0.24348404571265653,0.3919229004130335,0.041161320533832826,47.1985559566787,0.05602722961603182,13.146326176823576,16.82325938566553,3.7702424659629794,0.08327645051194539,0.7489563567362428,0.0012375195644742621,0.17817006818883793,3.4991672614798954,0.034807194278790185,66.2083948959033,0.47366315508734497,0.1954545454545453,14.349891422366992,1.220742893442296,1.1354609388884658,0.10276311704439615,0.19787408013082583,0.19807073954983923,0.1777373040469753,0.29232284461467506,0.43366454099086504,Scientific & Technical Instruments,Technology,MKSI
2021Q1,2021,Q1,2021-05-04,2021-03-31,122300000.0,693900000.0,155500000.0,2.2,322100000.0,0.4641879233318922,4017900000.0,2469000000.0,1922500000.0,371900000.0,1548900000.0,515200000.0,1598500000.0,10253726000.0,10582026000.0,44.64737793851718,5.169400376445281,0.255879937280669,0.4164034021871203,0.03465786853065209,44.64737793851718,0.04953422438234103,14.776950569246289,20.96019215044971,4.152987444309437,0.09076042518397383,0.7216614906832298,0.0010825333152065895,0.17270215784364967,3.5770368378596396,0.030438786430722516,102.12874501992032,0.4641879233318922,0.057692307692307744,5.703473282800364,2.636677415213318,1.0296012998012603,0.0679708222811671,0.05795847750865052,0.05998636673483299,0.1449705603185639,0.23205173204525759,0.4307172000588343,Scientific & Technical Instruments,Technology,MKSI
2020Q4,2020,Q4,2021-02-23,2020-12-31,115600000.0,660200000.0,146700000.0,2.08,301600000.0,0.45683126325355955,3903800000.0,2360900000.0,1804400000.0,373900000.0,1542900000.0,501400000.0,1487300000.0,8304839999.999999,8729240000.0,42.76992753623188,4.825889275207275,0.26453711768020904,0.4374179338387903,0.03355794316181406,42.76992753623188,0.048964377991443944,12.579279006361707,17.96029411764706,3.5176585200559107,0.09515570934256055,0.7151974471479856,0.0013245288289720212,0.16911727035196475,3.286172773468842,0.02961217275475178,67.96104746317512,0.45683126325355955,0.2530120481927712,3.366710902443927,2.6921753531803194,0.9606550832476817,0.15114503816793892,0.2606324972737186,0.2603092783505155,0.46517057424815506,0.2693457447712253,0.46212265658911655,Scientific & Technical Instruments,Technology,MKSI
2020Q3,2020,Q3,2020-11-03,2020-09-30,91700000.0,589800000.0,116400000.0,1.66,262000000.0,0.44421837911156326,3750900000.0,2226800000.0,1669700000.0,364300000.0,1524100000.0,494200000.0,1382700000.0,6029496000.0,6553996000.0,40.34057971014493,4.583310458413395,0.27134820976299023,0.4570684390156278,0.028572202558796115,40.34057971014493,0.04118016885216454,10.2229501525941,16.438102508178844,2.707695347583977,0.11995637949836423,0.6632942128692837,0.0018243647561918938,0.1572422618571543,2.9634916277793026,0.02444746594150737,48.98047116165719,0.44421837911156326,0.24812030075187957,1.975139126832163,1.7212681290963636,0.8756171482923336,0.0637434023548518,0.24423337856173677,0.15476190476190477,0.1866066943500116,0.1927426075905159,0.452384483586701,Scientific & Technical Instruments,Technology,MKSI
2020Q2,2020,Q2,2020-08-03,2020-06-30,73700000.0,544300000.0,100800000.0,1.33,246300000.0,0.45250780819401065,3631100000.0,2126600000.0,1569800000.0,351600000.0,1504500000.0,490200000.0,1302000000.0,6239524000.0,6819524000.0,38.595281306715066,4.464732650739477,0.2778496874225441,0.47441926079187435,0.024257052345753507,38.595281306715066,0.034656258816890814,11.463391512033805,21.16527815468114,2.934037430640459,0.14925373134328357,0.6079151366789066,0.0017629549946438221,0.1498994794965713,2.8102957906712174,0.020296879733414118,52.83254868755292,0.45250780819401065,0.06400000000000006,1.1494501268013606,1.419407892134828,0.824247232492746,0.027963272120200333,0.06657018813314038,0.12124582869855395,-0.3983164874588699,0.1132279145653336,0.46249790218415515,Scientific & Technical Instruments,Technology,MKSI
2020Q1,2020,Q1,2020-05-06,2020-03-31,69100000.0,535700000.0,89900000.0,1.25,239600000.0,0.4472652604069442,3474900000.0,2052500000.0,1456600000.0,321600000.0,1422400000.0,474200000.0,1239300000.0,4471605000.0,4864305000.0,37.38615664845173,4.529228855721393,0.24020835131946244,0.4066747868453106,0.025326307953169026,37.38615664845173,0.03366626065773447,8.3472185924958,16.178020984081044,2.1786138855054813,0.15918958031837915,0.6244200759173345,0.0024599668351743945,0.15416270971826526,2.75,0.019885464329908776,68.89992295839754,0.4472652604069442,0.6233766233766234,0.9824161655213995,1.4282214567381617,0.800929437960105,0.1078129479105982,0.6158451033579646,0.3608222454323903,0.04021617708076108,0.20018390480110887,0.5399176936127877,Scientific & Technical Instruments,Technology,MKSI
2019Q4,2019,Q4,2020-02-28,2019-12-31,42764000.0,499651000.0,66063000.0,0.77,216282000.0,0.43286614056611517,3416320000.0,2023344000.0,1433547000.0,317681000.0,1392976000.0,462146000.0,1181216000.0,6050550000.0,6519716000.0,36.78807272727273,4.512536160488037,0.25868946702884976,0.4367848472627492,0.017213037964261022,36.78807272727273,0.021135308677120646,12.1095524676224,35.37174960246937,2.990371385192039,0.2550509774576747,0.6131590449771285,0.0018026460404426043,0.1462541565192956,2.723058665768491,0.01251756275758711,104.14744560727073,0.43286614056611517,-0.10465116279069764,0.2075413323690815,1.376150734250062,0.8057686365812827,0.05501356071101052,-0.09833853419920723,-0.011328943430110745,-0.08350342335572404,0.20226847137016613,0.5884029655676489,Scientific & Technical Instruments,Technology,MKSI
2019Q3,2019,Q3,2019-11-06,2019-09-30,47428000.0,462451000.0,66820000.0,0.86,205004000.0,0.443298857608698,3354544000.0,1973531000.0,1360385000.0,310657000.0,1381013000.0,463263000.0,1149457000.0,5070324600.0,5570116600.0,35.91830011830012,4.3790579320601175,0.26414111724276085,0.44897850603816203,0.019532875872130723,35.91830011830012,0.024032052194771707,10.964025594062939,26.726430589525176,2.5691638996296486,0.22977987686598633,0.5557253655051234,0.002149369292845669,0.13785808145607867,2.58520168546017,0.014138434314768267,114.81973323671279,0.443298857608698,0.24637681159420297,0.5728168023528123,1.3904708721612544,0.8001903477141538,-0.028541371483269913,0.256737062455285,0.04566367249851335,0.420767638789698,0.18455266804659973,0.583073032241508,Scientific & Technical Instruments,Technology,MKSI
2019Q2,2019,Q2,2019-08-07,2019-06-30,37739000.0,474110000.0,63902000.0,0.69,211027000.0,0.4451013477884879,3381948000.0,1945487000.0,1370000000.0,285156000.0,1436461000.0,479497000.0,1113036000.0,4491541100.0,5062416100.0,35.49187266259236,4.804387773709829,0.27729876390766506,0.48204382758661457,0.015735257220298688,35.49187266259236,0.01939822779591948,9.47362658454789,29.753975330559896,2.308697565185478,0.28829592729007125,0.548664538047162,0.0024223311682486886,0.14018843577725026,2.712374980712312,0.011158953360607555,70.36834510958968,0.4451013477884879,1.9999999999999998,0.7309626322841257,1.4988708771233203,0.8153045446297474,0.06515813807932647,2.030028101164191,1.7703979883811671,2.996395097793655,0.41900651466545247,0.6058014102917629,Scientific & Technical Instruments,Technology,MKSI
2019Q1,2019,Q1,2019-05-08,2019-03-31,12455000.0,463561000.0,23066000.0,0.23,198118000.0,0.42738280398911904,3412738000.0,1920861000.0,1360352000.0,296559000.0,1491877000.0,475633000.0,1086409000.0,5113101210.0,5682189210.0,35.47492935896726,4.587120943893121,0.2892410727105333,0.5138862208145202,0.0062929159090573845,35.47492935896726,0.006484071465868691,11.030050435649246,102.6314975913288,2.661879860125225,0.8705740666399037,0.5580836485273309,0.0021206308177107256,0.13583257783046926,2.691983719934313,0.003649562316239922,352.11770608084845,0.42738280398911904,-0.8257575757575758,-0.6067945647376124,1.2159115109259848,0.8118277208633276,-0.056059537649368225,-0.8261349042380925,-0.7548361039071468,-0.302783126072749,1.4812213798833491,0.6126358604186619,Scientific & Technical Instruments,Technology,MKSI
2018Q4,2018,Q4,2019-02-26,2018-12-31,71636000.0,460541000.0,94084000.0,1.32,209884000.0,0.4557335828948997,2614246000.0,1873187000.0,1464104000.0,263285000.0,741059000.0,384689000.0,1084797000.0,3489263050.0,3192746050.0,34.68543653365429,5.5609092808173655,0.13305098296028758,0.18568781440400772,0.033292657711265446,34.68543653365429,0.038242844948208586,7.576443899674513,12.17705849712435,1.86274144012317,0.15072030822491483,0.6515834869206034,0.0030943496793685416,0.17616590022515097,3.849915490817935,0.027402164907204603,31.893960348074074,0.4557335828948997,-0.22352941176470584,2.490430488334567,1.2217436834602862,0.8081180559357202,-0.0947813335633572,-0.23200789047675205,-0.19617241232004784,1.7658781373012238,1.6325716847821168,0.5900465904872939,Scientific & Technical Instruments,Technology,MKSI
2018Q3,2018,Q3,2018-11-06,2018-09-30,93277000.0,487152000.0,117045000.0,1.7,231860000.0,0.4759500114953854,2564596000.0,1810293000.0,1412471000.0,262493000.0,754303000.0,399077000.0,1023959000.0,4380415160.0,4329665160.0,33.231019164402674,5.380985397705843,0.13612280452749673,0.19284171125889565,0.04414988499510852,33.231019164402674,0.05152591320852481,8.991885817978783,11.740341027262883,2.419727171236921,0.1164059736054976,0.6397061218762294,0.002478760483515448,0.18995272549750525,3.573794348801682,0.03637103075884077,54.15340973432729,0.4759500114953854,-0.2342342342342343,36.03508094516402,1.8562319309096977,0.7571995976569721,-0.15649545069249154,-0.24079861958945808,-0.2263584747275119,2.066524085323599,1.2775342857648002,0.5450613215731824,Scientific & Technical Instruments,Technology,MKSI
2018Q2,2018,Q2,2018-08-07,2018-06-30,122862000.0,573140000.0,151291000.0,2.22,274877000.0,0.47959835293296577,2573488000.0,1801438000.0,1417724000.0,282071000.0,772050000.0,384929000.0,1004698000.0,5236608300.0,5163784300.0,32.92161771962207,5.026124628196447,0.13779236584744128,0.1968466303031245,0.05803870835561966,32.92161771962207,0.0682021807023056,9.136700108176013,10.655467719880841,2.90690453959559,0.0890592697498006,0.7748519856908677,0.0020895204248902862,0.22270941228402852,3.442661599384552,0.04774143108497106,53.883995143183476,0.47959835293296577,0.1684210526315791,15.273706558605383,2.5411168722630264,0.7395470291821165,0.04573624241501969,0.1687674204012519,0.14928706538335904,2.6082025776288664,1.5653399525661127,0.5560754574356622,Scientific & Technical Instruments,Technology,MKSI
2018Q1,2018,Q1,2018-05-08,2018-03-31,105121000.0,554275000.0,131639000.0,1.9,262855000.0,0.47423210500202967,2481456000.0,1698340000.0,1308022000.0,291025000.0,783116000.0,365709000.0,892820000.0,6294019950.0,6299877950.0,31.20629145765577,4.494534833777167,0.13973489757626167,0.20416759894956252,0.05338778789411344,31.20629145765577,0.061896322291178446,11.355410130350458,14.968512357188384,3.7059834603200774,0.09330200435688397,0.7968630796616982,0.0015583045617769292,0.2233668459162685,3.0348595481487846,0.04236262903714593,99.32803001609696,0.47423210500202967,0.3475177304964539,16.6937918397154,2.7944894281236863,0.6418207222226997,0.10292204795112576,0.3539890259924264,0.09684542061058525,2.042258639662795,1.5344387675160165,0.503239005392191,Scientific & Technical Instruments,Technology,MKSI
2017Q4,2017,Q4,2018-02-28,2017-12-31,77638000.0,511800000.0,120016000.0,1.41,238326000.0,0.46566236811254397,2414018000.0,1588907000.0,1236253000.0,289822000.0,825111000.0,339081000.0,795698000.0,5133051000.0,5192248000.0,29.251942265915535,4.265559550344694,0.16278461883879905,0.24731781029349106,0.04235714156037611,29.251942265915535,0.04886251995868858,10.029407971864009,16.528797109662793,3.2305547146560496,0.12590484041319971,0.8065152574163695,0.001904325517124221,0.2120116751407819,2.9104415813844358,0.03216131776979293,76.2077765900588,0.46566236811254397,0.02173913043478263,17.357190318380624,2.716423215022795,0.5251727492591661,0.04531239720169302,0.021633286838434615,0.0895193136943398,1.2198158191049593,1.4644864038735765,0.43585232894565534,Scientific & Technical Instruments,Technology,MKSI
2017Q3,2017,Q3,2017-11-03,2017-09-30,75994000.0,486267000.0,110155000.0,1.38,227995000.0,0.46886792646838055,2370345000.0,1507705000.0,1195203000.0,282612000.0,862640000.0,319460000.0,727835000.0,5126934900.0,5260708900.0,27.77541358092922,4.229130397859963,0.1855219387895011,0.2916691262548045,0.04240354193828436,27.77541358092922,0.05040375935610746,10.543456372733498,16.866248980182647,3.400489419349276,0.12500986920020002,0.8084642834783697,0.001852958967745036,0.20514608632920525,2.883493977608877,0.03206031189552576,56.43607133028785,0.46886792646838055,-0.36986301369863017,27.68016319598856,2.3473650437289857,0.4460800910634525,0.03830897656011622,-0.36903022251743606,0.18595437270544662,1.5509090255891882,1.5442797884651938,0.39207677611341735,Scientific & Technical Instruments,Technology,MKSI
2017Q2,2017,Q2,2017-08-03,2017-06-30,120440000.0,480757000.0,92883000.0,2.19,219583000.0,0.4567442595739636,2384683000.0,1429756000.0,1202100000.0,258256000.0,954927000.0,304707000.0,661341000.0,3646179400.0,3785005400.0,26.3899737900993,4.65468372467629,0.23552648297488596,0.3928334624929009,0.03556032688963681,26.3899737900993,0.08423814972624699,7.584246095220663,7.568456077715044,2.550210945084336,0.07874460312188641,0.8571316051157342,0.0026010788169117515,0.20160205779971593,3.2540967102410012,0.05050566469421722,35.1350928923836,0.4567442595739636,0.8559322033898306,5.305603015155085,1.635080569858325,0.37045060649958855,0.06828608542085265,0.8512142637565324,0.11130653266331658,4.589133727181515,1.5636974182813284,0.349769278427477,Scientific & Technical Instruments,Technology,MKSI
2017Q1,2017,Q1,2017-05-09,2017-03-31,65060000.0,437153000.0,83580000.0,1.18,205547000.0,0.4701946458105057,2220547000.0,1305405000.0,1021518000.0,230396000.0,915142000.0,285518000.0,550385000.0,3696618750.0,4003561750.0,24.278022652457736,4.43374884980642,0.2534758327565235,0.4311727011923503,0.03766031072697651,24.278022652457736,0.04983893887337646,8.456121197841489,14.204652436212726,2.8317792179438563,0.14477405471872118,0.8111782794780014,0.0025480041727321758,0.19686725838273184,2.944755985346968,0.029299087116823018,59.663300138803706,0.4701946458105057,0.4216867469879518,1.790291704498331,1.2364581307603273,0.26703785860296175,0.12070902032626712,0.4302987666805901,0.3369805163643344,1.0683892866850586,1.1043667238229131,0.23996284825163913,Scientific & Technical Instruments,Technology,MKSI
2016Q4,2016,Q4,2017-03-01,2016-12-31,45487000.0,405140000.0,62514000.0,0.83,183408000.0,0.4527027694130424,2212242000.0,1241792000.0,998769000.0,237300000.0,970450000.0,275869000.0,494744000.0,3184849800.0,3568448800.0,23.160415539847435,4.208887484197219,0.276742779496999,0.49301493325774365,0.03094962060996378,23.160415539847435,0.036630128072978406,7.861109246186503,17.504175918394264,2.5647208228109055,0.20032097082682965,0.8037583055725724,0.002861045440824242,0.18313547975311922,2.82952802359882,0.02056149372446595,69.90912044252255,0.4527027694130424,0.3833333333333333,0.9610269136642761,1.3109900070251705,0.22828254354911837,0.08921816076253823,0.39749301053795816,0.17933142167220043,1.2323712482380802,0.9686215646889351,0.20732992591690622,Scientific & Technical Instruments,Technology,MKSI
2016Q3,2016,Q3,2016-11-08,2016-09-30,32549000.0,380660000.0,53008000.0,0.6,168385000.0,0.44235012872379553,2241665000.0,1215539000.0,1002343000.0,230435000.0,1026126000.0,278965000.0,458369000.0,2664235020.0,2947957020.0,22.688972262664727,4.349786273786534,0.29022891466833806,0.535232518249106,0.02188415872725575,22.688972262664727,0.026777421374386177,6.998988651289865,20.463263233893514,2.1918136892358038,0.27982426495437646,0.7609377520477479,0.003418617326034548,0.16981127867009566,2.914422722242715,0.01452001079554706,36.337084288052374,0.44235012872379553,2.529411764705882,0.04927918457225255,0.9162001607790499,0.22368707049711584,0.23891754283990493,2.5340933767643867,1.762847909934327,12.140972808027211,1.2694329767451311,0.19975414337916836,Scientific & Technical Instruments,Technology,MKSI
2016Q2,2016,Q2,2016-08-03,2016-06-30,9210000.0,325861000.0,19186000.0,0.17,135913000.0,0.41708888145559,2245128000.0,1181610000.0,1001513000.0,207690000.0,1063518000.0,278360000.0,434928000.0,2302030660.0,2657339660.0,22.1022801668506,4.8221532091097306,0.31605503116080685,0.6005230152080636,0.0075545484772639605,22.1022801668506,0.007794449945413461,7.064455887633071,62.48726004343106,1.948215282538232,0.9864277958740499,0.6823825262250324,0.0039465156385015306,0.14514139060222847,3.2525494727719195,0.004102215998375148,109.24076590898306,0.41708888145559,-0.48484848484848486,-0.766381356825746,0.4213060757337869,0.2191858903416578,0.7444200582701218,-0.4756021180891647,-0.14951903896449312,0.24861803655859446,1.0606916014408425,0.1678635032409078,Scientific & Technical Instruments,Technology,MKSI
2016Q1,2016,Q1,2016-05-06,2016-03-31,17563000.0,183681000.0,22559000.0,0.33,77913000.0,0.4241756088000392,1290660000.0,1171069000.0,959133000.0,97941000.0,119591000.0,151650000.0,434803000.0,2004297750.0,1646442750.0,21.998102751948906,9.792967194535485,0.0,0.0,0.01421241482824658,21.998102751948906,0.014997408350831591,10.911840364545053,28.53011658031088,1.711511234607013,0.5156294482719354,0.6974480712166172,0.004518290757947516,0.14231555948119567,8.030487742620558,0.013607766569042196,95.3292627824019,0.4241756088000392,-0.31249999999999994,-0.5541908829662161,-0.2349668336595617,0.24073060788094203,0.07024821769529802,-0.31184860120680197,0.015942355325377168,2.0221453718416047,0.2855160737078966,0.1573608801526919,Scientific & Technical Instruments,Technology,MKSI
2015Q4,2015,Q4,2016-02-26,2015-12-31,25522000.0,172387000.0,22205000.0,0.48,72799000.0,0.42229982539286604,1273347000.0,1160881000.0,939511000.0,90984000.0,112466000.0,152631000.0,427214000.0,1915812000.0,1688238000.0,21.81410075727681,10.326112283478414,0.0,0.0,0.021182744166953007,21.81410075727681,0.02198502688906098,11.113436628052,18.766280072094663,1.6503086879706015,0.3542433978528329,0.6524755783556421,0.004719147807822479,0.13538100769075515,8.485733755385562,0.020043240373598083,48.94517398191201,0.42229982539286604,-0.14285714285714296,-0.31419639770213476,-0.23954083450527983,0.32390300520912163,-0.2274246781776311,-0.1426651886190332,-0.463167565215289,5.159421972567783,0.2776820011256357,0.13736967351255067,Scientific & Technical Instruments,Technology,MKSI
2015Q3,2015,Q3,2015-11-04,2015-09-30,29769000.0,209332000.0,41363000.0,0.56,94229000.0,0.45014140217453613,1293345000.0,1146672000.0,719362000.0,107612000.0,146673000.0,168079000.0,413419000.0,1787618420.0,1592471420.0,21.50789661252204,6.684774932163699,0.0,0.0,0.025516438466224096,21.50789661252204,0.025961216459458328,8.539632832056256,15.012415768080889,1.5589623013381333,0.30434344452282575,0.6848148787177458,0.005068195705882243,0.16185317915946634,4.720449392261086,0.02301706041311483,52.76790802019069,0.45014140217453613,-0.09677419354838701,-0.27412905426741885,-0.10896164434007644,0.3475351745213102,-0.04624587542257941,-0.1038832028898254,-0.10146847981926402,10.438817545197345,0.4671633670072906,0.11977238435700999,Scientific & Technical Instruments,Technology,MKSI
2015Q2,2015,Q2,2015-08-05,2015-06-30,33220000.0,217966000.0,46034000.0,0.62,98798000.0,0.453272528743015,1280333000.0,1129436000.0,687668000.0,111978000.0,150897000.0,165590000.0,395455000.0,2025388959.9999998,1847069959.9999998,21.15682601528548,6.141099144474808,0.0,0.0,0.028916665014317663,21.15682601528548,0.02941291051462854,9.292224291862032,15.242240818783864,1.7932746609812331,0.27344972907886816,0.7196569841173984,0.004485064439178142,0.17024164807124398,4.343585347121756,0.02594637488840794,56.636809932608145,0.453272528743015,-0.015873015873015886,-0.19653700557825407,-0.07353037575186802,0.40514511391270874,0.01805329431403664,-0.01675250103593204,-0.02076154009785152,0.765092068683792,0.2124641144766257,0.09868942178078442,Scientific & Technical Instruments,Technology,MKSI
2015Q1,2015,Q1,2015-05-06,2015-03-31,33786000.0,213839000.0,47010000.0,0.63,97046000.0,0.45382741221199124,1249610000.0,1104689000.0,675341000.0,103866000.0,144921000.0,164412000.0,374063000.0,1799165340.0000002,1606452340.0000002,20.759367835532004,6.502041091406235,0.0,0.0,0.03025975490491882,20.759367835532004,0.030584173464205763,8.413644564368521,13.312950186467768,1.6286623112930427,0.25998934469898777,0.7103678563608495,0.004882263905773106,0.17112459087235218,4.582346484893998,0.027037235617512662,105.2081948424069,0.45382741221199124,-0.015625000000000014,0.07757320820562714,0.0063172861971205856,0.44715484510743536,0.08511304425609947,-0.011874122601778194,0.2193287337241272,0.4641257573835513,0.10540208136771892,0.083403922338006,Scientific & Technical Instruments,Technology,MKSI
2014Q4,2014,Q4,2015-02-25,2014-12-31,34192000.0,203021000.0,38554000.0,0.64,89434000.0,0.44051600573339705,1224044000.0,1081822000.0,738091000.0,103627000.0,142222000.0,155169000.0,349061000.0,1943533200.0,1638096200.0,20.372528341682045,7.122574232584172,0.0,0.0,0.03128862157365769,20.372528341682045,0.03160593886979558,9.57306485535979,14.210438114178755,1.7965369533989881,0.2564927468413664,0.7320212155778538,0.0045124004056118,0.16586086774658426,5.2244395765582325,0.027933636372548698,63.946737735662815,0.44051600573339705,0.16363636363636358,1.1367318530974966,0.2704219353061779,0.4753235400773085,0.12743775606681373,0.1742968025552083,0.36959147424511546,0.4883751014588603,0.1692988929739691,0.08043056857055689,Scientific & Technical Instruments,Technology,MKSI
2014Q3,2014,Q3,2014-11-05,2014-09-30,29117000.0,186798000.0,28150000.0,0.55,79325000.0,0.4246565809055772,1217368000.0,1058560000.0,736875000.0,104868000.0,158808000.0,153930000.0,323639000.0,1770942520.0000002,1475486520.0000002,19.95250122516681,7.026690696876073,0.0,0.0,0.02712655941761225,19.95250122516681,0.027506234885126966,9.480521847128985,15.205399938180445,1.6729732088875455,0.3006834495312017,0.6981939842785682,0.004943695179897764,0.15344415164518863,5.166380592745165,0.023917993573019828,46.87637364673496,0.4246565809055772,0.37500000000000006,7.832392715936049,0.6388492094276448,0.4793732498129563,-0.003892760720788598,0.37189031285337354,-0.08186562296151337,-0.052157945371765775,-0.0504632207001308,0.07610064883771747,Scientific & Technical Instruments,Technology,MKSI
2014Q2,2014,Q2,2014-08-06,2014-06-30,21224000.0,184697000.0,30660000.0,0.4,79635000.0,0.43116563885715525,1197901000.0,1043286000.0,763028000.0,92772000.0,154615000.0,155872000.0,303277000.0,1666997640.0,1404208640.0,19.5514701748468,8.22476609321778,0.0,0.0,0.020191288792433378,19.5514701748468,0.020343414940869522,9.025580491291143,19.635761873350923,1.5978338058787331,0.41335280814172637,0.6740274071032643,0.0052627549010807245,0.15418385993500297,6.105333505799163,0.01771765780310727,121.20093354660463,0.43116563885715525,-0.3103448275862068,1.0946804829719448,1.156086139704833,0.45122755081602556,-0.10894911157857047,-0.3207233157305169,-0.18841653872624278,-0.4606282175469031,-0.19289844094641453,0.0784804279315914,Scientific & Technical Instruments,Technology,MKSI
2014Q1,2014,Q1,2014-05-07,2014-03-31,31245000.0,206353000.0,37778000.0,0.58,89372000.0,0.4331024991155932,1222760000.0,1045768000.0,895609000.0,116210000.0,176992000.0,147511000.0,301147000.0,1596454790.0,1309364790.0,19.579637153395367,7.706815248257465,0.0,0.0,0.02969285771128317,19.579637153395367,0.029877563666128624,7.736523287764171,12.773682109137463,1.526586001866571,0.2737397983677388,0.7930323840255981,0.005357495905035933,0.16876001831921228,6.1360123913604685,0.025552847656122216,234.60026304188096,0.4331024991155932,0.5263157894736841,2.7371410978707464,1.467289112935267,0.11009054295371476,0.019297445255474454,0.5439541434007017,0.22053502196950117,-0.20950828479990993,-0.14336983255684096,0.10432501299541778,Scientific & Technical Instruments,Technology,MKSI
2013Q4,2013,Q4,2014-02-26,2013-12-31,20237000.0,204394000.0,30952000.0,0.38,87680000.0,0.4289754102370911,1213018000.0,1021523000.0,879231000.0,128422000.0,191495000.0,142727000.0,278966000.0,1593269920.0,1304367920.0,19.183170269102927,6.846420395259379,0.0,0.0,0.01968090222815809,19.183170269102927,0.019810616109475754,7.795091441040344,19.682634777882097,1.5597004864305553,0.42086277610317735,0.8177429638400583,0.005345610240354,0.16850038499016504,5.500615159396365,0.016683181947835895,51.31469354890657,0.4289754102370911,6.6,3.9601288543242683,0.5022711455801104,0.05995529950944824,0.4088761770093518,7.233116354759967,1.5098929614012326,-0.45655723658798414,-0.09892248983624793,0.16423120307775,Scientific & Technical Instruments,Technology,MKSI
2013Q3,2013,Q3,2013-11-06,2013-09-30,2458000.0,166453000.0,12332000.0,0.05,62234000.0,0.373883318414207,1171974000.0,1005422000.0,893557000.0,96161000.0,166552000.0,136060000.0,267246000.0,1413657350.0,1158879350.0,18.911351453023606,9.292301452771914,0.0,0.0,0.0024041938072694885,18.911351453023606,0.0024447445948069567,8.492831910509272,143.78126017087064,1.4060338345490748,3.4609438567941417,0.7659782448919594,0.0060177241677412145,0.14202789481677922,7.474828672746748,0.002097316152064807,42.398696838821905,0.373883318414207,-0.6428571428571429,-0.6682440342405818,-0.03047986311814334,0.03748611747535923,0.004454630556183221,-0.664207650273224,0.18269876282727535,-0.9398975057939969,-0.28949383172093435,0.18485371860339025,Scientific & Technical Instruments,Technology,MKSI
2013Q2,2013,Q2,2013-08-06,2013-06-30,7320000.0,156928000.0,10427000.0,0.14,61958000.0,0.3948180057096248,1130347000.0,1004068000.0,861688000.0,79586000.0,126279000.0,137006000.0,273296000.0,1407522620.0,1171798620.0,18.92539676555962,10.827130399819064,0.0,0.0,0.007145742175539438,18.92539676555962,0.007290342885143237,8.96922550469005,48.07112773224044,1.4018200161742034,1.1616120218579236,0.6931813205261084,0.006041110728295081,0.13883170389269844,8.691604050963738,0.006475887492955703,7863.254860335195,0.3948180057096248,0.2727272727272728,-0.25752674466828,-0.1404743257890216,0.04955691813939348,0.13264597272494608,0.27061274084360354,1.2298973481608213,-0.821856364617257,-0.3288248799301108,0.2569432094763412,Scientific & Technical Instruments,Technology,MKSI
2013Q1,2013,Q1,2013-05-08,2013-03-31,5761000.0,141645000.0,4676000.0,0.11,54702000.0,0.3861908291856402,1125408000.0,1003063000.0,858645000.0,76732000.0,122345000.0,131253000.0,275058000.0,1415899590.0,1149950590.0,19.007124855513236,11.19018141062399,0.0006744220762603429,0.0007566822821697142,0.005402832556373406,19.007124855513236,0.005743407941475261,9.996114158636027,61.44330801944106,1.4115759329174737,1.4664120812358965,0.6624077163950538,0.005966524787255571,0.12586102106969205,9.139759161757807,0.005119032386476726,-1585.5538521836506,0.3861908291856402,0.41275979557069836,-0.7229188646213991,-0.2822174677204364,0.07826011499840588,0.039942206421931144,0.4020442930153322,-0.2931216931216931,-0.8147227890872794,-0.3278543554091153,0.32500435678671696,Scientific & Technical Instruments,Technology,MKSI
2012Q4,2012,Q4,2013-02-26,2012-12-31,4109000.0,133796000.0,6615000.0,0.07786178538267675,52601000.0,0.39314329277407395,1134842000.0,1012156000.0,868182000.0,79311000.0,122686000.0,134639000.0,278583000.0,1360487940.0,1072899940.0,19.17942887461391,10.9465521806559,0.0,0.0,0.003914663352289568,19.17942887461391,0.0040596508838558485,10.168375287751502,82.77488074957411,1.344148471184284,2.050377220734972,0.6030570637036817,0.006192631152614259,0.11789835060739733,8.95296995372647,0.00362076835365628,81.6913618349946,0.39314329277407395,0.557235707653535,-0.734316750662752,-0.28742182884333417,0.04004196393367509,-0.07017729932297467,0.5926356589147287,0.03488735919899875,-0.7416188923017228,-0.15754008475441397,0.3889224954991578,Scientific & Technical Instruments,Technology,MKSI
2012Q3,2012,Q3,2012-11-07,2012-09-30,2580000.0,141447000.0,6392000.0,0.05,56571000.0,0.39994485567032173,1142302000.0,1015187000.0,852937000.0,89190000.0,127115000.0,145518000.0,284802000.0,1328221020.0,1047417020.0,19.207382601127634,9.56314609261128,0.003645270690237783,0.0041017073701692395,0.002429538044147763,19.207382601127634,0.0025414037019780593,9.390238181085495,128.70358720930233,1.3083510919663077,3.2771317829457365,0.583268049313487,0.006365657426502707,0.12382627361240722,7.525170983294092,0.002258597113547906,46.07878647007806,0.39994485567032173,-0.8571428571428572,-0.8703087533488397,-0.16011299932718548,0.11068809102041781,-0.2606644361963511,-0.8610811975016154,-0.7704600136459941,1.60769571380573,0.24566363853876433,0.42412661442116834,Scientific & Technical Instruments,Technology,MKSI
2012Q2,2012,Q2,2012-08-03,2012-06-30,18572000.0,177397000.0,27847000.0,0.35,76516000.0,0.4313263471197371,1134920000.0,1014409000.0,891596000.0,84572000.0,120511000.0,145609000.0,291765000.0,1520315940.0,1111099940.0,19.256420964710795,10.542449037506504,0.0,0.0,0.018210757503180675,19.256420964710795,0.018308197186736316,8.570133316797916,20.465161802713762,1.4987208709701905,0.42693301744561707,0.6928211855036434,0.005215363327704108,0.15630793359884398,8.399860473915718,0.01636414901490854,29.741885087153,0.4313263471197371,-0.186046511627907,-0.11075993216222185,-0.06194857166301581,0.1304800774643389,-0.08682316716592474,-0.1842937456078707,-0.16548293326141028,1.0839224859878553,1.0976787325522364,0.42932722624878467,Scientific & Technical Instruments,Technology,MKSI
2012Q1,2012,Q1,2012-05-09,2012-03-31,22768000.0,190868000.0,33369000.0,0.43,83791000.0,0.4389997275604082,1127733000.0,1006042000.0,884109000.0,87479000.0,121691000.0,148474000.0,281711000.0,1550443120.0,1205138120.0,19.161244857534665,10.106528423964608,0.00032631837500543125,0.0003657898974396695,0.02245342023463453,19.161244857534665,0.02263126191550651,8.123117128067564,17.024366654954324,1.5411316028555466,0.34596802529866477,0.7211835068766249,0.005080483055708615,0.16924928152319743,8.008516329633398,0.020189175984031683,67.80561182541766,0.4389997275604082,-0.006043849608171192,-0.10452450966132745,-0.031064738020576563,0.15773284403654414,0.10307921170074116,0.0023773883948225764,0.1123,2.28770910600624,1.3215641893310925,0.08636929994798748,Scientific & Technical Instruments,Technology,MKSI
2011Q4,2011,Q4,2012-02-24,2011-12-31,22714000.0,171671000.0,30000000.0,0.4326146579308243,75961000.0,0.4424800927355232,1118654000.0,990012000.0,884901000.0,96431000.0,128642000.0,153632000.0,268870000.0,1460661280.0,1149677280.0,18.85593478592107,9.176519998755587,0.0017270755747532303,0.0019514914970727628,0.02269047406268233,18.85593478592107,0.022943156244570773,8.508491707976303,16.076662851105045,1.475397550736759,0.34670247424495904,0.6229821912101645,0.005391393684372875,0.15346210713947298,7.118177764411859,0.020304759112290308,32.09116091044907,0.4424800927355232,-0.24102691591083447,-0.07977328226196834,-0.078219827599037,0.17907783671426822,-0.13363671616597095,-0.252164751588582,-0.27028604786923527,4.369717416639555,0.27971274830646425,0.04187408666921197,Scientific & Technical Instruments,Technology,MKSI
2011Q3,2011,Q3,2011-11-04,2011-09-30,30373000.0,194508000.0,41112000.0,0.57,87678000.0,0.45076809180085137,1087712000.0,972612000.0,850328000.0,82931000.0,115100000.0,161059000.0,254701000.0,1138819760.0,924010760.0,18.541482385237153,10.253439606419795,0.00119700803153776,0.0013386633107549568,0.03098155563151632,18.541482385237153,0.03122828013637504,5.854873629876406,9.373619332960196,1.1708880416856875,0.25911171105916436,0.6632973009890786,0.006910663369592393,0.17882307081286222,7.854192039165089,0.027923751875496453,26.7995425236504,0.45076809180085137,-0.21917808219178087,0.1539329023984661,0.004497292084323773,0.1950432744222077,-0.16487598582695165,-0.21315509960881843,-0.28257569147543843,3.1548485751411786,0.14824172092940507,0.01719491702544927,Scientific & Technical Instruments,Technology,MKSI
2011Q2,2011,Q2,2011-08-05,2011-06-30,38601000.0,224487000.0,57305000.0,0.73,104988000.0,0.46767964291918906,1080615000.0,948966000.0,849709000.0,101983000.0,131649000.0,164450000.0,232372000.0,1382981320.0,1157062320.0,18.12872043709166,8.331869036996363,0.0005728219578665853,0.0006522889123530243,0.04043236997008831,18.12872043709166,0.040676905178899984,6.160629880572149,8.956900857490739,1.457356027507835,0.2037511981554882,0.7266585588324719,0.0056869893224588165,0.2077400369234186,6.346812704078131,0.03572132535639427,49.353412318892296,0.46767964291918906,0.0,0.6742168443737268,0.19645607730461226,0.20845615950228408,-0.012908866971916398,0.014667612964277266,0.014104197635732993,2.9682856028663385,0.2461899433975916,0.005375167953681354,Scientific & Technical Instruments,Technology,MKSI
2011Q1,2011,Q1,2011-05-06,2011-03-31,38043000.0,231851000.0,56508000.0,0.73,106361000.0,0.45874721264950336,1049319000.0,911444000.0,823574000.0,110052000.0,137875000.0,159843000.0,201636000.0,1711853099.9999998,1454157099.9999998,17.72995895500613,7.483498709700869,0.0014399815499385792,0.0016578089273723894,0.04147129364865324,17.72995895500613,0.0417392620939959,7.383419092434364,11.249461793233971,1.8781769368167431,0.20405856530767816,0.7850828625588859,0.0045348517346494276,0.22095378049954303,5.768200487042489,0.03625494249127291,70.051688014077,0.45874721264950336,0.04389857854182317,1.620689029372354,0.3767507922255948,0.2245990930752789,0.09288848244469333,0.05824918634732538,0.16749653932769984,0.8783363527435407,0.20611892826294426,0.005807439424309926,Scientific & Technical Instruments,Technology,MKSI
2010Q4,2010,Q4,2011-02-25,2010-12-31,35949000.0,218978000.0,48401000.0,0.6993016515260567,97321000.0,0.4444327740686279,982413000.0,847039000.0,752895000.0,109686000.0,135374000.0,156429000.0,171356000.0,1259471500.0,1096995500.0,16.477114011710466,6.864093867950331,0.0,0.0,0.04009659813962522,16.477114011710466,0.04244078489892437,5.751589200741627,8.758738073381735,1.486910874233654,0.0,0.7777138510122803,0.0,0.22289810904375248,5.197691592363657,0.03659255323372146,15.20568279225875,0.4444327740686279,-0.07986624799203064,2.157689241835131,0.8024895019211189,0.1806348775306243,-0.011999634528897596,-0.06954653690858267,-0.11895660404834717,1.3861864216342914,0.19723496670540913,-0.10649633371612063,Scientific & Technical Instruments,Technology,MKSI
2010Q3,2010,Q3,2010-11-04,2010-09-30,38636000.0,221323000.0,54936000.0,0.76,98503000.0,0.4450644533103202,935619000.0,801653000.0,707912000.0,110157000.0,133966000.0,152096000.0,135407000.0,903063480.0,782625480.0,15.960916656711664,6.426391423150594,0.010210352718360786,0.011916627268905624,0.04509051482246176,15.960916656711664,0.04819541622123288,4.080296580111421,5.843406926182834,1.1265017158296668,0.0,0.8075163054912686,0.0,0.23655248557372177,4.697141352796463,0.04129458679227335,27.97941132730202,0.4450644533103202,0.0,4.765702193306631,0.9474097805961454,0.1531171521171261,0.012166175155930497,-0.003636176083760992,0.09984183867544896,1.0437717150320418,0.3829387163700122,-0.07704238414356837,Scientific & Technical Instruments,Technology,MKSI
2010Q2,2010,Q2,2010-08-05,2010-06-30,38777000.0,220647000.0,49949000.0,0.76,97319000.0,0.4410619677584558,883059000.0,753843000.0,665663000.0,108145000.0,129216000.0,137305000.0,96771000.0,937254240.0,798718240.0,15.056684043381868,6.155282259928799,0.014705699166193879,0.017226398600239043,0.043003471835604615,15.056684043381868,0.051439092755388056,4.247754286258141,6.042591226758129,1.2433016423844223,0.0,0.8982047267033247,0.0,0.24986665670130762,4.502066669748948,0.043912128181695674,49.0631963565932,0.4410619677584558,0.310344827586207,3.2752868141758564,0.827054381678795,0.09685274230762705,0.10009721468620003,0.3268434559452523,0.17105479098773826,0.953531901025432,0.22762113794625974,-0.1160724324155818,Scientific & Technical Instruments,Technology,MKSI
2010Q1,2010,Q1,2010-05-10,2010-03-31,29225000.0,198069000.0,42653000.0,0.58,88464000.0,0.4466322342214077,818402000.0,711524000.0,587363000.0,87760000.0,106878000.0,126770000.0,57994000.0,971683590.0,853079590.0,14.344952722727365,6.692832725615315,0.011853587845582,0.013634114942011794,0.04021491254806799,14.344952722727365,0.04107380777036333,4.905783287642185,8.312092301112061,1.3656371253815753,0.0,0.8645973022008362,0.0,0.24201920327662935,4.85274612579763,0.03570983453119616,72.2817518411069,0.4466322342214077,0.9247059610624205,4.8162360259273544,0.6886679192385007,0.056051139561751166,0.4101444192941627,0.955241854552753,1.0897065307922198,0.21670501876502513,0.06433931921231797,-0.13327014832638076,Scientific & Technical Instruments,Technology,MKSI
2009Q4,2009,Q4,2010-02-26,2009-12-31,14947000.0,149270000.0,20411000.0,0.30134473095300496,62734000.0,0.4202719903530515,774069000.0,684933000.0,532881000.0,71300000.0,89136000.0,118004000.0,28769000.0,863057399.9999999,764933399.9999999,13.808854660188302,7.473786816269285,0.0166458028935405,0.018812058989711403,0.02125715804133596,13.808854660188302,0.02182257242679211,5.781854357874991,14.435294707968154,1.2600610570668955,0.0,0.7333310735229315,0.0,0.19283810616366243,5.3364095371669,0.01930964810630577,116.94544715447152,0.4202719903530515,4.7668091369125625,-0.3267322656319303,0.23905324450601054,0.02389025476598304,0.5890473416246612,4.762144475207652,9.51571354971664,-0.3590012090693526,-0.1515916836763083,-0.1365204289742542,Scientific & Technical Instruments,Technology,MKSI
2009Q3,2009,Q3,2009-11-06,2009-09-30,-3973000.0,106262000.0,1941000.0,-0.08,39479000.0,0.37152509834183434,750425000.0,667087000.0,516553000.0,64516000.0,83338000.0,116156000.0,13822000.0,954102690.0,824266690.0,13.487131275146075,8.006587513175026,0.013640270513375755,0.015344325402833514,-0.005161498975840838,13.487131275146075,-0.00595574490283876,8.978775950010352,-60.03666561792097,1.4302522609494712,0.0,0.5749423189503771,0.0,0.14160242529233436,5.715636431272863,-0.005294333211180331,3419.7229032258065,0.37152509834183434,0.9809523809523809,-1.354372807174094,-0.17538346763116164,0.044749224839126266,0.5464979630209965,0.9808191798545869,1.00873372269868,-1.16008244528471,-0.4180019015451102,-0.1307218491631634,Scientific & Technical Instruments,Technology,MKSI
2009Q2,2009,Q2,2009-08-07,2009-06-30,-207134000.0,79155000.0,-222242000.0,-4.2,25528000.0,0.32250647463836773,742921000.0,664282000.0,502424000.0,60442000.0,78639000.0,121641000.0,17795000.0,647893980.0,517189980.0,13.472367006713043,8.312497931901659,0.012112997209662938,0.013546957466858954,-0.30759749913279394,13.472367006713043,-0.31181636714527866,8.185130187606594,-0.7819744464935743,0.9753297244242657,0.0,0.4408628669609753,0.0,0.10654564886441492,5.795407167201615,-0.2788102638100148,249.86269957578094,0.32250647463836773,-11.352941176470589,-11.77805390572254,-0.4329884408208821,0.062463219452848,1.410348409026532,-11.55433662646221,-4.4727277204560565,-10.537607912608943,-0.5521229196047389,-0.1019352441980949,Scientific & Technical Instruments,Technology,MKSI
2009Q1,2009,Q1,2009-05-07,2009-03-31,-16499000.0,76719000.0,-40609000.0,-0.34,10591000.0,0.13804924464604595,946064000.0,864150000.0,498323000.0,65052000.0,81914000.0,126512000.0,224929000.0,718741980.0,631425980.0,17.637874025390865,7.660379388796655,0.009616685551928834,0.010528264768848002,-0.01935327889383645,17.637874025390865,-0.01909275010125557,9.36850037148555,-10.890690041820715,0.831732893594862,0.0,0.5227014038194006,0.0,0.08109282247289824,5.241529853040644,-0.017439623534982834,-101.76157157015433,0.13804924464604595,-1.6483243243243246,-2.4114524850731813,-0.37292748339244547,0.431801870679985,-0.7625815418413324,-1.6230524642289348,-2.0755074219933354,-2.192553079524662,-0.5219991627699224,0.21823883462352914,Scientific & Technical Instruments,Technology,MKSI
2008Q4,2008,Q4,2009-02-27,2008-12-31,-6290000.0,125180000.0,-13204000.0,-0.12838306731436502,44609000.0,0.3563588432656974,984939000.0,886698000.0,528728000.0,75935000.0,98241000.0,131519000.0,241428000.0,724621260.0,624434260.0,18.09809364411969,6.9629024823862515,0.018080307511429642,0.02008350080861804,-0.007694321527463276,18.09809364411969,-0.007093734281570501,5.788634446397188,-28.800527027027027,0.8172131435956773,0.0,0.6126187090838586,0.0,0.1270941652224148,4.796457496543096,-0.0063861822914921635,30.974662734034368,0.3563588432656974,-1.9170219093883214,-4.2008615401809495,0.33689877674983687,0.5844125150294982,-0.29123436978661876,-1.926225887203652,-2.652979469203806,-1.5797123882200075,0.08115153330738846,0.29678295348791583,Scientific & Technical Instruments,Technology,MKSI
2008Q3,2008,Q3,2008-11-07,2008-09-30,6791000.0,157364000.0,7988000.0,0.14,62939000.0,0.39995805902239395,996700000.0,888253000.0,540318000.0,86448000.0,108447000.0,142680000.0,247718000.0,970214300.0,843632300.0,18.228052534373077,6.250208217656858,0.018912410956155312,0.021221431281402935,0.006089809335564914,18.228052534373077,0.007645344288170149,6.165414580208942,35.716915770873214,1.0922724719195995,0.0,0.6617956265769555,0.0,0.15788502056787398,4.184827873403664,0.0068134844988461925,59.84544164816185,0.39995805902239395,-0.22222222222222213,2.279922867739717,1.0438509714017326,0.5688845224223414,-0.10709624333219839,-0.2645657353259692,-0.38101511042231695,0.04454212865021837,0.42714587211214466,0.31690932790122633,Scientific & Technical Instruments,Technology,MKSI
2008Q2,2008,Q2,2008-08-07,2008-06-30,9234000.0,171002000.0,12905000.0,0.18,70488000.0,0.41220570519643046,1014186000.0,896018000.0,553221000.0,89981000.0,118168000.0,152468000.0,245559000.0,1088232900.0,941244900.0,18.031796502384736,6.148197952901168,0.02360217948187019,0.02671486510315641,0.009064608801890197,18.031796502384736,0.010305596539355236,6.363860656600508,29.4626624431449,1.2145212484570622,0.0,0.6592465304194979,0.0,0.1686100971616646,4.105922361387404,0.009104838757387698,63.972306154840986,0.41220570519643046,-0.5384615384615385,2.7468211168421206,1.1800288165050827,0.541369552799073,-0.13941421368137033,-0.5469531939947012,-0.5365249245798017,0.025781238464839734,0.4266862303132116,0.3135844111085835,Scientific & Technical Instruments,Technology,MKSI
2008Q1,2008,Q1,2008-05-08,2008-03-31,20382000.0,193448000.0,27844000.0,0.39,81907000.0,0.4234057731276622,1046722000.0,911928000.0,582576000.0,107438000.0,134794000.0,154938000.0,254178000.0,1107086200.0,998414200.0,17.627587806622465,5.422438988067537,0.022580971833973108,0.02591871288084147,0.0210039803126969,17.627587806622465,0.02235044871963576,5.722913651213763,13.579214502992837,1.2140061496083023,0.0,0.719907317765816,0.0,0.18481315955908065,3.7062491855767976,0.019472218984601452,56.18871237882556,0.4234057731276622,0.3307743552536112,3.724484989561918,1.6399550413082284,0.49945277257900716,0.07776622761424794,0.3443704241145043,0.3653035206433265,2.889171261773065,0.5813017676423973,0.29771317833727556,Scientific & Technical Instruments,Technology,MKSI
2007Q4,2007,Q4,2008-02-28,2007-12-31,15161000.0,184063000.0,20394000.0,0.2930624552993254,75997000.0,0.41288580540358466,1076260000.0,954009000.0,609980000.0,95745000.0,122251000.0,150731000.0,255244000.0,990169620.0,791404620.0,18.44101443952603,6.370880985952269,0.023417204021333134,0.026417989767392132,0.01400314195611979,18.44101443952603,0.015891883619546566,5.3795147313691505,16.327577666380844,1.0379038562529284,0.0,0.716946082756699,0.0,0.17102094289483954,4.504350096610789,0.014086744838607772,32.47948632159024,0.41288580540358466,-0.20793931000182325,1.7829831497727284,1.3570366250550776,0.5515225759433547,-0.007846157863129586,-0.2909456552240202,-0.11591815501994104,-0.3452366175982976,0.4648956894889262,0.3673527194884678,Scientific & Technical Instruments,Technology,MKSI
2007Q3,2007,Q3,2007-11-08,2007-09-30,21382000.0,181014000.0,23068000.0,0.37,76598000.0,0.4231606395085463,1114000000.0,982411000.0,668092000.0,106186000.0,131589000.0,159441000.0,256868000.0,1112320220.0,911250220.0,17.293228185674806,6.291714538639745,0.026210053859964094,0.02972075841984668,0.01798772804458638,17.293228185674806,0.021764821444385293,6.1449402808622535,13.005334159573472,1.132235103230725,0.0,0.6548880150024147,0.0,0.16249012567324955,4.478104458214831,0.019193895870736086,31.537290048199605,0.4231606395085463,-0.05128205128205133,6.044234724383747,0.7712680422075441,0.42065888764360976,-0.109636173427874,-0.050827895414391616,-0.165503020656224,0.660488595566097,0.2230155119521118,0.33957966103908965,Scientific & Technical Instruments,Technology,MKSI
2007Q2,2007,Q2,2007-08-08,2007-06-30,22527000.0,203978000.0,27643000.0,0.39,86030000.0,0.42176117032228966,1105672000.0,967863000.0,657727000.0,111535000.0,137809000.0,163713000.0,243479000.0,1573914000.0,1383182000.0,17.033843717001055,5.8970457703859775,0.027513584498838714,0.03143110130256038,0.019955030363802015,17.033843717001055,0.023274988298963798,7.7160968339722915,17.466972965774403,1.6261743655868652,0.0,0.7204559198108885,0.0,0.18448328256481125,4.142071995337786,0.020374034976014588,121.58470451911936,0.42176117032228966,-0.18749999999999994,5.320377178352107,1.1369275540069557,0.38742907931287063,-0.07357153625810342,-0.17453279589593257,-0.22957079152731327,0.017184347168170615,0.2679561619664612,0.34332982661500966,Scientific & Technical Instruments,Technology,MKSI
2007Q1,2007,Q1,2007-05-09,2007-03-31,27290000.0,211432000.0,35880000.0,0.48,92862000.0,0.4392050399182716,1081704000.0,932696000.0,633792000.0,123177000.0,149008000.0,157356000.0,231413000.0,1438154080.0,1219019080.0,16.550661887354934,5.1453761660050175,0.025034575077840147,0.029034111864959217,0.026007418632013616,16.550661887354934,0.02925926561280417,6.801969805895039,13.1747350677904,1.5419322909072195,0.0,0.7535143242075294,0.0,0.1954619748101144,3.613288195036411,0.025228713215445262,56.78119393556538,0.4392050399182716,0.021021401879741747,2.901708382429329,1.9401498996059887,0.22533766483084192,0.06423553411187641,0.030083418261427547,0.1726256618079613,1.0296928696914645,0.502462709114142,0.3435445007257093,Scientific & Technical Instruments,Technology,MKSI
