Quarters,Year,Quarter,FillingDate,Date,NetIncome,Revenue,OperatingIncome,EPSDiluted,GrossProfit,GrossProfitRatio,TotalAssets,CommonStockEquity,CurrentAssets,CurrentLiability,TotalLiability,Inventory,RetainedEarnings,MarketCap,EnterpriseValue,bookValuePerShare,currentRatio,debtToAssets,debtToEquity,roic,shareholdersEquityPerShare,roe,priceToSalesRatio,peRatio,pbRatio,payoutRatio,inventoryTurnover,dividendYield,assetTurnover,quickRatio,returnOnAssets,priceToFreeCashFlowsRatio,grossProfitMargin,epsdilutedGrowth,fiveYNetIncomeGrowthPerShare,fiveYRevenueGrowthPerShare,fiveYShareholdersEquityGrowthPerShare,grossProfitGrowth,netIncomeGrowth,operatingIncomeGrowth,threeYNetIncomeGrowthPerShare,threeYRevenueGrowthPerShare,threeYShareholdersEquityGrowthPerShare,Industry,Sector,Symbol
2023Q4,2023,Q4,2023-02-28,2023-02-28,-18499000.0,136522000.0,-1919000.0,-0.76,34666000.0,0.2539224447,519451000.0,341859000.0,285021000.0,153387000.0,214628000.0,175129000.0,97997000.0,278045471.34,312496471.34,14.053271039332584,1.8581822449099337,0.07813056476934302,0.11871853600461009,-0.007231597810857466,14.053271039332584,-0.05411295300109109,2.036634911149851,-3.7575743464511593,0.8133337760304686,0.0,0.5816055593305506,0.0,0.26281978473426754,0.5872401181325666,-0.03561259868592033,29.363762946456855,0.253922444734182,-3.5333333333333337,-2.469446983201413,0.11642072732111007,-0.250526844992569,-0.0665374155155236,-3.4927907290122624,-1.4174461605394824,0.1576624866058429,0.34043284774297067,-0.10403230572103254,Consumer Electronics,Technology,VOXX
2023Q3,2023,Q3,2023-01-09,2022-11-30,7421000.0,143055000.0,4597000.0,0.3,37137000.0,0.2595994548,566406000.0,362215000.0,321833000.0,167465000.0,237899000.0,192996000.0,117251000.0,268039231.25,308751231.25,14.851344079132819,1.9217926133819008,0.08684406591738082,0.13580056044062228,0.029803157630510096,14.851344079132819,0.02048783181259749,1.8736795725420292,9.029754455262095,0.7400003623538507,0.0,0.5488093017471865,0.0,0.2525661804430038,0.6475382915833159,0.013101909231187522,-99.60580871423262,0.2595994547551641,1.6666666666666665,-0.1467965228731196,-0.09193099859343026,-0.1856800635607509,0.2693372526233038,1.6796409927649052,1.4608983356727492,2.0153429458184995,0.30071867549397086,-0.09617412277912846,Consumer Electronics,Technology,VOXX
2023Q2,2023,Q2,2022-10-11,2022-08-31,-10919000.0,125705000.0,-9974000.0,-0.45,29257000.0,0.2327433276,546822000.0,356621000.0,301165000.0,163976000.0,223029000.0,192931000.0,109830000.0,235443282.28,270862282.28,14.601505749956281,1.8366407279114016,0.07268361550925163,0.11144884905824391,-0.02345827773083669,14.601505749956281,-0.030617938932367975,1.87298263617199,-5.390678685777086,0.660205883220562,0.0,0.4999092939962992,0.0,0.2298828503608121,0.5407193735668634,-0.0199681066233619,-9.458212440445106,0.23274332763215463,-0.40625,-1.6314431872450679,0.09590114617629647,-0.1851021723778892,-0.11979903125846145,-0.39148719255766534,-0.5192688499619192,-0.8351584905866003,0.3962170492928114,-0.10551771695941939,Consumer Electronics,Technology,VOXX
2023Q1,2023,Q1,2022-07-11,2022-05-31,-7847000.0,128732000.0,-6565000.0,-0.32,33239000.0,0.2582030886,541097000.0,372473000.0,290133000.0,168157000.0,204558000.0,181187000.0,120046000.0,204576431.56000003,217307431.56000003,15.257494307620428,1.7253697437513753,0.03412327179784771,0.04957137832809358,-0.014625335212641736,15.257494307620428,-0.021067298837768107,1.589165332318305,-6.517663806550274,0.5492382845467993,0.0,0.527041123259395,0.0,0.23790928428729044,0.5313129991614979,-0.014502020894590064,-8.650166239323468,0.2582030885871423,-8.272727272727273,-1.5621755940856996,-0.199245622161948,-0.06311456619300804,-0.2427266306700385,-8.120689655172415,-11.146831530139103,-5.819498260365706,0.37429282862186647,-0.08421001939456482,Consumer Electronics,Technology,VOXX
2022Q4,2022,Q4,2022-05-16,2022-02-28,1102000.0,163880000.0,647000.0,0.044,43893000.0,0.2678362216,586664000.0,384652000.0,330772000.0,204016000.0,236501000.0,174922000.0,126573000.0,260866815.76000002,248646815.76000002,15.82154459920717,1.6213042114343974,0.026536484256746623,0.04047294697544794,0.0005695045895874489,15.82154459920717,0.0028649272589249502,1.5918160590676105,59.18031210526316,0.6781891573682186,0.0,0.6859457358136769,0.0,0.2793421788280856,0.6593110344286722,0.0018784176291710417,42.12965370801034,0.2678362216255797,1.0360655737704918,13.168098707241855,-0.027055945585114365,-0.019875017763117432,-0.15107148383103822,1.03713939067134,1.0230807648401827,1.0301966337154573,0.527827655985803,-0.0547640417898001,Consumer Electronics,Technology,VOXX
2022Q3,2022,Q3,2022-01-10,2021-11-30,-29672000.0,191871000.0,-28032000.0,-1.22,51704000.0,0.2694727186,603115000.0,381932000.0,345098000.0,220926000.0,255338000.0,166361000.0,123812000.0,249943163.60999998,243987163.60999998,15.723895877913746,1.5620524519522374,0.025212438755461232,0.03981336991925264,-0.06854188096753965,15.723895877913746,-0.07768922216520219,1.3026625368607032,-2.1058840287981937,0.6544179686698155,0.0,0.8425472316227962,0.0,0.31813335765152584,0.6961697581995782,-0.04919791416230736,-43.949914473360295,0.2694727186495093,-123.0,-6.088569295402351,-0.0406642235313329,-0.02601913390918293,0.39041574786209865,-96.40836012861736,-9.238130021913806,-3.4365309926898973,0.4840779677367695,-0.13762667206750792,Consumer Electronics,Technology,VOXX
2022Q2,2022,Q2,2021-10-12,2021-08-31,311000.0,143109000.0,-2738000.0,0.01,37186000.0,0.25984389521273993,534822000.0,411447000.0,310444000.0,133812000.0,156648000.0,145711000.0,151933000.0,254224373.4,223175373.4,16.94507112904541,2.3200011957074103,0.018701549300514937,0.02430932781135845,-0.0049052058743742875,16.94507112904541,0.000755868921149018,1.776438752279731,204.36042877813506,0.6178787873043188,0.0,0.7269389407800372,0.0,0.26758248538766166,0.9879084088123636,0.0005815018828694406,23.976645609733094,0.25984389521273993,-0.9090909090909092,-0.8975326048047457,-0.10589807088546173,0.050523361484551006,0.013380569559885543,-0.8854933726067746,-6.691011235955056,1.0149956796715427,0.318567680023102,-0.04665735547386624,Consumer Electronics,Technology,VOXX
2022Q1,2022,Q1,2021-07-12,2021-05-31,2716000.0,137060000.0,-356000.0,0.11,36695000.0,0.26772946154968624,525838000.0,413268000.0,297592000.0,121615000.0,144840000.0,137723000.0,151622000.0,378310712.78,351129712.78,17.030572760298032,2.4470007811536405,0.01812155074376519,0.023057676858600232,-0.0006574860659957236,17.030572760298032,0.006572006542969695,2.7601832247191007,34.82241465206185,0.9154125477414171,0.0,0.7287453802197164,0.0,0.2606506186315938,1.0936562101714427,0.005165088867674075,-21.05234906956038,0.26772946154968624,-0.7105263157894737,1.627703139293903,-0.12218404873918905,0.0631077379653595,-0.1338982250755287,-0.7125317527519052,-1.1148387096774193,3.8983819959537915,0.3617730771094755,-0.08701109080478757,Consumer Electronics,Technology,VOXX
2021Q4,2021,Q4,2021-05-13,2021-02-28,9448000.0,162521000.0,3100000.0,0.38,42368000.0,0.2606924643584521,550818000.0,410680000.0,319339000.0,146796000.0,171489000.0,130793000.0,148906000.0,545505120.16,496447120.15999997,16.923922542270862,2.1753930624812665,0.018782973686408216,0.02519236388428947,0.010265278268598589,16.923922542270862,0.023005746566669913,3.3565208198325136,14.434407286198137,1.328297263465472,0.0,0.9186500806618091,0.0,0.29505390165172524,1.1327284122183165,0.0171526711182278,13.691710259525124,0.2606924643584521,-0.48648648648648646,2.7578786647168965,-0.04642443587409266,0.055508004807463096,-0.2711257913570052,-0.4823297353569667,-0.8330011312826591,-0.24766264666661353,0.33229931949577546,-0.09743250611499528,Consumer Electronics,Technology,VOXX
2021Q3,2021,Q3,2021-01-11,2020-11-30,18251000.0,201065000.0,18563000.0,0.74,58128000.0,0.28910053962648896,567989000.0,399868000.0,333851000.0,170817000.0,198500000.0,138607000.0,139458000.0,311425505.82,300760505.82,16.524982905460856,1.954436619306041,0.01878909626770941,0.026688807306411117,0.039475281827075284,16.524982905460856,0.045642562045475,1.5488797444607465,4.265869073201468,0.7788207754058838,0.0,1.03123940349333,0.0,0.35399453158423844,1.0383275669283503,0.03213266454103865,-62.99059583737864,0.28910053962648896,1.4666666666666668,1.345434534577203,0.04385687879043694,0.027338504337350782,0.5266309486290577,1.4865122615803814,1.1378555798687089,1.1149586940988794,0.2864038366481636,-0.09391210940011399,Consumer Electronics,Technology,VOXX
2021Q2,2021,Q2,2020-10-13,2020-08-31,7340000.0,128032000.0,8683000.0,0.3,38076000.0,0.29739440139965007,528505000.0,380819000.0,292213000.0,129531000.0,177254000.0,126407000.0,121207000.0,152129721.84,138004721.84,15.720421302783077,2.255931012653342,0.06010160736416874,0.08340970382255088,0.014891879240340493,15.720421302783077,0.019274248396219728,1.1882163977755562,5.181530035422344,0.3994803879008138,0.0,0.7116378048684012,0.0,0.24225314803076603,1.1696968293304306,0.013888231899414386,-11.799404470642985,0.29739440139965007,1.8823529411764706,2.6683308615051153,-0.17061998585852434,-0.023001790053789214,0.9061827284105132,1.887330754352031,2.103724418456845,-0.57204084822084,0.12536188184371969,-0.12265643089716015,Consumer Electronics,Technology,VOXX
2021Q1,2021,Q1,2020-07-10,2020-05-31,-8272000.0,71987000.0,-7867000.0,-0.34,19975000.0,0.277480656229597,462072000.0,371053000.0,241381000.0,79830000.0,119802000.0,105409000.0,113867000.0,117973207.86,79164207.86,15.317275360897353,3.023687836652887,0.06542270468671549,0.0814708410927819,-0.02419503140462807,15.317275360897353,-0.022293311198130727,1.63881267256588,-3.565437858438105,0.3179416629430297,0.0,0.49343035224696186,0.0,0.1557917380841081,1.5631466867092572,-0.017901971987049636,10.084042042909651,0.277480656229597,0.6222222222222222,-10.551660410787544,-0.5633542149323307,-0.05735230665614703,-0.29995794490782923,0.6204634090387704,0.7735333064655421,-1.7219047030240568,-0.548742915645301,-0.05944371455095188,Consumer Electronics,Technology,VOXX
2020Q4,2020,Q4,2020-06-15,2020-02-29,-21795000.0,101077000.0,-34738000.0,-0.9,28534000.0,0.2822996329530952,441571000.0,378660000.0,217820000.0,71022000.0,90861000.0,99110000.0,122139000.0,89564987.26,62456987.260000005,15.68501981607941,3.066937005434936,0.023364306079882963,0.027246078276025987,-0.0877939473052891,15.68501981607941,-0.05755823165900808,0.886106505535384,-1.027357045882083,0.23653141937358052,0.0,0.7319443043083442,0.0,0.2289031661952438,1.518191546281434,-0.04935786091025,4.042470990250948,0.2822996329530952,-10.0,-0.5173719513713217,-0.40477504280495974,-0.04363670154544357,-0.09312229849987287,-9.845373376623376,-256.4264705882353,-241.35543253460105,-0.39567715384706376,-0.028332558036694454,Consumer Electronics,Technology,VOXX
2020Q3,2020,Q3,2020-01-09,2019-11-30,2464000.0,110112000.0,136000.0,0.1,31464000.0,0.28574542284219706,496650000.0,401233000.0,248020000.0,91507000.0,111509000.0,111089000.0,143934000.0,113300972.32,91310972.32,16.431642923079902,2.710393740369589,0.020469143259840936,0.02533689900880536,0.00010977487496160098,16.431642923079902,0.006141070151258745,1.0289611697181051,11.495634366883115,0.28238198832100053,0.0,0.7079728866044342,0.0,0.2217094533373603,1.3803097030828242,0.00496124031007752,-9.542741709761643,0.28574542284219706,1.4166666666666665,-0.8428938523331695,-0.5089495231369577,-0.06317430207374772,0.3237410071942446,1.4131455399061033,1.0175506516969932,-0.5796608829243628,-0.45234610064361236,0.017820642528945625,Consumer Electronics,Technology,VOXX
2020Q2,2020,Q2,2019-10-10,2019-08-31,-5964000.0,90246000.0,-7749000.0,-0.24,23769000.0,0.2633800944086164,492383000.0,399635000.0,233443000.0,88908000.0,107743000.0,114568000.0,141470000.0,107718498.80000001,83783498.80000001,16.323974243874257,2.6256692311153103,0.03119319716562107,0.03843256971986938,-0.021969591793180407,16.323974243874257,-0.014923617801243634,1.1936096757751038,-4.5153629610999335,0.26954220426138853,0.0,0.5802405558271071,0.0,0.18328415075256457,1.2290232599991002,-0.012112522162625436,-6.061476495413877,0.2633800944086164,-3.8,-1.2193941072145755,-0.49211021502466296,-0.05284635381754404,-0.08612403398823484,-4.195121951219512,-0.09079391891891891,-2.948928156841093,-0.4407822669760347,0.01201795878375162,Consumer Electronics,Technology,VOXX
2020Q1,2020,Q1,2019-07-10,2019-05-31,-1148000.0,93454000.0,-7104000.0,-0.05,26009000.0,0.2783080445994821,498020000.0,405779000.0,236024000.0,86594000.0,106036000.0,103275000.0,147434000.0,86950173.86999999,43452173.86999999,16.66047306778088,2.725639189782202,0.03314324725914622,0.04067731449877889,-0.007914448814357966,16.66047306778088,-0.0028291261992365304,0.9304061235474136,-18.935142393292683,0.2142796297245545,0.0,0.6530622125393367,0.0,0.1876510983494639,1.4224657597524077,-0.0023051283081000763,24.389950594670402,0.2783080445994821,0.9666906493990993,-3.3633327031921523,-0.49663530383943805,-0.05081136006358394,0.09493137997810895,0.9685995623632385,0.7663465333508749,0.7356576729606694,-0.40366414637977077,0.04000482460646094,Consumer Electronics,Technology,VOXX
2019Q4,2019,Q4,2019-05-14,2019-02-28,-36560000.0,107457000.0,-30404000.0,-1.50108,23754000.0,0.22105586420614756,508811000.0,407672000.0,246385000.0,95216000.0,113710000.0,102379000.0,148582000.0,121778955.0,79855955.0,16.738195856582937,2.587642833137288,0.03206102069334193,0.04001501206852568,-0.05766979544752624,16.738195856582937,-0.08967993877430876,1.13328080069237,-0.8327335544310722,0.29871797670676425,0.0,0.8175797771027261,0.0,0.21119236808952638,1.402673920349521,-0.07185379246910935,10.3377720713073,0.22105586420614756,-4.00216,0.2492911047548264,-0.42184916908669273,-0.044667346801586356,-0.3897181614983429,-3.9940217836377037,-6.324693520140105,-5.777280852867703,-0.3718250338448164,0.043924637951444606,Consumer Electronics,Technology,VOXX
2019Q3,2019,Q3,2019-01-09,2018-11-30,12211000.0,129637000.0,5710000.0,0.5,38923000.0,0.3002460717233506,560724000.0,444086000.0,281733000.0,99267000.0,127422000.0,118816000.0,185142000.0,122266070.82,90347070.82,18.233281768594583,2.8381335186920125,0.02995948095676304,0.03782825849047257,0.020145333350581718,18.233281768594583,0.027496926271037593,0.9431417791217013,2.5031952915404143,0.27532070549398086,0.0,0.7634830325882036,0.0,0.23119573979355262,1.353108283719665,0.021777202331271714,18.735223846153843,0.3002460717233506,1.5882352941176472,-0.20876334833940025,-0.4729224238606748,-0.06807571845463306,0.25303415639184884,1.586982646733644,1.4981244002442642,0.5590544190344789,-0.3313376898459561,0.133541409904838,Consumer Electronics,Technology,VOXX
2019Q2,2019,Q2,2018-10-10,2018-08-31,-20803000.0,108867000.0,-11463000.0,-0.85,31063000.0,0.2853298060936739,550228000.0,432909000.0,270250000.0,91474000.0,126461000.0,124415000.0,172931000.0,131521271.4,104199271.4,17.774376533285245,2.9543914117672783,0.030658199873506983,0.03896661885061295,-0.040422150920999184,17.774376533285245,-0.04805397901175536,1.2080912618148751,-1.5805565471326253,0.30380812457121475,0.0,0.6253586786159225,0.0,0.19785797887421214,1.2658678968887334,-0.03780796324432781,-36.422395846026035,0.2853298060936739,-20.249999999999996,-5.2368133064494815,-0.41342189687967196,-0.058299552367286955,0.12233984897207067,-21.154419595314163,-1.2744047619047618,-3.7028841611982743,-0.2985713830100216,0.10464813388018424,Consumer Electronics,Technology,VOXX
2019Q1,2019,Q1,2018-07-10,2018-05-31,-939000.0,100855000.0,-5040000.0,-0.04,27677000.0,0.2744236775568886,560939000.0,453584000.0,253370000.0,86198000.0,114799000.0,118344000.0,193734000.0,136170176.79999998,103358176.79999998,18.653646926894496,2.939395345599666,0.030333066518819337,0.037512346114501396,-0.007443902330925566,18.653646926894496,-0.002070178842287206,1.350157917802786,-36.25404068157614,0.30020939186567425,0.0,0.6183498952207125,0.0,0.17979673369118568,1.3665978328963548,-0.0016739788105302003,43.84100991629104,0.2744236775568886,-1.076923076923077,-1.4276336491313357,-0.49016589832922886,-0.009235155736883256,-0.14081271536336262,-1.074618563254927,-0.011033099297893681,-0.3063511529407335,-0.3905570127749587,0.14797291514237101,Consumer Electronics,Technology,VOXX
2018Q4,2018,Q4,2018-05-14,2018-02-28,12584000.0,122236000.0,-4985000.0,0.52,32213000.0,0.26353120193723617,575644000.0,455948000.0,265859000.0,95387000.0,125526000.0,117992000.0,194673000.0,131306956.2,96471956.2,18.750866452572602,2.787161772568589,0.029367108838101327,0.03707659645398159,0.019562470087514553,18.750866452572602,0.027599638555273847,1.0742085490362905,2.608609269707565,0.2879866919034627,0.0,0.7629585056614008,0.0,0.21234651972399607,1.403335884344827,0.021860733369930028,10.021136854155538,0.26353120193723617,0.4857142857142859,0.1952919960545997,-0.4233725114017197,0.0005392335902976354,-0.22413834629928467,0.45580749652938457,-1.8833953570795676,1.8698097522562795,-0.28534192809629577,0.14329727980832224,Consumer Electronics,Technology,VOXX
2018Q3,2018,Q3,2018-01-09,2017-11-30,8644000.0,156563000.0,5643000.0,0.35,41519000.0,0.2651903706495149,586698000.0,442055000.0,274435000.0,101756000.0,148561000.0,125389000.0,182089000.0,163609827.75,143127827.75,18.237726248079863,2.6969908408349386,0.029030267701611392,0.03852914230129735,0.01327992611726565,18.237726248079863,0.01955412788001493,1.0450095345004886,4.731889974259602,0.37011192668333126,0.0,0.9174967501136463,0.0,0.2668544975438812,1.3036675969967373,0.014733304016717288,-20.892584312348358,0.2651903706495149,-0.5070422535211268,-0.3669562513547445,-0.37715896112732644,-0.01791267313271973,0.46085640899335,-0.4946802291593593,1.5503218256290228,-0.44476443566878665,-0.2966189519996557,0.03979685421151272,Consumer Electronics,Technology,VOXX
2018Q2,2018,Q2,2017-10-10,2017-08-31,17106000.0,113470000.0,-10254000.0,0.71,28421000.0,0.2504714902617432,594817000.0,432916000.0,284634000.0,115496000.0,164285000.0,142053000.0,173445000.0,195701508.0,166341508.0,17.918204288952133,2.4644489852462423,0.027674057735404333,0.038023542673405464,-0.02759218300027737,17.918204288952133,0.03951343909673008,1.72469822860668,2.8601296036478425,0.4520542276099751,0.0,0.5987131563571343,0.0,0.1907645544764188,1.030667728752511,0.028758424860083016,-5.646321638776688,0.2504714902617432,6.461538461538461,3.453185881477807,-0.4268210181987028,-0.001949686720599875,-0.35021376803310544,6.643681953150775,-0.30807500956754685,7.4502080663544445,-0.3529303446588882,0.03965445373645997,Consumer Electronics,Technology,VOXX
2018Q1,2018,Q1,2017-07-10,2017-05-31,-3031000.0,159103000.0,-7839000.0,-0.13,43739000.0,0.27490996398559425,694375000.0,393459000.0,295051000.0,150460000.0,301379000.0,165409000.0,156338000.0,140129879.2,247577879.2,16.28533623969612,1.9609929549381895,0.16634815481548154,0.2935706134565482,-0.00837873963633143,16.28533623969612,-0.007703471009685888,0.8807494465849166,-11.558056680963377,0.35614861828043076,0.0,0.697446934568252,0.0,0.22913123312331232,0.667692409942842,-0.004365076507650765,-58.65629100041858,0.27490996398559425,-33.899328859060404,0.3780312962338144,-0.20918206627000918,-0.08409300186773146,-0.1374339354736925,-32.67777777777778,-18.497767857142858,-7.290257114027131,-0.13610151719358857,-0.07218383935580981,Consumer Electronics,Technology,VOXX
2017Q4,2017,Q4,2017-05-15,2017-02-28,-90000.0,167387000.0,448000.0,-0.003725,50708000.0,0.3029386989431676,668486000.0,390005000.0,273348000.0,130067000.0,277171000.0,153053000.0,159369000.0,119593603.8,221157603.8,16.142374580738238,2.1015937939677243,0.16359953686389841,0.280416917731824,0.006439049719587701,16.142374580738238,-0.00023076627222727914,0.7144736676085957,-332.204455,0.3066463347905796,0.0,0.7623437632715464,0.0,0.25039716613362134,0.7742317421021474,-0.00013463258766825334,12.21963868396853,0.3029386989431676,-1.0155208333333334,-1.0079882796990487,-0.08584706456461547,-0.10824173674163844,-0.12892309277996325,-1.0155172413793103,-0.938705705294842,0.9981370235332523,-0.09212166435228879,-0.07867385055873516,Consumer Electronics,Technology,VOXX
2017Q3,2017,Q3,2017-01-09,2016-11-30,5800000.0,198937000.0,7309000.0,0.24,58213000.0,0.2926202767710381,694506000.0,390043000.0,298676000.0,145665000.0,301050000.0,158636000.0,159459000.0,117177571.39999999,229296571.39999998,16.143947407327815,2.0504307829609036,0.1696040063008815,0.30199490825370534,0.007651023016604942,16.143947407327815,0.014870155341846925,0.5890184902758159,5.050757387931034,0.30042218781006197,0.0,0.8870874202576968,0.0,0.28644388961362466,0.8262726118147805,0.008351259744336263,-10.0676665864765,0.2926202767710381,1.0,-0.3746645972903749,-0.08128791608576832,-0.087008703805571,0.25208095842384876,0.9205298013245033,9.957107843137255,-0.6211366078742186,-0.18461894445774335,-0.1748640327165951,Consumer Electronics,Technology,VOXX
2017Q2,2017,Q2,2016-10-11,2016-08-31,3020000.0,159262000.0,-816000.0,0.12,46493000.0,0.2919277668244779,672974000.0,389709000.0,271070000.0,135167000.0,278065000.0,160833000.0,153659000.0,74172194.67999999,174275194.68,16.1301230894089,2.0054451160416376,0.15595550496750246,0.2693137700181417,0.002242401512078409,16.1301230894089,0.007749371967288412,0.4657243704085092,6.140082341059602,0.19032712788259956,0.0,0.701155857317839,0.0,0.23665401635130034,0.6824446795445633,0.004487543352343478,-22.654915907147217,0.2919277668244779,1.6666666666666667,-0.16132416514223685,-0.039385548981364885,-0.07048360964322804,0.008503069347736491,1.7010213556174558,0.8852804723745256,-0.3799598882104823,-0.13494993870587937,-0.14541339296925565,Consumer Electronics,Technology,VOXX
2017Q1,2017,Q1,2016-07-11,2016-05-31,-4308000.0,155456000.0,-7113000.0,-0.18,46101000.0,0.29655336558254425,662202000.0,387039000.0,258026000.0,126720000.0,268350000.0,150638000.0,150639000.0,79970672.44,175625672.44,16.019611326404398,2.0361900252525253,0.15737342985977087,0.2692571032893326,-0.011765101628122094,16.019611326404398,-0.011130661251191741,0.514426412875669,-4.640823609563603,0.2066217420983415,0.0,0.7259456445252858,0.0,0.23475616201702804,0.7177320075757576,-0.0065055677874727045,-9.045432919353015,0.29655336558254425,0.18181818181818185,-2.6547087239001548,-0.1017636945874147,-0.06775462682504096,-0.01544079958995387,0.19491683797421042,0.05399654209336348,-2.9745729978354487,-0.20908437303929586,-0.1491386224279164,Consumer Electronics,Technology,VOXX
2016Q4,2016,Q4,2016-05-16,2016-02-29,-5351000.0,169683000.0,-7519000.0,-0.22,46824000.0,0.27594985944378636,669712000.0,387370000.0,264051000.0,131884000.0,273818000.0,144028000.0,154947000.0,96396081.81,185527081.81,16.033912073796145,2.002145825119044,0.15065879064433668,0.26046931873918994,-0.011301439989848266,16.033912073796145,-0.01381366652038103,0.5680951056381606,-4.503648000840965,0.24884756643519118,0.0,0.8530216346821451,0.0,0.25336711900040615,0.7792226502077584,-0.007990001672360657,47.415682149532714,0.27594985944378636,-1.6875,-1.293662801129732,0.16705887066447475,-0.05825997945646907,-0.16150636606199523,-1.6880545197376882,-3.097935267857143,-1.5115613692923013,-0.19435811952013213,-0.14443643773223128,Consumer Electronics,Technology,VOXX
2016Q3,2016,Q3,2016-01-11,2015-11-30,7777000.0,192506000.0,3584000.0,0.32,55843000.0,0.29008446489979534,702952000.0,389002000.0,292786000.0,229504000.0,303839000.0,153663000.0,160298000.0,138814960.34,230310960.34,16.08523659504004,1.2757337562744004,0.14784935529026164,0.2671734335556115,0.004872955175404346,16.08523659504004,0.01999218513015357,0.721094201427488,4.462355675067507,0.3568489630901641,0.0,0.8893682929527602,0.0,0.27385369129044373,0.5195072852760736,0.011063344296623383,10.287924133995405,0.29008446489979534,2.7777777777777777,0.911158662439428,0.11884870695717399,-0.013253168843783029,0.24164535853251806,2.7699135184342283,1.521688500727802,-0.42916275845508645,-0.23243778116771124,-0.13382256127932582,Consumer Electronics,Technology,VOXX
2016Q2,2016,Q2,2015-10-13,2015-08-31,-4394000.0,154174000.0,-6870000.0,-0.18,44975000.0,0.2917158535161571,659959000.0,389288000.0,281299000.0,133535000.0,270671000.0,162933000.0,152521000.0,187500446.5,277093446.5,16.09053234974563,2.1065563335455124,0.14855922867935736,0.2518520992170321,-0.009016072019807853,16.09053234974563,-0.01128727317564374,1.2161612625994007,-10.667981708010924,0.4816496950843592,0.0,0.6702079996072005,0.0,0.23361148192539233,0.7138727674392481,-0.006657989359945087,-51.034416575939034,0.2917158535161571,-5.0,-7.446225543349996,0.12830847604537113,0.005945469401984262,-0.06385945923443581,-5.15406162464986,-7.980392156862745,-2.1423283573576275,-0.22226992862749995,-0.10375165984698699,Consumer Electronics,Technology,VOXX
2016Q1,2016,Q1,2015-07-09,2015-05-31,-714000.0,164383000.0,-765000.0,-0.03,48043000.0,0.2922625818971548,658925000.0,392481000.0,284534000.0,133375000.0,266444000.0,154903000.0,156915000.0,204824724.32000002,288030724.32000005,16.249204733703216,2.1333383317713213,0.13698220586561444,0.2299754637804123,-0.0025740014459195468,16.249204733703216,-0.0018191963432624763,1.2460213301862115,-71.71734044817927,0.5218716939673512,0.0,0.7510506575082471,0.0,0.24947148765033958,0.7728209934395501,-0.0010835831088515384,-51.63214628686666,0.2922625818971548,0.949578137080238,-1.6046081770833154,0.1952948556281621,0.017450720457295628,-0.028570850857327725,0.9503166098392596,-0.05955678670360111,0.8534462164128369,-0.1827192492534915,-0.08612508144563384,Consumer Electronics,Technology,VOXX
2015Q4,2015,Q4,2015-05-14,2015-02-28,-14371000.0,169900000.0,-722000.0,-0.59498,49456000.0,0.2910888758092996,677513000.0,396140000.0,301715000.0,147403000.0,281373000.0,156649000.0,157629000.0,207723187.4,285495187.4,16.40069191428169,2.046871501936867,0.1272595507392478,0.21765032564244963,-0.0018799107597609734,16.40069191428169,-0.03627757863381633,1.2226202907592703,-3.6135826908357105,0.5243681208663603,0.0,0.768878192647256,0.0,0.25077009592435867,0.7935591541556142,-0.021211401109646606,21.419177912971747,0.2910888758092996,-1.9296562499999999,-3.0663670407788683,0.07083321964727388,0.03047990812010287,-0.2827994257290775,-1.9199206247599538,-1.04337899543379,-2.275892163368824,-0.07187442817463871,-0.09397143124364118,Consumer Electronics,Technology,VOXX
2015Q3,2015,Q3,2015-01-08,2014-11-30,15622000.0,223356000.0,16644000.0,0.64,68957000.0,0.30873135263883666,738656000.0,426606000.0,336434000.0,159848000.0,312050000.0,153325000.0,172000000.0,183876640.92,275646640.91999996,17.539701312050703,2.104711976377559,0.13920688385391847,0.24103270933835905,0.029986722991410458,17.539701312050703,0.03661926930235393,0.8232446897329823,2.9425912322365892,0.43102216312006864,0.0,1.0070047285178543,0.0,0.30238162283931896,1.0061746158850908,0.02114922237144219,68.45742402084885,0.30873135263883666,6.818181818181818,0.16223959040015826,0.3499162730908823,0.11061502674876253,0.3158728341347989,6.82475764354959,14.255728689275895,0.6730913140873696,0.024612089485436642,-0.008074405118313836,Consumer Electronics,Technology,VOXX
2015Q2,2015,Q2,2014-10-09,2014-08-31,-2682000.0,177343000.0,1091000.0,-0.11,52404000.0,0.29549517037605094,718626000.0,421113000.0,307905000.0,140915000.0,297513000.0,153797000.0,156378000.0,241895827.8,334575827.8,17.234768941310364,2.185040627328531,0.14205024588589893,0.2424076198075101,0.0011916056883453628,17.234768941310364,-0.006368836868014049,1.3639998635412731,-22.548082382550334,0.5744202335240185,0.0,0.8123630499944733,0.0,0.24678066198551124,0.9273178866692687,-0.0037321221330706097,-35.13884773387566,0.29549517037605094,-6.5,-1.904712044093365,0.3292325607427234,0.13825791204136814,-0.012233049968899026,-6.484662576687117,3.60381861575179,-1.7364707979097453,0.05769529433396255,-0.006827156484713665,Consumer Electronics,Technology,VOXX
2015Q1,2015,Q1,2014-07-10,2014-05-31,489000.0,186899000.0,-419000.0,0.02,53053000.0,0.2838591966784199,728446000.0,430357000.0,310703000.0,141974000.0,298089000.0,143173000.0,159060000.0,212452889.14999998,298245889.15,17.55233087165574,2.188449997886937,0.1327744266561969,0.22474131941620562,-0.0006900843579804448,17.55233087165574,0.0011362659373496888,1.1367256601158913,108.615996497955,0.4936666282876774,0.0,0.9348550355164731,0.0,0.2565722098824072,1.0446349331567752,0.0006712920381195037,8.589855219746896,0.2838591966784199,1.0100128665334955,-0.03587724472284466,0.45483259952314553,0.16783630718197523,0.004126052805905177,1.0099742993513645,0.9929708601050177,-0.8149183337338669,0.06414001225472236,0.02144046507336539,Consumer Electronics,Technology,VOXX
2014Q4,2014,Q4,2014-05-15,2014-02-28,-49026000.0,187105000.0,-59609000.0,-1.99743,52835000.0,0.2823815504663157,747150000.0,429584000.0,325857000.0,141624000.0,317566000.0,144339000.0,158571000.0,318740630.0,423433630.0,17.520803670369855,2.3008600237247925,0.15431439469985947,0.2683898841670081,-0.08937319693753706,17.520803670369855,-0.11412436217363775,1.7035388151038187,-1.6253652653693957,0.7419750968378711,0.0,0.9302406141098386,0.0,0.2504249481362511,1.147849234593007,-0.065617345914475,16.39612294238683,0.2823815504663157,-4.170523809523809,0.3470457290886637,0.508565916022509,0.17655719825332267,-0.23202709381086659,-4.178552904564316,-4.5956689588611415,-3.651141197209392,0.268037901844152,0.029071503731077544,Consumer Electronics,Technology,VOXX
2014Q3,2014,Q3,2014-01-08,2013-11-30,15424000.0,245814000.0,16578000.0,0.63,68798000.0,0.2798782819530214,859630000.0,476254000.0,382678000.0,187982000.0,383376000.0,160853000.0,207597000.0,434259442.48,558817442.48,19.56519658266568,2.0357161855922374,0.16389144166676362,0.2958211374602628,0.018798211732463828,19.56519658266568,0.032386079696968426,1.7666180220817367,7.03869687629668,0.9118231919941879,0.0,1.100483049741068,0.0,0.28595325896025037,1.0885882690895936,0.01794260321301025,-65.40051844578313,0.2798782819530214,2.1427245925682046,1.2203783284414533,0.18019833968330623,0.07901938107046551,0.27163505970204427,2.1717047090273494,6.394290811775201,2.7657511844260614,0.41939629947203666,0.20022454222693073,Consumer Electronics,Technology,VOXX
2014Q2,2014,Q2,2013-10-10,2013-08-31,4863000.0,183818000.0,2242000.0,0.200463,54102000.0,0.2943237332578964,806457000.0,455304000.0,331687000.0,163307000.0,351153000.0,174499000.0,192173000.0,293327946.24,412710946.24,18.874767000448216,2.0310641919819727,0.1646324602551655,0.291605169293483,0.002398962906756056,18.874767000448216,0.010680775921142797,1.5957520277665953,15.079577742134484,0.6442463633967634,0.0,0.7433624261457086,0.0,0.2279327974089133,0.8771148817870636,0.006030079719067476,33.78964937679991,0.2943237332578964,1.2273666666666667,2.993911379159621,0.18319997547757905,0.04307902721844019,-0.0064276794240799235,1.2703081232492996,-0.3432923257176333,6.155342899151159,0.3492284312703449,0.18000983046525015,Consumer Electronics,Technology,VOXX
2014Q1,2014,Q1,2013-07-10,2013-05-31,2142000.0,192972000.0,3414000.0,0.09,54452000.0,0.28217565242625875,793710000.0,446594000.0,321101000.0,147214000.0,347116000.0,152309000.0,187310000.0,263769457.99999997,393350458.0,18.827522024934364,2.1811852133628595,0.18373965302188458,0.3265516330268656,0.00381370516589992,18.827522024934364,0.004796302682078129,1.366879433285658,30.78541760037348,0.5906247240222663,0.0,0.9094669389202213,0.0,0.24312658275692633,1.0600146725175594,0.002698718675586801,8.589880418145698,0.28217565242625875,-0.7906976744186046,1.3951423803193796,0.28597118444910047,0.03223826985362678,-0.11734288632053298,-0.7914313534566699,-0.7156658615807445,0.8469795134564115,0.42882570044159624,0.17889313124122191,Consumer Electronics,Technology,VOXX
2013Q4,2013,Q4,2013-05-15,2013-02-28,10270000.0,206790000.0,12007000.0,0.43,61691000.0,0.2983268049712268,829272000.0,444536000.0,357242000.0,156539000.0,384736000.0,159099000.0,185168000.0,236016736.24999997,397019736.25,18.7407608048389,2.282127776464651,0.2179984371834573,0.40667122572750014,0.011050683769016644,18.7407608048389,0.02310274083538791,1.1413353462449827,5.745295429649464,0.5309282853357208,0.0,0.9120044752009755,0.0,0.24936329696408416,1.1675301362599735,0.012384356399347861,8.581490610115258,0.2983268049712268,-0.23214285714285723,5.54325108744507,0.5178128279931482,0.011333428397528204,-0.11805744185049107,-0.22208756249053174,-0.39327943405760485,0.5036879772834253,0.3271646239825808,0.17750992294748139,Consumer Electronics,Technology,VOXX
2013Q3,2013,Q3,2013-01-09,2012-11-30,13202000.0,243036000.0,19790000.0,0.56,69949000.0,0.28781332806662385,850302000.0,435196000.0,391993000.0,176254000.0,415106000.0,170252000.0,174898000.0,157951664.1,339227664.1,18.57037123801977,2.224023284577939,0.23458606471583038,0.4583429075634886,0.020961099519825836,18.57037123801977,0.03033575676247024,0.6499105651014664,2.9910555995303745,0.3629437405215122,0.0,1.016651786763151,0.0,0.2858231545968374,1.1596162356599,0.015526248321184708,-8.411527537543934,0.28781332806662385,2.5,1.7508608585759904,0.29110097908189303,0.005455402009952242,0.27910251252605783,2.5489247311827956,1.8932748538011697,0.01938729549880151,0.5244748878429151,0.17587711343052534,Consumer Electronics,Technology,VOXX
2013Q2,2013,Q2,2012-10-10,2012-08-31,3720000.0,191715000.0,6840000.0,0.16,54686000.0,0.28524632918655296,798833000.0,420065000.0,343633000.0,167077000.0,378768000.0,170562000.0,161696000.0,175483267.5,337863267.5,17.953207419049228,2.0567343201039043,0.22544136258767478,0.4287193648602002,0.007000735001238086,17.953207419049228,0.008855772320950328,0.9153340505437759,11.793230342741936,0.41775265137538237,0.0,0.803397005194592,0.0,0.23999384101558147,0.9355267331829037,0.004656793096930146,-11.599898697778952,0.28524632918655296,1.7999999999999998,-0.022556018799325367,0.2672535137067054,-0.007028946527247571,0.08297686945500633,1.7914893617021277,1.236024844720497,0.31042832701213896,0.5005889648028802,0.1857066642924699,Consumer Electronics,Technology,VOXX
2013Q1,2013,Q1,2012-07-10,2012-05-31,-4700000.0,194036000.0,3059000.0,-0.2,50496000.0,0.26024036776680615,788208000.0,414313000.0,334629000.0,164914000.0,373895000.0,152781000.0,157976000.0,229752435.04,378165435.03999996,17.780556620820047,2.0291121432989314,0.2152858128818789,0.4095695766244361,0.003256125337430888,17.780556620820047,-0.011344080441598502,1.1840711777195985,-12.220874204255319,0.5545383201589137,0.0,0.9395147302347805,0.0,0.24617359884700485,0.9962222734273621,-0.00596289304346061,19.61014297029703,0.26024036776680615,-1.425531914893617,-3.0581633333083404,0.47872550475691006,-0.014108159679119978,-0.09117742341888341,-1.432541873734585,-0.7784778043305091,-10.75061925697374,0.5892756371082398,0.18302120302610994,Consumer Electronics,Technology,VOXX
2012Q4,2012,Q4,2012-05-14,2012-02-29,10866000.0,176597000.0,13809000.0,0.47,55562000.0,0.31462595627332285,634179000.0,421797000.0,307112000.0,124127000.0,212382000.0,129514000.0,162676000.0,298025724.56,328067724.56,18.101738156881474,2.474175642688537,0.06882599392285144,0.10348105842383895,0.02298280816292885,18.101738156881474,0.025761207405458075,1.6876035524952293,6.856840708632431,0.7065619825650726,0.0,0.9345321741278935,0.0,0.2784655436398872,1.2962530311696892,0.017133963754712787,13.773893079447243,0.31462595627332285,0.2368421052631578,22.8979838580188,0.7954878793396736,0.019551856537854104,-0.07153718897782531,0.22668773989613908,-0.25101697673157236,1.1522778979202557,0.4982113604449372,0.21556811719734023,Consumer Electronics,Technology,VOXX
2012Q3,2012,Q3,2012-01-09,2011-11-30,8858000.0,206803000.0,18437000.0,0.38,59843000.0,0.2893720110443272,665002000.0,408006000.0,345624000.0,143700000.0,256996000.0,147785000.0,151810000.0,167055977.20000002,225406977.20000002,17.682476793173972,2.40517745302714,0.11607032760803727,0.18918104145527273,0.022209212921400313,17.682476793173972,0.021710465042180754,0.8078024844900703,4.714833404831791,0.4094449032612265,0.0,0.9944175660588016,0.0,0.3109810196059561,1.298079331941545,0.013320260690945291,-17.443455904771852,0.2893720110443272,1.5333333333333334,1.2147561053414873,0.31247972550418,-0.01786549875554123,0.3643472709862751,1.5757487641756325,1.4094354417145845,0.34523019434183905,0.04745696155448807,-0.024812498839512805,Consumer Electronics,Technology,VOXX
2012Q2,2012,Q2,2011-10-11,2011-08-31,3439000.0,158337000.0,7652000.0,0.15,43862000.0,0.2770167427701674,623365000.0,400408000.0,302977000.0,121984000.0,222957000.0,151137000.0,142953000.0,147904077.19,197685077.19,17.353242241610985,2.4837437696747116,0.10286108459730656,0.1601366606061817,0.009456958161323767,17.353242241610985,0.008588739485724561,0.9341093818248419,10.751968391247457,0.36938342188467765,0.0,0.7574253822690671,0.0,0.2540036736101642,1.1377557712486883,0.005516832032597275,21.44780701711137,0.2770167427701674,0.3636363636363636,2.710031653736044,0.5799203421609571,-0.02098509076454989,0.0039827870353415125,0.38279051065540814,0.9240633643449837,2.4741154842528594,0.06549220681068664,-0.04100521950624905,Consumer Electronics,Technology,VOXX
2012Q1,2012,Q1,2011-07-11,2011-05-31,2487000.0,165325000.0,3977000.0,0.11,43688000.0,0.26425525480114925,599719000.0,396594000.0,298764000.0,111309000.0,203125000.0,138789000.0,139514000.0,175634188.34,234652188.34,17.183900062540637,2.6840956256906447,0.12548376823145507,0.18975324891450704,0.005050797935053354,17.183900062540637,0.006270896685275118,1.0623571047331015,17.65522600924809,0.4428563930367076,0.0,0.8764167189042359,0.0,0.27567077247844407,1.2816753362261812,0.004146942151240831,6.214059876167563,0.26425525480114925,-0.8533333333333334,0.5837625066568517,0.43971388683540596,-0.04504179762102228,0.25507770978769856,-0.8571264433848452,-0.1926512383272432,1.4715255701559664,0.132324199626711,-0.05787499563653207,Consumer Electronics,Technology,VOXX
2011Q4,2011,Q4,2011-02-28,2011-02-28,17407000.0,138894000.0,4926000.0,0.75,34809000.0,0.25061557734675366,501097000.0,392946000.0,340830000.0,82302000.0,108151000.0,113620000.0,137027000.0,191097382.32,108181382.32,17.025836986881025,4.141211635197201,0.03135919791976404,0.03999022766486998,0.0407223889617601,17.025836986881025,0.044298707710474214,1.3758505214048122,2.744547916355489,0.48631970377609135,0.0,0.9160799155078331,0.0,0.27717986737098804,2.6130592209180823,0.03473778529905388,5.223523461622567,0.25061557734675366,3.4117647058823524,84.98137368771468,0.33086886703844437,-0.031222652106594962,0.0061276989334335345,3.5107540813682303,-0.08811551277304702,8.914355302718072,0.04777369136883986,-0.08121136219646416,Consumer Electronics,Technology,VOXX
2011Q3,2011,Q3,2010-11-30,2010-11-30,3859000.0,163167000.0,5402000.0,0.17,34597000.0,0.21203429615056965,500016000.0,373857000.0,348504000.0,96136000.0,126159000.0,133351000.0,119619000.0,157099345.35,134963345.35,16.301280214087157,3.6251144212365816,0.03137299606412595,0.0419598937561688,0.008955736375517777,16.301280214087157,0.010322128514378493,0.9628132241813602,10.177464715599895,0.42021239497989865,0.0,0.9641472504893102,0.0,0.32632355764615534,2.102084546891903,0.007717753031902979,-9.303526314698567,0.21203429615056965,4.666666666666667,1.3726123866031883,0.03789203874669907,-0.07350690906256858,0.2594466690935566,4.982945736434108,29.86857142857143,-0.17835507054184227,-0.11426779503033328,-0.11739996789209943,Consumer Electronics,Technology,VOXX
2011Q2,2011,Q2,2010-08-31,2010-08-31,645000.0,129297000.0,175000.0,0.03,27470000.0,0.21245659218698038,482690000.0,366186000.0,328521000.0,86282000.0,116504000.0,126345000.0,115760000.0,144913709.13,105892709.13,15.995431998228641,3.8075264829280733,0.028850815223020986,0.038029853680916256,0.0002831604307452277,15.995431998228641,0.0017613999442906065,1.1207816819415763,56.16810431395349,0.3957379832380266,0.0,0.8059440421069295,0.0,0.26786757546251216,2.168876474815141,0.0013362613685802482,-13.56488899466442,0.21245659218698038,-0.4000000000000001,1.1694393311880282,0.026958543770001574,-0.13253409611892786,0.015114001699863272,-0.42359249329758714,1.11768661735037,-0.8267882546235255,-0.1264967102644227,-0.11531123150840283,Consumer Electronics,Technology,VOXX
2011Q1,2011,Q1,2010-05-31,2010-05-31,1119000.0,130313000.0,-1487000.0,0.05,27061000.0,0.20766155333696562,477607000.0,365520000.0,321856000.0,81637000.0,112087000.0,111064000.0,115114000.0,184470727.22,114810727.22,15.97050786538337,3.942526060487279,0.029180895589888758,0.03812924053403371,-0.008987829756664813,15.97050786538337,0.003061391989494419,1.4155972713390068,41.21329920017874,0.5046802561282556,0.0,0.9296621767629475,0.0,0.27284566599735766,2.385462474123253,0.002342930484687201,9.195948515453638,0.20766155333696562,-0.8275862068965517,-0.8083408996412832,-0.13090125827779375,-0.13483093801107887,-0.0979967334422186,-0.8301972685887709,-2.4742990654205608,-0.5011122324018126,0.01107595752231156,-0.11447128872078445,Consumer Electronics,Technology,VOXX
2010Q4,2010,Q4,2010-05-14,2010-02-28,6590000.0,150341000.0,-428000.0,0.29,30001000.0,0.1995530161433009,488978000.0,364263000.0,332326000.0,92539000.0,124715000.0,102717000.0,113996000.0,173256005.59,131128005.59,15.915586305997325,3.5911993862047353,0.05600047445897362,0.07517370690956808,-0.0012773653604411905,15.915586305997325,0.018091324125700387,1.1524202020074366,6.572686099772382,0.4756343784298708,0.0,1.1715684842820566,0.0,0.307459640311016,2.3044446125417393,0.013477088948787063,5.709540470917779,0.1995530161433009,-0.47272727272727283,6.26917913826015,0.2489323826361264,-0.12847216582621537,-0.007443922450870112,-0.47884539343614074,-1.1364795918367347,14.521056737089687,0.5562070583377631,-0.10357969905783183,Consumer Electronics,Technology,VOXX
2010Q3,2010,Q3,2010-01-11,2009-11-30,12645000.0,155657000.0,3136000.0,0.55,30226000.0,0.1941833647057312,488266000.0,361361000.0,352062000.0,98083000.0,126905000.0,124617000.0,107406000.0,167491862.64000002,128239862.64000002,15.792782277939088,3.5894293608474457,0.03244542933564901,0.04383981669300229,0.02845286414658856,15.792782277939088,0.034992708122902026,1.0760316763139468,3.3114247259786476,0.4635028756285266,0.0,1.0065320140911753,0.0,0.3187954926208255,2.136149995412049,0.025897768839116382,-14.226778445595857,0.1941833647057312,3.583333333333334,-0.8162189459237861,0.003122671143358504,-0.13838486093470612,0.2808712602762946,3.556756756756757,2.8337408312958434,2.188231783941396,-0.003802961144410505,-0.12282444777229069,Consumer Electronics,Technology,VOXX
2010Q2,2010,Q2,2009-10-13,2009-08-31,2775000.0,124890000.0,818000.0,0.12,23598000.0,0.18895027624309393,454345000.0,346316000.0,318168000.0,79930000.0,108029000.0,121318000.0,94759000.0,161477668.45999998,113865668.45999998,15.141356593253352,3.9805830101338673,0.05034500214594636,0.0660495039212742,0.00506128123600334,15.141356593253352,0.00801291306205893,1.2929591517335253,14.547537699099099,0.46627261939962344,0.0,0.8349296889167312,0.0,0.2748792217367859,2.2431752783685726,0.006107693492830338,12.655981539305586,0.18895027624309393,4.999999999999999,-0.5013712379426282,-0.09807356573117963,-0.009763277219041286,0.029401500610713664,4.866807610993657,2.5258620689655173,2.392032287731917,0.2571722666742508,-0.14577266631475508,Consumer Electronics,Technology,VOXX
2010Q1,2010,Q1,2009-07-10,2009-05-31,473000.0,119806000.0,232000.0,0.02,22924000.0,0.1913426706508856,461915000.0,343662000.0,329784000.0,86370000.0,118253000.0,118751000.0,91986000.0,147481791.3,109952791.30000001,15.029786934788877,3.8182702327196942,0.053685201822846196,0.07215810883949927,0.00038814089636212204,15.029786934788877,0.0013763523462006274,1.2310050523346077,77.95020681818183,0.4291478001641148,0.0,0.8158415508079931,0.0,0.2593680655531862,2.248743776774343,0.00102399792169555,-18.14937131429978,0.1913426706508856,1.006531017434551,-0.8765073490918701,-0.7375293245830812,-0.002541677095389043,0.6690207499089916,1.0067551163222461,1.0043645941115604,-0.6959667199042373,0.053081401724493556,-0.1647519910411438,Consumer Electronics,Technology,VOXX
2009Q4,2009,Q4,2009-05-14,2009-02-28,-70021000.0,115666000.0,-53155000.0,-3.06231,13735000.0,0.11874708211574707,461296000.0,340502000.0,330223000.0,89143000.0,120794000.0,125301000.0,91513000.0,64023103.199999996,8677103.199999996,14.891586823301623,3.7044187429186812,0.03069179008705907,0.04157978514076276,-0.18609193121105813,14.891586823301623,-0.20564049550369748,0.5535170508187367,-0.22858536439068278,0.188025630392773,0.0,0.8134891182033663,0.0,0.25074138947660507,2.093209786522778,-0.15179190801567757,1.1476759559021241,0.11874708211574707,-11.559689655172415,-36.89964612001229,-0.7057601560122766,-0.004859470691571931,-0.6474408337183634,-11.731187739463602,-5.561877789220735,-350.1037154225289,0.11867313709343574,-0.15266239188600692,Consumer Electronics,Technology,VOXX
2009Q3,2009,Q3,2009-01-09,2008-11-30,6525000.0,195642000.0,11652000.0,0.29,38958000.0,0.1991290213757782,532165000.0,414591000.0,363241000.0,93828000.0,117574000.0,149321000.0,161532000.0,101976419.28,102858419.28,18.13238661501667,3.8713497037131774,0.027824077118938674,0.035714716431374534,0.016328864441943317,18.13238661501667,0.015738402425522987,0.521239914128868,3.9071425011494254,0.24596872406781622,0.0,1.0493098760388693,0.0,0.36763409844691025,2.069073197766125,0.012261234767412362,-2.966586742690909,0.1991290213757782,3.9,-0.14406692462899112,-0.5924474035862177,0.22034333128578742,0.5545889864325618,3.823453050627434,3.8763268328807703,1.631948852233529,0.2482479169084958,0.03056512742487377,Consumer Electronics,Technology,VOXX
2009Q2,2009,Q2,2008-10-09,2008-08-31,-2311000.0,147208000.0,-4051000.0,-0.1,25060000.0,0.1702353132981903,532686000.0,413605000.0,356495000.0,87638000.0,119081000.0,163323000.0,155008000.0,223085432.64,190211432.64,18.095241595242513,4.067813049133937,0.030490758157713925,0.03926935119256295,-0.005425412143493183,18.095241595242513,-0.005587456631326991,1.5154436758871799,-24.132997905668542,0.5393683167273123,0.0,0.747892213589023,0.0,0.27635042032266666,1.98819005454255,-0.00433839072173851,-10.882216226341463,0.1702353132981903,0.5652173913043478,-4.413023299639366,-0.4708435680929567,0.25538435066254295,0.11303575394181657,0.5575339843002106,0.4865001901381671,0.391950651405494,0.1710629595231372,-0.01865700731923148,Consumer Electronics,Technology,VOXX
2009Q1,2009,Q1,2008-07-10,2008-05-31,-5223000.0,144583000.0,-7889000.0,-0.23,22515000.0,0.15572370195666158,533858000.0,416857000.0,359994000.0,83705000.0,117001000.0,146456000.0,157319000.0,243630185.24,190865185.24,18.23951172397836,4.300746669852458,0.03222767102862559,0.04127314642671228,-0.013072972523341313,18.23951172397836,-0.012529476535118758,1.6850541574043976,-11.661410359946391,0.5844454698853564,0.0,0.8334789971049326,0.0,0.27082669923462793,2.312155785198017,-0.009783500481401421,10.219386964765102,0.15572370195666158,-1.4134312696747116,-3.4058716760384784,-0.5411217286707561,0.26618124047489994,-0.08750101321228825,-1.3980716253443526,-1.2316831683168317,-1.8958553917803465,-0.03435579785085604,-0.011912371079034275,Consumer Electronics,Technology,VOXX
2008Q4,2008,Q4,2008-05-14,2008-02-29,-2178000.0,131270000.0,-3535000.0,-0.0953,24674000.0,0.18796373885884055,533036000.0,423513000.0,358050000.0,82263000.0,109523000.0,155748000.0,162542000.0,205691526.0,176730526.0,18.530743945183236,4.352503555669013,0.019473356396190876,0.02450928306805222,-0.008722046427710465,18.530743945183236,-0.005142699279597085,1.5669347604174602,-23.610138429752066,0.4856793675754935,0.0,0.6844132829956083,0.0,0.24626854471367787,2.2049645648712057,-0.004086027960588027,7.745868047448691,0.18796373885884055,-1.4765,-2.7221871138079297,-0.5775603783299966,0.2980761100251049,-0.29484724643479754,-1.4653846153846153,-1.6295636687444346,-0.7439496888581825,0.092057495766814,0.01473227725759874,Consumer Electronics,Technology,VOXX
2008Q3,2008,Q3,2008-01-09,2007-11-30,4680000.0,183563000.0,5615000.0,0.2,34991000.0,0.1906212036194658,526939000.0,422082000.0,377079000.0,83928000.0,104857000.0,147830000.0,161873000.0,291830013.37,283030013.37,18.469612079160083,4.492886760080069,0.022524428823829705,0.028120128316298728,0.008897274707557358,18.469612079160083,0.011087892873896542,1.5898084764903604,15.589210115918803,0.6914059670158879,0.0,1.005019278901441,0.0,0.34835721022736976,2.5485177771423126,0.008881483435464067,-9.778843057668466,0.1906212036194658,0.25000000000000006,1.272384324533436,-0.444765273822155,0.3026932539242701,0.22887546533679848,0.2546916890080429,0.4360613810741688,-0.9318962022035344,0.18444284866966962,0.007656352123423173,Consumer Electronics,Technology,VOXX
2008Q2,2008,Q2,2007-10-10,2007-08-31,3730000.0,148269000.0,3910000.0,0.16,28474000.0,0.19204284105241148,513235000.0,414608000.0,380928000.0,75556000.0,98627000.0,138253000.0,157193000.0,239863354.02,244030354.02,18.080292830552157,5.041664460797289,0.0300427679328183,0.037189345116350865,0.006258284982060346,18.080292830552157,0.008996449658472582,1.6177579535843636,16.07663230697051,0.5785304529097365,0.0,0.866491143049337,0.0,0.28889105380576147,3.0236645666790194,0.007267625941332918,-6.103237933385919,0.19204284105241148,0.6,0.9121360897021261,-0.512960392566541,0.19794639911341647,0.2279097848117642,0.671146953405018,3.4920331421287445,-0.33150414035970677,0.06799534559510355,0.18244160020797268,Consumer Electronics,Technology,VOXX
2008Q1,2008,Q1,2007-07-10,2007-05-31,2232000.0,128254000.0,-1569000.0,0.1,23189000.0,0.18080527702839677,518181000.0,410748000.0,387244000.0,84191000.0,107433000.0,116724000.0,153462000.0,305868948.36,306155948.36,18.034997241718703,4.599589029706263,0.030390925178653792,0.03833980932347814,-0.0025393447356598427,18.034997241718703,0.0054339887230126505,2.384868685265177,34.259514825268816,0.7446632688655818,0.0,0.9001148007265001,0.0,0.24750811010052473,2.998835980092884,0.004307375222171403,-10.369141920130179,0.18080527702839677,5.7103155911446075,-0.5167598012709057,-0.5938809937262917,0.1985210647879468,0.28151423045040064,5.602061855670103,0.3906796116504854,-0.4149493382995995,-0.7179069079734121,0.19690040719574012,Consumer Electronics,Technology,VOXX
2007Q4,2007,Q4,2007-05-14,2007-02-28,-485000.0,96134000.0,-2575000.0,-0.02123,18095000.0,0.1882268500218445,495773000.0,404362000.0,375345000.0,72732000.0,91411000.0,104972000.0,151363000.0,343903285.2,343950285.2,17.754602711774268,5.160658307210031,0.0313046495069316,0.038381450284645936,-0.0016792703546308096,17.754602711774268,-0.0011994203213951855,3.5773325275136787,-177.26973463917525,0.8504836883782354,0.0,0.7434268185801928,0.0,0.19390729224867026,3.5260133091349064,-0.0009782702970916124,5.368874954336118,0.1882268500218445,-1.1248823529411764,0.8815401503137918,-0.5145629347812413,0.2223076209475799,-0.28678412360569155,-1.125843279709393,-2.497093023255814,-1.2496450213262298,-0.7544770521536027,0.1864635347395868,Consumer Electronics,Technology,VOXX
2007Q3,2007,Q3,2006-11-30,2006-11-30,3854000.0,151833000.0,1720000.0,0.17,25371000.0,0.1670980616861947,478491000.0,400311000.0,401407000.0,59387000.0,78180000.0,88483000.0,151848000.0,,,,,,,,,,,,,,,,,,,,,,,,,,,,,,,Consumer Electronics,Technology,VOXX
2007Q2,2007,Q2,2006-08-31,2006-08-31,-1955000.0,97424000.0,-4170000.0,-0.09,15754000.0,0.16170553457053705,463885000.0,397587000.0,387660000.0,48046000.0,66298000.0,103143000.0,147994000.0,,,,,,,,,,,,,,,,,,,,,,,,,,,,,,,Consumer Electronics,Technology,VOXX
2007Q1,2007,Q1,2006-07-10,2006-05-31,1522000.0,111299000.0,-52000.0,0.07,20099000.0,0.180585629700177,473005000.0,402523000.0,394322000.0,51938000.0,70482000.0,91797000.0,149949000.0,,,,,,,,,,,,,,,,,,,,,,,,,,,,,,,Consumer Electronics,Technology,VOXX
