Quarters,Year,Quarter,FillingDate,Date,NetIncome,Revenue,OperatingIncome,EPSDiluted,GrossProfit,GrossProfitRatio,TotalAssets,CommonStockEquity,CurrentAssets,CurrentLiability,TotalLiability,Inventory,RetainedEarnings,MarketCap,EnterpriseValue,bookValuePerShare,currentRatio,debtToAssets,debtToEquity,roic,shareholdersEquityPerShare,roe,priceToSalesRatio,peRatio,pbRatio,payoutRatio,inventoryTurnover,dividendYield,assetTurnover,quickRatio,returnOnAssets,priceToFreeCashFlowsRatio,grossProfitMargin,epsdilutedGrowth,fiveYNetIncomeGrowthPerShare,fiveYRevenueGrowthPerShare,fiveYShareholdersEquityGrowthPerShare,grossProfitGrowth,netIncomeGrowth,operatingIncomeGrowth,threeYNetIncomeGrowthPerShare,threeYRevenueGrowthPerShare,threeYShareholdersEquityGrowthPerShare,Industry,Sector,Symbol
2023Q1,2023,Q1,2023-04-11,2023-03-31,10879000.0,175653000.0,23866000.0,0.0406,40428000.0,0.2301583235,1946059000.0,1255303000.0,264782000.0,139168000.0,645838000.0,89866000.0,149364000.0,1108724440.0,1319988440.0,4.325021878294664,1.9026069211312946,0.15209970509629975,0.2357956604899375,0.008918504990699738,4.325021878294664,0.008666433522424466,6.312015393987008,25.478546741428442,0.8832325263302964,0.0,1.5047403912491932,0.0,0.09026088109353314,1.1789419981604967,0.005590272442921823,-56.01881770412288,0.23015832351283497,1.0738181818181818,-0.5649559268716805,0.3715043618921012,0.1948193279732759,0.5525345622119816,1.0678098158744407,0.9551077250757762,2.336345809788651,1.0414398561740192,0.09941799330872761,Silver,Basic Materials,FSM
2022Q4,2022,Q4,2022-12-31,2022-12-31,-160434000.0,164723000.0,12207000.0,-0.55,26040000.0,0.1580835706,1876224000.0,1244756000.0,252712000.0,135080000.0,587528000.0,92033000.0,138485000.0,1092303750.0,1252331750.0,4.273385493732856,1.8708320994965946,0.12819418150498021,0.19322742770470677,0.007395556095256249,4.273385493732856,-0.12888791056239135,6.631155029959387,-1.7021076423950035,0.87752439032228,0.0,1.506883400519379,0.0,0.08779495412061673,1.1064110156944034,-0.08550897973802701,-46.06932728806411,0.15808357060034117,-37.732394366197184,-3.570132995762992,0.19555795842222182,0.207948101525416,0.05378171664440937,-37.88366456616578,0.06620665560310944,-5.6505934674859715,0.3140498971364071,0.07800043995906197,Silver,Basic Materials,FSM
2022Q3,2022,Q3,2022-09-30,2022-09-30,-4126000.0,166568000.0,11449000.0,-0.0142,24711000.0,0.1483538255,2032631000.0,1388276000.0,251851000.0,130753000.0,592753000.0,82727000.0,291257000.0,734401080.0,871739080.0,4.763685151443405,1.926158482023357,0.11229386937422484,0.16441399260665746,-0.017686872870508675,4.763685151443405,-0.002972031498059464,4.40901661783776,-44.49836888027145,0.5290022156977431,0.0,1.7147605981118619,0.0,0.08194699382229238,1.198442865555666,-0.0020298814688942558,128.481644506648,0.1483538254646751,-3.491228070175439,-1.219657206840947,0.42243446903777754,0.43454722021930536,-0.24068952802359883,-3.4574151280524124,-0.12915494029056057,0.7056568541082987,0.49442717419353127,0.25121974128649216,Silver,Basic Materials,FSM
2022Q2,2022,Q2,2022-06-30,2022-06-30,1679000.0,167871000.0,13147000.0,0.0057,32544000.0,0.1938631449,2059994000.0,1397473000.0,287754000.0,127227000.0,607839000.0,86197000.0,295011000.0,829101080.0,956943080.0,4.786899228258152,2.261736895470301,0.11843141290702788,0.17457797037939193,0.0008670980563965773,4.786899228258152,0.001201454339368274,4.938917859546914,123.45162001191184,0.593285938261419,0.0,1.5699734329501027,0.0,0.08149101405149724,1.4991707734993358,0.0008150509176240319,-126.5030637778456,0.19386314491484533,-0.9377729257641921,-0.8970858820133598,0.4325728830539985,0.4740165077375797,-0.4875122043400208,-0.9377594899169632,-0.6770730988406367,-0.9103575199174789,0.35665297283628483,0.24322699846387244,Silver,Basic Materials,FSM
2022Q1,2022,Q1,2022-03-31,2022-03-31,26976000.0,182329000.0,40712000.0,0.0916,63502000.0,0.3482825003,2060389000.0,1400813000.0,301457000.0,145560000.0,604244000.0,91284000.0,292683000.0,1110961710.0,1226038710.0,4.804033732179662,2.071015388843089,0.10941720228558782,0.16093654185105363,0.019674672669568627,4.804033732179662,0.019257388388028953,6.093170642081073,10.295834352758007,0.7930835236394865,0.0,1.301728670960957,0.0,0.08849251282160796,1.37832508931025,0.013092673276745313,-34.99092,0.348282500315364,0.5958188153310104,0.0948349424142545,0.4836585851374438,0.4546860719478033,0.08833207650647837,0.6246687545169839,0.04741567830404693,5.598047286850326,0.6956535994873335,0.26828742147822016,Silver,Basic Materials,FSM
2021Q4,2021,Q4,2021-12-31,2021-12-31,16604000.0,198936000.0,38869000.0,0.0574,58348000.0,0.2933003579,2021922000.0,1375148000.0,281082000.0,166773000.0,592352000.0,85819000.0,266617000.0,1127575800.0,1207372800.0,4.756289732362117,1.685416704142757,0.09243383275912721,0.13590828041781686,0.013436182606248062,4.756289732362117,0.012074336725937863,5.668032935215345,16.977472295832328,0.8199668690206435,0.0,1.6381920087626283,0.0,0.09838955211922122,1.1135675439069874,0.008211988395200211,-225.92181927469446,0.29330035790404957,81.0,0.669288229087674,0.6773311647998924,0.5855610461193878,0.23232237898116076,77.69194312796209,0.08041472092506115,3.1137669395258945,0.8460632180538498,0.2615209442526135,Silver,Basic Materials,FSM
2021Q3,2021,Q3,2021-09-30,2021-09-30,211000.0,162569000.0,35976000.0,0.0007,47348000.0,0.291248639,2002142000.0,1360362000.0,288786000.0,299893000.0,588316000.0,71331000.0,250871000.0,1136249460.0,1219631460.0,4.705148691555814,0.962963456966318,0.10945627233233207,0.16109462040251052,0.0005186702072159229,4.705148691555814,0.00015510577331622025,6.98933658938666,1346.2671327014218,0.8352552188314581,0.0,1.6153005004836607,0.0,0.08119753743740454,0.6843140720190202,0.00010538713038335942,-83.35774778079377,0.2912486390394233,-0.99125,-0.9912882758099835,0.2162955337443851,0.634615602757977,-0.02314833917887353,-0.9869608206649364,0.003094939355918026,-0.9829735984066154,0.5084876953152275,0.25400408445452827,Silver,Basic Materials,FSM
2021Q2,2021,Q2,2021-06-30,2021-06-30,16182000.0,120526000.0,35865000.0,0.08,48470000.0,0.4021538921,1083202000.0,770502000.0,255601000.0,203916000.0,312700000.0,52624000.0,251324000.0,1028287350.0,1082639350.0,4.158648941854628,1.253462209929579,0.16261417538003067,0.22860940010538583,0.021342135011321085,4.158648941854628,0.02100189227282992,8.531664122264075,15.886283370411569,1.3345680478441329,0.0,1.3692611736089997,0.0,0.11126825836732207,0.9587379116891269,0.014939041840764696,104.36286917690043,0.4021538921062675,-0.4285714285714286,9.21389144778479,0.9116074353059905,1.0191968285804547,-0.055368244625908676,-0.38709188697825925,-0.11163677796492619,0.2506755944591533,0.41006764967342046,0.12329429900163612,Silver,Basic Materials,FSM
2021Q1,2021,Q1,2021-03-31,2021-03-31,26402000.0,117822000.0,40372000.0,0.14,51311000.0,0.4354959176,1069074000.0,752898000.0,280599000.0,206800000.0,316176000.0,50408000.0,235142000.0,1192640980.0,1224634980.0,4.084422841147048,1.3568617021276597,0.1661924244720197,0.2359841572165154,0.028297289365041518,4.084422841147048,0.03506716713286528,10.122396326662253,11.293093136883568,1.5840671379124398,0.0,1.3194532613870815,0.0,0.11020939616902103,1.0856479690522243,0.02469613890151664,269.82827601809953,0.43549591757057254,0.4000000000000001,6.180652680840088,0.9350397775726869,0.9683409680618016,0.09337509855313346,0.41816619218993395,0.4316819745381042,0.6624014809251038,0.44851441963217487,0.12835206191887136,Silver,Basic Materials,FSM
2020Q4,2020,Q4,2020-12-31,2020-12-31,18617000.0,103504000.0,28199000.0,0.1,46929000.0,0.453402767,1055338000.0,725770000.0,248067000.0,96441000.0,329568000.0,35274000.0,208740000.0,1516456640.0,1562671640.0,3.9436305940142145,2.572215136715712,0.16877341666840387,0.24541245849235985,0.02049835989781663,3.9436305940142145,0.025651377158052827,14.651188746328645,20.363869581565236,2.0894451961365172,0.0,1.6038725406815217,0.0,0.09807663516333155,2.1724370340415384,0.017640793755176066,73.25523597893822,0.4534027670428196,0.4285714285714285,1.7552081026559656,0.9613485647029845,0.926951303884032,0.11600199757437397,0.4223393689357476,-0.010214110214110214,-0.5279605932592873,0.1890028534623308,0.11473703838402523,Silver,Basic Materials,FSM
2020Q3,2020,Q3,2020-09-30,2020-09-30,13089000.0,83437000.0,28490000.0,0.07,42051000.0,0.5039850426,987818000.0,706759000.0,139875000.0,80842000.0,281059000.0,12681000.0,190123000.0,1170468960.0,1239290960.0,3.840330152796192,1.7302268622745602,0.15589713894664806,0.2178932281017999,0.015068059862955242,3.840330152796192,0.018519750013795366,14.02817646847322,22.35596607838643,1.6561076123544236,0.0,3.263622742685908,0.0,0.08446596437805344,1.5296380594245564,0.013250416574713157,121.43053843759726,0.503985042606997,3.121212121212121,2.541794880957017,0.4989587538217228,0.7667971684028062,2.052261014734703,3.3145888594164457,7.391752577319588,0.10345005742469915,0.12831239181871268,0.1564859494857421,Silver,Basic Materials,FSM
2020Q2,2020,Q2,2020-06-30,2020-06-30,-5655000.0,44484000.0,3395000.0,-0.033,13777000.0,0.3097068609,959387000.0,692012000.0,132496000.0,67228000.0,267375000.0,13317000.0,177034000.0,871504710.0,948221710.0,4.041677617554127,1.9708454810495626,0.15989585016265595,0.22167534667028896,-0.04037177582203908,4.041677617554127,-0.008171823609995202,19.591419611545724,-38.52805968169761,1.259378031016803,0.0,2.305849665840655,0.0,0.046367107329993,1.6987564705182365,-0.005894388812856543,-43.6888264487668,0.3097068608938045,-0.1785714285714286,-19.050424637180395,-0.13792522899493137,0.8746426631619458,0.8457931404072884,-0.25722543352601157,-0.048219792542753014,-1.5910089449940326,-0.35273508703118417,0.2445424988392913,Silver,Basic Materials,FSM
2020Q1,2020,Q1,2020-03-31,2020-03-31,-4498000.0,47541000.0,3567000.0,-0.028,7464000.0,0.1570013252,957743000.0,630863000.0,142055000.0,104459000.0,326880000.0,14900000.0,182689000.0,370443150.0,491033150.0,3.933919496149409,1.3599115442422385,0.21835920492240612,0.3315014511867077,-0.0071587535628978355,3.933919496149409,-0.007129915686924102,7.7920773648009085,-20.589325811471767,0.5872006283456155,0.0,2.689731543624161,0.0,0.04963857736365601,1.1646483309240947,-0.004696458235664474,-11.82353419935527,0.15700132517195683,-1.2333333333333334,-1.9374454877593315,-0.04064382052780715,0.8295741533261392,-0.6816378758797185,-1.2369363674673408,-0.7403741174757988,-1.331936549076598,-0.2965859102111296,0.19121101520992606,Silver,Basic Materials,FSM
2019Q4,2019,Q4,2019-12-31,2019-12-31,18984000.0,68983000.0,13739000.0,0.12,23445000.0,0.3398663439,936065000.0,635426000.0,152146000.0,89774000.0,300639000.0,14471000.0,187187000.0,653991360.0,741001360.0,3.964177875377436,1.6947668590014926,0.182053596705357,0.268188585295534,0.015675899109177487,3.964177875377436,0.029876020181736348,9.480471420494904,8.612402022756006,1.0292171865803414,0.0,3.1468454149678666,0.0,0.07369466863946414,1.4888943346625971,0.020280642904071833,-10.318087815344809,0.33986634388182596,3.494802494802495,263.0810618883695,0.44614051297100077,0.8474960915379314,0.40633435306820226,3.4622568093385215,0.6473621103117506,2.442513271511513,0.04909979964165361,0.3215019211971422,Silver,Basic Materials,FSM
2019Q3,2019,Q3,2019-09-30,2019-09-30,-7710000.0,61305000.0,8340000.0,-0.0481,16671000.0,0.2719354049,871483000.0,610269000.0,126577000.0,80511000.0,261214000.0,15492000.0,168203000.0,495302280.0,557892280.0,3.807233049684326,1.5721702624486096,0.15464099701313738,0.22083212484986128,0.054946661108988444,3.807233049684326,-0.012633772975523908,8.079312943479325,-16.060385214007784,0.8116130427729411,0.0,2.881099922540666,0.0,0.07034560628262398,1.3359292519034667,-0.00884698840941246,-14.304345867267372,0.2719354049425006,-1.8016666666666667,-1.7813577504891762,0.047977809828351994,0.8064522397218935,-0.27447993733136045,-1.7500729642961377,-0.4691617338170708,-1.5741763918573912,-0.17269325293429288,0.3226707494959115,Silver,Basic Materials,FSM
2019Q2,2019,Q2,2019-06-30,2019-06-30,10279000.0,67908000.0,15711000.0,0.06,22978000.0,0.3383695588,823310000.0,616889000.0,135322000.0,81331000.0,206421000.0,15917000.0,175913000.0,446999850.0,454264850.0,3.8503822987860064,1.66384281516273,0.1026162684772443,0.1369533254767065,0.014138330177969706,3.8503822987860064,0.016662641091022858,6.582432850326913,10.871676476310926,0.72460337272994,0.0,2.822768109568386,0.0,0.08248168976448725,1.4109257232789465,0.012484969209653715,-13.653019242516798,0.3383695588148672,4.999999999999999,1.8258045697376402,0.20809584728488342,0.8770600704507399,0.06939079443384372,3.582701738742755,0.439659122147897,7.033731276829673,0.24553875004768289,0.8695205667116875,Silver,Basic Materials,FSM
2019Q1,2019,Q1,2019-03-31,2019-03-31,2243000.0,58991000.0,10913000.0,0.01,21487000.0,0.364242003,796718000.0,605940000.0,176209000.0,64955000.0,190778000.0,17104000.0,165634000.0,521505459.99999994,493808459.99999994,3.7878115408417776,2.7127857747671467,0.10699394264972048,0.14068059543849226,0.0036458917040747695,3.7878115408417776,0.0037016866356404925,8.840424132494787,58.12588720463664,0.8606552794006006,0.0,2.1927034611786715,0.0,0.07404250939479214,2.3608036332845814,0.002815299767295329,-17.580415992448756,0.36424200301740944,-0.2857142857142857,-0.6359388195956798,0.021693646935303564,0.8890197098579328,0.23880080714903432,0.00492831541218638,-0.02658103648202658,-0.2970562798695588,0.11638361142925428,0.8253997994591441,Silver,Basic Materials,FSM
2018Q4,2018,Q4,2018-12-31,2018-12-31,2232000.0,59592000.0,11211000.0,0.014,17345000.0,0.2910625587,786517000.0,602804000.0,218920000.0,61328000.0,183713000.0,14386000.0,163391000.0,581974120.0,569539120.0,3.7702820187261934,3.5696582311505347,0.0992578672806818,0.12950809881818967,0.0050832423474612655,3.7702820187261934,0.0037026960670466687,9.765977312390925,65.18527329749104,0.9654450202719292,0.0,2.9366745446962326,0.0,0.07576695735756506,3.19971301852335,0.002837828044403363,-35.65144082332762,0.2910625587327158,-0.65,1.1166755273685376,0.27851689444241706,0.8996152477800975,0.05140328544583864,-0.6743032248650226,0.0641670621737067,1.1042201344522078,0.29982865293105115,0.8422490846435431,Silver,Basic Materials,FSM
2018Q3,2018,Q3,2018-09-30,2018-09-30,6853000.0,59596000.0,10535000.0,0.04,16497000.0,0.2768138801,738305000.0,599897000.0,236649000.0,53425000.0,138408000.0,21066000.0,161159000.0,689095729.9999999,675729729.9999999,3.7520999731053335,4.4295554515676185,0.056617522568586154,0.06968029511732847,0.008761565674621438,3.7520999731053335,0.011423627722759074,11.5627849184509,25.1384696483292,1.1486900751295637,0.0,2.0459033513718787,0.0,0.08072002763085717,3.8662423958820775,0.009282071772505942,-53.44727604126269,0.27681388012618297,-0.4285714285714286,21.259195480705685,0.5399705615774809,0.7812464523503017,-0.47448394495412843,-0.3854362837413685,-0.52909887359199,1.134509867074963,0.2323912620299055,0.726205650110563,Silver,Basic Materials,FSM
2018Q2,2018,Q2,2018-06-30,2018-06-30,11151000.0,73666000.0,22372000.0,0.07,31392000.0,0.4261396031,721147000.0,591162000.0,252632000.0,49574000.0,129985000.0,17328000.0,154306000.0,906976720.0,844124720.0,3.702190018725067,5.096058417718965,0.054916681342361544,0.06699178905274697,0.015767188046835672,3.702190018725067,0.018862849777218426,12.312012597399072,20.333977221773832,1.5342270308308044,0.0,2.439635272391505,0.0,0.10215115642164496,4.616109250816961,0.015462866794148766,161.2116459296125,0.426139603073331,-0.22222222222222213,1.8221421004559633,0.9073715925701916,0.7604770149586593,0.00175511376328302,-0.18925403518976297,-0.0024968789013732834,37.165660417149404,0.5307784657349065,0.7171788581283075,Silver,Basic Materials,FSM
2018Q1,2018,Q1,2018-03-31,2018-03-31,13754000.0,70442000.0,22428000.0,0.09,31337000.0,0.44486244,707504000.0,577856000.0,270027000.0,50115000.0,129648000.0,18640000.0,143155000.0,833305140.0,702273140.0,3.619812449494791,5.388147261299013,0.056467525271941925,0.06913660150625761,0.022357202085030378,3.619812449494791,0.02380177760549341,11.829663269072428,15.146596262905335,1.4420636629194816,0.0,2.0979077253218885,0.0,0.09956410140437369,4.923595729821411,0.019440172776408332,93.89353690140845,0.44486244002157804,-0.5714285714285714,0.5977640729325135,0.33962226794025524,0.6460975088126147,-0.11030038044404065,-0.5971294669009959,-0.6110908807158092,1.8795964060932107,0.4279706251458837,0.6834902961197561,Silver,Basic Materials,FSM
2017Q4,2017,Q4,2017-12-31,2017-12-31,34140000.0,75354000.0,57669000.0,0.21,35222000.0,0.4674204422,706648000.0,563584000.0,272455000.0,60603000.0,143064000.0,17753000.0,129401000.0,849106310.0,706809310.0,3.5377227617116636,4.495734534593997,0.05770482616521946,0.07235301215080626,0.05715210108855869,3.5377227617116636,0.06057659550306609,11.268231414390742,6.21782593731693,1.5066189068532818,0.0,2.260575677350307,0.0,0.10663583566358356,4.119103014702242,0.04831259693652285,48.54532673946601,0.46742044217957907,2.5,2.1470694678087927,0.5529345748869791,0.6640762885636199,0.4120429762668377,2.324892871055707,2.053208386277001,476.8482916368362,0.5894677283752617,0.6487476547920489,Silver,Basic Materials,FSM
2017Q3,2017,Q3,2017-09-30,2017-09-30,10268000.0,64012000.0,18888000.0,0.06,24944000.0,0.3896769356,652891000.0,529009000.0,250129000.0,52495000.0,123882000.0,16662000.0,95261000.0,697764660.0,620393660.0,3.3206889841626546,4.764815696733022,0.06324026522038136,0.07804971181964768,0.02154550393743178,3.3206889841626546,0.019409877714745873,10.900528963319378,16.98881622516556,1.3190033817950166,0.0,2.3447365262273436,0.0,0.09804393076332803,4.374626154871892,0.015726974334153786,75.81926111050744,0.3896769355745798,0.0,-0.0008850338948836934,0.1404313451846707,0.6220512828224376,0.12304713880509657,0.1539671836367723,0.328830730265935,0.04702823846968159,0.10101839560927864,0.5755972840585164,Silver,Basic Materials,FSM
2017Q2,2017,Q2,2017-06-30,2017-06-30,8898000.0,63911000.0,14214000.0,0.06,22211000.0,0.3475301591,637805000.0,517080000.0,235469000.0,48673000.0,120725000.0,14798000.0,84993000.0,778600470.0,786303470.0,3.2475207727526803,4.837774536190496,0.06553256873182242,0.08083275315231686,0.015323893032604565,3.2475207727526803,0.017208168948711997,12.182573735350722,21.875715610249493,1.5057640403805985,0.0,2.8179483714015405,0.0,0.10020460799147075,4.501448441641156,0.013950972475913485,1471.8345368620037,0.3475301591275367,-0.25000000000000006,0.8040082022282827,0.29076126802236224,0.6492911787124489,-0.18290843541919583,-0.31548580660050773,-0.2731642462671303,1.4613933910669796,0.14407220887513422,0.583165280085393,Silver,Basic Materials,FSM
2017Q1,2017,Q1,2017-03-31,2017-03-31,12999000.0,64834000.0,19556000.0,0.08,27183000.0,0.419270753,638285000.0,508033000.0,238515000.0,55025000.0,130252000.0,14371000.0,76095000.0,799942000.0,760032000.0,3.3024539279097733,4.334666060881418,0.06627290317021393,0.08326427613954211,0.026161924292520903,3.3024539279097733,0.025586920534689677,12.338310145911096,15.384683437187476,1.5745866902346897,0.0,2.619929023728342,0.0,0.1015753151021879,4.0451794638800544,0.020365510704465874,-892.7924107142857,0.41927075299996913,1.3255813953488373,-0.06089869201724483,0.2818043337573022,0.6889149199028815,0.3118575358332127,1.6785493509169587,0.10112612612612612,1.1940228527209065,0.1676800359286823,0.6469669869934792,Silver,Basic Materials,FSM
2016Q4,2016,Q4,2016-12-31,2016-12-31,4853000.0,57866000.0,17760000.0,0.0344,20721000.0,0.3580859226,562915000.0,423151000.0,166912000.0,58110000.0,139764000.0,13572000.0,63096000.0,797000300.0,757318300.0,2.9997518821511107,2.8723455515401826,0.07603634651768029,0.10115065307656132,0.01157435105634876,2.9997518821511107,0.011468719204255691,13.77320533646701,41.05709355038121,1.883489109088718,0.0,2.736884762746832,0.0,0.10279704751161366,2.5851316468766132,0.008621195029444943,48.90172413793103,0.35808592264887845,-0.5700000000000001,3.0950622361887223,0.36646563200435117,0.40421075001782486,-0.27074681495037656,-0.5893204705085893,-0.15805442305868966,1.2875332844123406,0.4071300062991198,0.5113920885993873,Silver,Basic Materials,FSM
2016Q3,2016,Q3,2016-09-30,2016-09-30,11817000.0,65212000.0,21094000.0,0.08,28414000.0,0.4357173526,543356000.0,406039000.0,146407000.0,55386000.0,137317000.0,12296000.0,58243000.0,1021288880.0,999897880.0,2.8784435212885113,2.643393637381288,0.07948564108981956,0.10636662980649642,0.024514518437419783,2.8784435212885113,0.02910311571055982,15.661057474084524,21.606348481001948,2.5152482397011124,0.0,2.992680546519193,0.0,0.12001707904210131,2.406637056295815,0.0217481724688786,57.154226873356095,0.43571735263448447,8.547169811320755,-0.2328149386116532,-0.005468752710659727,0.3559656685067348,0.7851353898347678,9.501438848920863,4.888888888888889,40.59505497300671,0.9099195703990103,0.3664927233648455,Silver,Basic Materials,FSM
2016Q2,2016,Q2,2016-06-30,2016-06-30,-1390000.0,44485000.0,3582000.0,-0.0106,15917000.0,0.357806002,387713000.0,269232000.0,126706000.0,36477000.0,118481000.0,11677000.0,46426000.0,912448780.58,900101780.58,2.0595559991931354,3.4735860953477533,0.11256264298592,0.16209811612289773,-0.004930677466278129,2.0595559991931354,-0.005162833541332382,20.511380927953244,-164.10949291007196,3.3890799777886733,0.0,2.4465187976363794,0.0,0.11473693169947874,3.1132494448556627,-0.0035851261113246137,-121.53020519179542,0.3578060020231539,-1.53,-1.211091741902697,0.7251840899057205,0.1722477917961185,0.02333804809052334,-1.539177657098526,-0.41326781326781326,0.8748177929116698,0.40694314581319246,-0.020633468498098228,Silver,Basic Materials,FSM
2016Q1,2016,Q1,2016-03-31,2016-03-31,2578000.0,42692000.0,6105000.0,0.02,15554000.0,0.3643305537,392165000.0,268192000.0,131104000.0,44667000.0,123973000.0,9631000.0,47816000.0,504057477.3,482278477.3,2.0750585937196253,2.935142275057649,0.10833705200617087,0.15841635842978166,0.008978684669375861,2.0750585937196253,0.009612516406156783,11.806836814859928,48.880670801008534,1.8794650000745734,0.0,2.817775931886616,0.0,0.10886234110642204,2.688830680368057,0.006573763594405416,-30.645517831955253,0.3643305537337206,1.1538461538461537,-0.48857563684990296,0.8686825992408792,0.21359429142314632,0.505420054200542,1.1491035280508965,-0.09029950827000446,-0.6300997306137377,0.0028022134025232634,-0.05637409964739719,Silver,Basic Materials,FSM
2015Q4,2015,Q4,2015-12-31,2015-12-31,-17290000.0,37013000.0,6711000.0,-0.13,10332000.0,0.2791451652,379654000.0,264168000.0,128043000.0,34151000.0,115486000.0,10434000.0,45238000.0,290427167.25,259579167.25,2.046564739890049,3.7493192000234252,0.10896763895546999,0.15660488779867357,0.01777105551368315,2.046564739890049,-0.06545077375003786,7.846625976008429,-4.19935175318103,1.0994032859771055,0.0,2.557120950737972,0.0,0.09749140006426904,3.39951977980147,-0.04554146670389354,-118.83271982405893,0.2791451652122227,-7.5,-4.506883907393597,0.3250483390151311,0.09757692788451124,-9.677731539727088e-05,-7.6705246913580245,0.10034431874077718,-2.967061528248737,-0.058584652412079156,-0.037335572611788,Silver,Basic Materials,FSM
2015Q3,2015,Q3,2015-09-30,2015-09-30,2592000.0,39041000.0,6099000.0,0.02,10333000.0,0.2646704746,398648000.0,280567000.0,142324000.0,29752000.0,118081000.0,12917000.0,62528000.0,281391655.38,254524655.38,2.173611222315842,4.78367840817424,0.10127731733258413,0.1439014566930537,0.008831588386294748,2.173611222315842,0.009238435026214771,7.20759343715581,27.140398859953706,1.0029392458129431,0.0,2.2224974839358986,0.0,0.09793351528165198,4.31594514654477,0.0065019766811823965,89.2173923208624,0.26467047462923593,10.111111111111112,1.8727669616881488,0.8524535267491588,0.5539510619851509,-0.006633339742357239,9.983050847457626,0.27727748691099474,-0.6887246427933537,-0.14156222410414124,0.061740165468613245,Silver,Basic Materials,FSM
2015Q2,2015,Q2,2015-06-30,2015-06-30,236000.0,38871000.0,4775000.0,0.0018,10402000.0,0.2676030974,392488000.0,278075000.0,147959000.0,25468000.0,114413000.0,13531000.0,59936000.0,472062887.46000004,471236887.46000004,2.155972280464939,5.809604209203707,0.10221713784880047,0.14427402679133328,0.0008238557932294356,2.155972280464939,0.000848691899667356,12.144346362583933,500.0666180720339,1.6976099522071384,0.0,2.1039834454216244,0.0,0.09903742280018753,5.22569498979111,0.0006012922688082183,-84.50821472610097,0.2676030974248154,-0.9400000000000001,-0.9662918767691256,1.279496756061888,0.5489345717217206,-0.17319767903982194,-0.9387649195640893,-0.40020097977641,-0.9409329694015407,-0.03086772991167784,0.09493558703409873,Silver,Basic Materials,FSM
2015Q1,2015,Q1,2015-03-31,2015-03-31,3854000.0,39804000.0,7961000.0,0.03,12581000.0,0.3160737614,351260000.0,276964000.0,113426000.0,27134000.0,74296000.0,14122000.0,59701000.0,494628453.12,451648453.12,2.1501831390641373,4.180216702292327,0.0,0.0,0.013559196510469163,2.1501831390641373,0.013915165869932555,12.426601676213446,32.08539524649714,1.785894387429413,0.0,1.9277014587168957,0.0,0.11331777031258897,3.5993587381145424,0.010971929624779365,196.67135312922466,0.31607376143101196,73.99999999999999,-0.43583727395988525,0.7589905628888957,0.41209291005960796,0.251591723040191,66.6140350877193,1.1793046810840404,-0.6674771477644116,-0.060162171245537535,0.09962968851695957,Silver,Basic Materials,FSM
2014Q4,2014,Q4,2014-12-31,2014-12-31,57000.0,37823000.0,3653000.0,0.0004,10052000.0,0.2657642175,350310000.0,272713000.0,114372000.0,32021000.0,77597000.0,14937000.0,55846000.0,578292596.6999999,535425596.6999999,2.1457029833700445,3.571781018706474,0.0,0.0,0.00022272956749925217,2.1457029833700445,0.0002090109382391012,15.289442844301085,2536.3710381578944,2.120517161631459,0.0,1.8592086764410525,0.0,0.10797008364020438,3.047968520658318,0.00016271302560589193,319.14602466887413,0.2657642175395923,-0.9933333333333334,-0.9598938527697568,0.6873054735394044,0.7678612482496672,-0.39880382775119616,-0.9927147239263804,-0.723278539504583,1.0273108548608116,-0.00870018653455892,0.004422803606313593,Silver,Basic Materials,FSM
2014Q3,2014,Q3,2014-09-30,2014-09-30,7824000.0,46384000.0,13201000.0,0.06,16720000.0,0.3604691273,342413000.0,267867000.0,109448000.0,30983000.0,74546000.0,14914000.0,55789000.0,516014932.43999994,475534932.43999994,2.1075747069130686,3.532517832359681,6.424989705414222e-05,8.213031093789082e-05,0.029742201411619977,2.1075747069130686,0.029208525126275354,11.12484762935495,16.488207197085888,1.9263848568132693,0.0,1.9890036207590183,0.0,0.13546214658906058,3.016686570054546,0.02284959975234585,45.463870699559465,0.3604691272852708,1.9999999999999996,11.267598898107133,1.5581334604412096,0.8308893829677946,0.02721631750322541,1.7280334728033473,0.7317329135510954,-0.43623832980593913,-0.21488565565628936,-0.0071721313093561535,Silver,Basic Materials,FSM
2014Q2,2014,Q2,2014-06-30,2014-06-30,2868000.0,44319000.0,7623000.0,0.02,16277000.0,0.3672691171,330791000.0,259119000.0,99393000.0,26075000.0,71672000.0,15028000.0,47965000.0,696025541.75,665485541.75,2.051283472170079,3.811812080536913,0.00019649869555096722,0.0002508499955618847,0.011360789586922609,2.051283472170079,0.011068273650330543,15.704901774633905,60.67168250958856,2.686123139368398,0.0,1.8659834974713867,0.0,0.13397885674035873,3.171236816874401,0.0086701270590796,-110.86740072475311,0.36726911708296667,-0.5,0.7512851281356461,1.5164617852551356,0.853220585487461,-0.05388281794931411,-0.4090253451473315,-0.17793594306049823,-0.5492714326252883,0.778653274715389,0.1675392762038496,Silver,Basic Materials,FSM
2014Q1,2014,Q1,2014-03-31,2014-03-31,4853000.0,45480000.0,9273000.0,0.04,17204000.0,0.3782761653,318349000.0,252667000.0,93508000.0,23077000.0,65682000.0,14358000.0,45097000.0,462447796.58,421401796.58,2.0051731176095813,4.051999826667244,0.00045861617281662577,0.0005778356492933387,0.01962296822643067,2.0051731176095813,0.019207098671373785,10.16815735664028,23.822779547702453,1.830265909596425,0.0,1.9693550633793007,0.0,0.14286207903904205,3.3469255102482993,0.015244275936158116,32.19267640654368,0.37827616534740544,1.3333333333333335,3.717760690894408,2.505609293868712,0.831935132992445,0.6585365853658537,1.3250502344273276,0.3628747795414462,-0.012521620682508663,1.041871000189982,0.17272189624489348,Silver,Basic Materials,FSM
2013Q4,2013,Q4,2013-12-31,2013-12-31,-14930000.0,36377000.0,6804000.0,-0.12,10373000.0,0.2851527064,302215000.0,247660000.0,83221000.0,16816000.0,54555000.0,15488000.0,40244000.0,358120824.25,326643824.25,1.984760873620155,4.9489176974310185,0.0008404612610227818,0.0010255996123718,0.04823601065283912,1.984760873620155,-0.060284260679964466,9.844704737883827,-5.996664840087073,1.4460180257207462,0.0,1.6789772727272727,0.0,0.12036794996939265,3.9182921027592768,-0.04940191585460682,47.2019011796494,0.2851527063804052,-56.14285714285714,-3.322471131367542,58.46974818741582,0.8946106776748756,0.2743243243243243,-55.553030303030305,1.9002557544757033,-4.132515623284002,0.34713573599017994,0.06443138582091658,Silver,Basic Materials,FSM
2013Q3,2013,Q3,2013-09-30,2013-09-30,-264000.0,30203000.0,2346000.0,-0.0021,8140000.0,0.2695096514,311170000.0,262844000.0,80521000.0,15521000.0,48326000.0,14665000.0,55174000.0,455449828.75,424411828.75,2.106446285495502,5.187874492622898,0.000996239997429058,0.0011794067964267779,-0.0010690190000459396,2.106446285495502,-0.001004398045989256,15.079622181571366,-431.29718631628793,1.7327762047069746,0.0,1.5044664166382544,0.0,0.0970626988462898,4.180078603182785,-0.0008484108365202301,-60.97052593708166,0.2695096513591365,0.9750593824228028,0.4631557213041371,1.8082132454155255,0.7189392961378118,0.2565606668724915,0.9750260145681582,2.3182461103253185,0.9080452284912007,0.4824618058565937,0.5059337239126448,Silver,Basic Materials,FSM
2013Q2,2013,Q2,2013-06-30,2013-06-30,-10571000.0,30101000.0,707000.0,-0.0842,6478000.0,0.215208797,310291000.0,261713000.0,85950000.0,17466000.0,48578000.0,13604000.0,55439000.0,401975396.01,358675396.01,2.1029470917642197,4.920989350738578,0.0012665530099164977,0.0015016449316617821,0.0019364303291094151,2.1029470917642197,-0.04039157397607303,13.35422065745324,-9.506560306735407,1.5359397355500108,0.0,1.7364745663040282,0.0,0.09700893677225572,4.059315241039735,-0.03406802001991679,-20.867746249805325,0.2152087970499319,-2.6839999999999997,-4.0892175204659384,1.676632015308543,0.6457317741849331,-0.6140371782650142,-2.5860465116279068,-0.9357623114664728,-2.56480586970973,0.8294309092598602,0.5108392081148655,Silver,Basic Materials,FSM
2013Q1,2013,Q1,2013-03-31,2013-03-31,6665000.0,40713000.0,11006000.0,0.05,16784000.0,0.412251615,327346000.0,271799000.0,103482000.0,19820000.0,55547000.0,12274000.0,66009000.0,510466674.27,447018674.27,2.1990267466633147,5.221089808274471,0.0016038075919669096,0.0019315744355203662,0.024394183895150207,2.1990267466633147,0.024521797357606172,12.538173906860216,19.147287106901725,1.8781035775333976,0.0,1.9495681929281408,0.0,0.12437298760333103,4.5386982845610495,0.020360719238970384,142.07255059003617,0.41225161496327956,-0.28571428571428575,8.741175912508597,3.0478161579829237,0.700249673246036,0.26537997587454765,-0.21329084041548632,0.37988966900702104,0.0167714907840972,0.8749963432424724,0.44417004374160296,Silver,Basic Materials,FSM
2012Q4,2012,Q4,2012-12-31,2012-12-31,8472000.0,37895000.0,7976000.0,0.07,13264000.0,0.3500197915,316263000.0,264493000.0,105953000.0,18508000.0,51770000.0,12858000.0,59344000.0,518799649.62,460755649.62,2.1259378467349705,5.724713637346013,0.002137461543082814,0.0025558332356621916,0.031792459577988375,2.1259378467349705,0.032031093450488296,13.690451236838634,15.309243673866856,1.9614872590957038,0.0,1.9156167366620003,0.0,0.1198211615016616,4.95872055327426,0.026787831646446155,294.7725281931818,0.35001979152922547,0.16666666666666682,2.462208844615029,1.7144027805729156,0.49775306029394145,-0.3105670772909195,0.05556939945178171,-0.34953514924155926,5.089682523421032,0.7269997342270582,0.7515765996313262,Silver,Basic Materials,FSM
2012Q3,2012,Q3,2012-09-30,2012-09-30,8026000.0,43835000.0,12262000.0,0.06,19239000.0,0.4388958595,304612000.0,254699000.0,108814000.0,17956000.0,49913000.0,12209000.0,50873000.0,664362141.24,606841141.24,2.0472157812325857,6.060035642682112,0.010501884364371725,0.012559923674611994,0.03071698808560648,2.0472157812325857,0.031511705974503236,15.155974477928597,20.694061214801895,2.608420689676834,0.0,2.014579408632976,0.0,0.14390437671529685,5.111439073290265,0.02634827255656376,307.5750653888889,0.43889585947302384,1.0,2.358379941688222,1.7334289074287776,0.5128448661778781,0.12653706523012062,1.0825116761805915,0.4602834345599619,11.75998894252106,1.4697251704470704,0.7784544605741769,Silver,Basic Materials,FSM
2012Q2,2012,Q2,2012-06-30,2012-06-30,3854000.0,38689000.0,8397000.0,0.03,17078000.0,0.4414174572,288686000.0,244973000.0,100199000.0,15292000.0,43713000.0,12613000.0,42846000.0,429222731.70000005,368905731.70000005,1.9690402851047322,6.552380329584096,0.001163894335021442,0.0013715797251125635,0.015653887488103604,1.9690402851047322,0.01573234601364232,11.094180043423197,27.842678496367412,1.7521226082058023,0.0,1.7133909458495202,0.0,0.13401758311798978,5.647789693957625,0.013350145140394754,50.443381325655196,0.44141745715836544,-0.6666666666666666,1.4379517751342983,1.6350072227019645,0.713777723153071,-0.18988662776908116,-0.6531365313653137,-0.49210669569951004,1.3894578943391611,1.2304775209266878,0.7789184379035609,Silver,Basic Materials,FSM
2012Q1,2012,Q1,2012-03-31,2012-03-31,11111000.0,40601000.0,16533000.0,0.09,21081000.0,0.5192236644,280825000.0,241457000.0,93585000.0,16525000.0,39368000.0,12560000.0,38992000.0,558147829.16,504909829.15999997,1.9553702137344349,5.663237518910742,0.002186415027152141,0.0025428958365257583,0.04575318774139843,1.9553702137344349,0.046016474983123286,13.747144877219773,12.558451740617405,2.311582721395528,0.0,1.5541401273885351,0.0,0.1445775839045669,4.771860816944025,0.039565565743790616,-163.3444042025168,0.5192236644417625,6.48780487804878,4.774180053488804,3.2205713792575343,0.7956560269319239,0.5892197512250282,7.331054131054131,2.7261663286004056,7.349505653290377,2.1934905183364695,0.7864349771541846,Silver,Basic Materials,FSM
2011Q4,2011,Q4,2011-12-31,2011-12-31,-1755000.0,32084000.0,4437000.0,-0.0164,13265000.0,0.4134459544,271606000.0,228311000.0,87477000.0,23574000.0,43295000.0,11291000.0,27881000.0,586740598.74,552286598.74,2.136254748165852,3.71074064647493,0.015743393003100077,0.018728839171130607,-0.007399340461547039,2.136254748165852,-0.0076868832425945315,18.287638659144747,-83.58128187179489,2.5699182200594803,0.0,1.6667257107430697,0.0,0.11812699277630097,3.2288114023924663,-0.006461565650243367,-72.20534072606449,0.4134459543697793,-1.1490909090909092,0.0,0.0,0.0,-0.4716612896801689,-1.1503856041131106,-0.7747372696349698,0.40676973709353825,60.23949639247058,1.0392235205273723,Silver,Basic Materials,FSM
2011Q3,2011,Q3,2011-09-30,2011-09-30,11670000.0,49679000.0,19697000.0,0.11,25107000.0,0.5053845689,269850000.0,226873000.0,95376000.0,25158000.0,42977000.0,9102000.0,29636000.0,537578362.78,480893362.78,2.122799705141808,3.7910803720486523,0.014237539373726144,0.016934584547301793,0.05030759894888226,2.122799705141808,0.051438469981002585,10.821038321624831,11.516245989288775,2.3695122944554883,0.0,2.6996264557240166,0.0,0.18409857328145265,3.213331743381827,0.043246247915508615,-29.25755756939153,0.5053845689325469,1.2,2.5400293744609845,0.0,1.671075582230722,0.6912765240821825,0.8831692754558658,1.1419095258808178,28.706976838730323,4.392954167997531,0.7322843008739072,Silver,Basic Materials,FSM
2011Q2,2011,Q2,2011-06-30,2011-06-30,6197000.0,24267000.0,9196000.0,0.05,14845000.0,0.6117361025,253028000.0,216145000.0,96549000.0,19991000.0,36883000.0,6277000.0,19328000.0,644647494.44,585768494.44,1.7569288793775273,4.829623330498724,0.019361493589642252,0.022665340396493094,0.02345370918075604,1.7569288793775273,0.02867056836845636,26.564779100836528,26.00643434081007,2.982477015151866,0.0,1.5010355265254103,0.0,0.09590638190239816,4.462908308738933,0.02449136063992918,-60.39984019863207,0.6117361025260643,0.25000000000000006,2.875305486009288,0.0,1.5617777273949,0.1372864475599479,0.2959012965286491,0.13854153769964095,0.8319762957194284,1.1828795488186465,0.37494361750633576,Silver,Basic Materials,FSM
2011Q1,2011,Q1,2011-03-31,2011-03-31,4782000.0,21673000.0,8077000.0,0.04,13053000.0,0.6022701057,242548000.0,209643000.0,105292000.0,16039000.0,32905000.0,5155000.0,13130000.0,673125232.6800001,616036232.6800001,1.7098453811003553,6.5647484257123265,0.018074772828471065,0.020911740434929858,0.021592416340849338,1.7098453811003553,0.022810205921495113,31.058239868961383,35.19057050815559,3.210816639143687,0.0,1.6721629485935985,0.0,0.08935550901264905,6.190036785335744,0.019715685142734633,-168.49192307384232,0.602270105661422,0.04712041884816762,1.2645754576135635,123.10208470350287,0.5164175593402642,0.16659218875681472,0.13317535545023695,-0.2358561967833491,6.598996179544507,1.1722035643296185,0.32202305175609985,Silver,Basic Materials,FSM
2010Q4,2010,Q4,2010-12-31,2010-12-31,4220000.0,23909000.0,10570000.0,0.0382,11189000.0,0.467982768,243183000.0,206008000.0,111837000.0,14752000.0,37175000.0,4034000.0,3597000.0,529211266.01,463162266.01,1.86462077317408,7.581141540130152,0.017472438451700982,0.020625412605335715,0.023934710648454004,1.86462077317408,0.020484641373150557,22.13439566732193,31.351378318127963,2.568886965603278,0.0,3.15319781854239,0.0,0.09831690537578695,7.2464750542299345,0.017353186694793632,-87.11296559835391,0.4679827679953156,2.660869565217391,1.862998156773838,325.4112108409721,2.3505318329653093,-0.04806874255572571,2.6601101494885917,1.2595126122274476,0.9420026441840146,0.9285186524334714,0.3136515131889884,Silver,Basic Materials,FSM
2010Q3,2010,Q3,2010-09-30,2010-09-30,-2542000.0,18039000.0,4678000.0,-0.023,11754000.0,0.6515882255,187059000.0,154539000.0,71844000.0,13174000.0,32520000.0,3810000.0,-623000.0,341390983.71,300490983.71,1.3987642696669507,5.453468954000304,0.020389288940922384,0.024679854276266833,0.12599412548224384,1.3987642696669507,-0.016448922278518692,18.925161245634456,-33.57503773701809,2.2090927449381708,0.0,1.6496062992125984,0.0,0.09643481468413709,4.1906786093821164,-0.01358929535601067,-52.659414423877834,0.651588225511392,-1.4600000000000002,0.6149824300010321,0.0,-0.31430155781053787,0.2231009365244537,-1.4250836120401338,-0.330662469595078,0.5155290929511291,0.26668690899922604,0.03365427511731461,Silver,Basic Materials,FSM
2010Q2,2010,Q2,2010-06-30,2010-06-30,5980000.0,14565000.0,6989000.0,0.05,9610000.0,0.6598008926,181334000.0,153339000.0,81568000.0,9842000.0,27995000.0,3221000.0,1919000.0,215922847.28,169500847.28,1.391906617507068,8.28774639300955,0.013582670651946132,0.016062449865983215,0.02782985193500004,1.391906617507068,0.0389985587489158,14.824774959148645,9.026874886287624,1.4081404422880022,0.0,1.5383421297733624,0.0,0.08032139587722104,6.745072139808982,0.032977819934485536,-92.63099411411412,0.6598008925506351,0.0,2.4110094853587056,0.0,6.324807445093513,-0.22337158558267334,0.12915407854984895,-0.2577527612574342,3.2720435994944093,0.12027820379444676,0.21146254438673223,Silver,Basic Materials,FSM
2010Q1,2010,Q1,2010-03-31,2010-03-31,5296000.0,17543000.0,9416000.0,0.05,12374000.0,0.7053525623,177224000.0,152055000.0,81494000.0,8763000.0,25169000.0,2567000.0,-4061000.0,257636999.16,191655999.16,1.522692397749786,9.299783179276503,0.012605516182909764,0.014692052217947454,0.0339687626257918,1.522692397749786,0.034829502482654304,14.686028567519807,12.161867407477342,1.6943671642497782,0.0,2.013634592910012,0.0,0.09898772175326141,7.9847084331849825,0.02988308581230533,-623.8183999031477,0.7053525622755515,3.4642857142857144,2.423512823473069,0.0,45.45338079616608,0.19267469879518073,4.107039537126326,0.6926119000539277,3.224537457562424,1.255073293099399,0.3983192348833489,Silver,Basic Materials,FSM
2009Q4,2009,Q4,2009-12-31,2009-12-31,1037000.0,16356000.0,5563000.0,0.0112,10375000.0,0.6343237955,139738000.0,112557000.0,48362000.0,12225000.0,27181000.0,2329000.0,-9357000.0,184545796.19,156274796.19,1.2137281619213458,3.9559918200408997,0.01783337388541413,0.02213989356503816,0.015390187675324456,1.2137281619213458,0.009213109802144692,11.283064085962337,44.49030766393443,1.6395763585561094,0.0,2.5680549592099613,0.0,0.11704761768452389,3.0591411042944787,0.007421030786185576,120.3036481029987,0.634323795549034,2.8666666666666667,1.4110747208596772,0.0,22.170232767234893,0.46663839411931013,2.865107913669065,0.2677757520510483,0.0,0.0,0.0,Silver,Basic Materials,FSM
2009Q3,2009,Q3,2009-09-30,2009-09-30,-556000.0,13230000.0,4388000.0,-0.006,7074000.0,0.5346938776,131372000.0,106751000.0,45353000.0,10495000.0,24621000.0,1793000.0,-10394000.0,130758579.21,102078579.21,1.1511207211747434,4.321391138637447,0.03802941266023201,0.0468004983559873,-0.028615657089908927,1.1511207211747434,-0.0052083821228840945,9.883490492063492,-58.794325184352516,1.2248932488688629,0.0,3.4333519241494703,0.0,0.10070639101178333,3.327393997141496,-0.004232256493012209,-96.78651310880828,0.5346938775510204,-1.6,0.6875269481320435,0.0,5.151773990625407,0.04151943462897526,-1.4648829431438126,0.007577497129735935,0.9154418144972437,0.0,0.44843173055004587,Silver,Basic Materials,FSM
2009Q2,2009,Q2,2009-06-30,2009-06-30,1196000.0,12862000.0,4355000.0,0.01,6792000.0,0.5280671746,122971000.0,102113000.0,42473000.0,6462000.0,20858000.0,1520000.0,-9838000.0,69190064.25,40174064.25,1.1068749657939507,6.5727329000309505,0.01747566499418562,0.021045312545905026,0.01676867391580582,1.1068749657939507,0.011712514567195166,5.379417217384543,14.462806072324415,0.6775833072184736,0.0,3.9934210526315788,0.0,0.10459376600987225,5.050758279170536,0.009725870327150304,34.32046837797619,0.5280671746229202,1.704225352112676,1.438828483132352,0.0,5.179679055821167,0.9483648881239243,1.9676375404530744,2.764044943820225,-0.0026119323540355057,0.0,0.6139342164986011,Silver,Basic Materials,FSM
2009Q1,2009,Q1,2009-03-31,2009-03-31,-1236000.0,8980000.0,1157000.0,-0.0142,3486000.0,0.3881959911,112901000.0,95468000.0,37908000.0,5320000.0,17433000.0,1533000.0,-11036000.0,71520393.44,45816393.44,1.0945655670319254,7.125563909774436,0.011673944429190175,0.01380567310512423,0.02660017880622441,1.0945655670319254,-0.012946746553819081,7.964409069042316,-14.466098996763753,0.7491556693342272,0.0,3.58382257012394,0.0,0.079538710906015,5.664097744360903,-0.010947644396418101,-27.152768959757022,0.38819599109131403,0.4873646209386281,0.6897761338368692,0.0,4.920082451978656,2.0861606944162636,0.4767270873886383,1.211799631555649,0.9038684513442409,71.28428115546106,-0.029258163315162566,Silver,Basic Materials,FSM
2008Q4,2008,Q4,2008-12-31,2008-12-31,-2362056.147397,418305.226621,-5462710.163856,-0.0277,-3209469.8490939997,-7.6725549786,115917830.731306,89391947.411668,39780608.052588,5562037.797864,17476581.758422,1735414.954807,-9837304.847987,48639045.629999995,20449234.619317994,1.04758243844372,7.152164278327095,0.012121469887716984,0.015718356466587036,-0.041351199379944685,1.04758243844372,-0.026423589772792994,116.27644727965297,-5.147956123270029,0.5441099230785,0.0,2.0904366795193683,0.0,0.0036086357377634053,6.247008420741156,-0.020376987151115467,-14.334403751353499,-7.672554978620667,-6.102564102564102,-1.2789306711893784,0.0,5.041024596852616,-1.4363658852107744,-6.023799543917426,-13.493295687835891,0.3745810841068455,6.394014942957947,0.8823979428729756,Silver,Basic Materials,FSM
2008Q3,2008,Q3,2008-09-30,2008-09-30,-336293.21745699993,7354997.166068,-376912.9038359998,-0.0039,7354997.166068,1.0,132009257.509919,104568297.751748,55387303.986397,5328736.066503,17729076.138296,1887398.450784,-8917438.125827,87891608.77,50025559.270661,1.2254337836294498,10.39407906399558,0.0081577158395659,0.010298475102985967,0.0023994152375578495,1.2254337836294498,-0.0032160150321599583,11.949917421516435,-65.33852320500506,0.8405186912257141,0.0,0.0,0.0,0.055715768006007874,8.691189505406877,-0.0025474972270920567,-20.240995452488303,1.0,-1.1300000000000001,0.7946017320588556,0.0,5.5489149302012715,1.6028915561972232,-1.1433330137050992,-1.5418389174071725,0.9340512620118921,0.0,-0.3992711605071779,Silver,Basic Materials,FSM
2008Q2,2008,Q2,2008-06-30,2008-06-30,2346236.981725,7710748.67361,695617.999607,0.03,2825702.4955789996,0.3664627931,135176852.03379902,109036156.415799,61072902.338377,6292002.358027,17365887.207703,1824523.48202,-8972293.181372,176632895.07,131941403.61784899,1.2778188552662098,9.706433479075775,0.008126003939441857,0.0100741595105313,0.004225899203785411,1.2778188552662098,0.021517972192433565,22.907359913639155,18.820871084827072,1.6199479225627438,0.0,2.67743672590203,0.0,0.0570419310525299,8.185196752030047,0.017356795534329776,-53.16476359940714,0.3664627930683246,5.285714285714286,1.9307150435590001,0.0,5.825181589194766,0.2579998177764985,5.128173889384495,2.7684189841871962,1.7147298337775796,0.0,5.724428885393437,Silver,Basic Materials,FSM
2008Q1,2008,Q1,2008-03-31,2008-03-31,-568347.420577,6639463.713203,184591.4699309999,-0.007,2246186.7288450003,0.3383084577,128709802.778587,105525114.155251,61274652.676576,5011172.641601,15262799.961139,1847857.767415,-11317400.174876,159100897.79999998,111195525.21669097,1.293355194396266,12.227607599845054,0.00820495014379505,0.010007641529411696,-0.037157049459837194,1.293355194396266,-0.005385897235238562,23.9629139750576,-69.98399748101123,1.5077064741756836,0.0,2.377497371187735,0.0,0.05158475554985144,10.84490112446701,-0.004415727538287814,-35.52333060857647,0.33830845771147355,-1.3553299492385786,0.8475074411576352,0.0,5.632028591467985,-0.34992092317581275,-1.4019029309598257,-0.8139977985766166,0.8130274686906122,0.0,38.45689979064427,Silver,Basic Materials,FSM
2007Q4,2007,Q4,2007-12-31,2007-12-31,1414141.019623,8068032.782617,992415.5118510001,0.0197,3455251.5361949997,0.4282644393,125664950.015147,102054932.848632,58094516.813087,6432394.223973,16952438.654953,1709582.95466,-11115823.487832,225044286.29,178222111.191545,1.4194181291258685,9.031554160124942,0.007007055268950206,0.008628110621874789,0.0042979778972392114,1.4194181291258685,0.013856665034706903,27.893328194559363,39.784625996846344,2.205128943877568,0.0,2.698190944082842,0.0,0.0642027294137667,8.52448979591773,0.011253265285607059,306.37825425362036,0.42826443933637953,1.414736842105263,2.6192732901091578,0.0,6.475372020876343,-0.16271083106309553,1.4141472579002141,1.6861212535973604,1.7230397286209074,0.0,26.096881721700324,Silver,Basic Materials,FSM
2007Q3,2007,Q3,2007-09-30,2007-09-30,-3414585.0120869996,9267727.639001,-1446414.1821110002,-0.0475,4126712.3287670007,0.4452776872,116849315.06849301,97295527.800161,52249194.198227,4925463.336019,13804391.619662,1358783.239323,-12509065.269944,194127659.10000002,150404854.90983102,1.3532225458151352,10.607975460123383,0.004784152817047486,0.005745639008230705,-0.023293061023994695,1.3532225458151352,-0.035094984212433136,20.946629709213777,-14.213122415522237,1.9952372271285297,0.0,3.783543365456479,0.0,0.07931349562099342,9.922494887526145,-0.029222122612233444,-132.90256847236597,0.44527768720788957,-5.75,-1.4751591802484976,0.0,6.2318385967180685,0.09503094583238372,-4.837689869561594,-1.631395277931142,-1.4751591802484976,0.0,6.2318385967180685,Silver,Basic Materials,FSM
2007Q2,2007,Q2,2007-06-30,2007-06-30,889750.117426,8263939.877877,2290821.982151,0.01,3768580.5542509994,0.4560271021,97135089.713481,80453544.387036,40494891.498356,4666868.013152,11830200.093941,878810.709253,-8481327.383748,214972768.20999998,181932545.570263,1.1489472984174516,8.677102370205189,0.001052588791739285,0.0012708365740251356,0.013293548683554987,1.1489472984174516,0.011059178613010506,26.013350942386857,60.40256809178762,2.672011156846434,0.0,5.115275993219417,0.0,0.08507677197038796,8.080012584842056,0.009159924802154324,-207.9550704545597,0.45602710207750746,1.4201680672268908,1.4300996410085742,0.0,5.3385487140303525,1.5364188128876792,1.5844093851738095,2.471741138651948,1.4300996410085742,0.0,5.3385487140303525,Silver,Basic Materials,FSM
2007Q1,2007,Q1,2007-03-31,2007-03-31,-1522477.461859,4974916.782247,-1556538.661581,-0.0238,1485787.9681000002,0.2986558435,84208428.398058,69540369.278779,34943803.744799,4826598.474341,11015116.158114,837858.009709,-8647288.488211,160289423.28,133092700.845881,1.0889447557923442,7.239840631153818,0.0013512987261453772,0.001636326398682563,-0.027635629052517548,1.0889447557923442,-0.021893433665207764,32.21951849566471,-26.320491976984805,2.3049837805349997,0.0,4.1643438073222265,0.0,0.05907860860115199,7.034287578008981,-0.01807987027928087,-119.33326580456888,0.2986558435313003,0.0,0.4780937411378751,0.0,4.899952051233532,0.0,0.0,0.0,0.4780937411378751,0.0,4.899952051233532,Silver,Basic Materials,FSM
