Quarters,Year,Quarter,FillingDate,Date,NetIncome,Revenue,OperatingIncome,EPSDiluted,GrossProfit,GrossProfitRatio,TotalAssets,CommonStockEquity,CurrentAssets,CurrentLiability,TotalLiability,Inventory,RetainedEarnings,MarketCap,EnterpriseValue,bookValuePerShare,currentRatio,debtToAssets,debtToEquity,roic,shareholdersEquityPerShare,roe,priceToSalesRatio,peRatio,pbRatio,payoutRatio,inventoryTurnover,dividendYield,assetTurnover,quickRatio,returnOnAssets,priceToFreeCashFlowsRatio,grossProfitMargin,epsdilutedGrowth,fiveYNetIncomeGrowthPerShare,fiveYRevenueGrowthPerShare,fiveYShareholdersEquityGrowthPerShare,grossProfitGrowth,netIncomeGrowth,operatingIncomeGrowth,threeYNetIncomeGrowthPerShare,threeYRevenueGrowthPerShare,threeYShareholdersEquityGrowthPerShare,Industry,Sector,Symbol
2023Q1,2023,Q1,2023-02-27,2023-03-31,46911000.0,87094000.0,54676000.0,0.22,60416000.0,0.6936872804,862985000.0,556025000.0,138700000.0,144941000.0,306960000.0,25684000.0,0.0,826833918.24,1055112918.24,2.663000333473112,0.956941100171794,0.3301285653864204,0.5123798390360146,0.06539202439976652,2.663000333473112,0.08436850861022437,9.493580708659609,4.406396784549466,1.4870445002293062,0.6676259299524632,1.0387011368945647,0.03787822355747775,0.10092180049479423,0.573322938299032,0.05435899812858856,16.249708512469784,0.6936872804096723,0.29411764705882343,2.583989810306297,-0.11075982304621712,-0.44736833718588553,0.40026885458675193,0.3019260657193606,0.25053748684872607,-0.16359952964470503,-0.5352572900901437,-0.3505591615878801,Marine Shipping,Industrials,NAT
2022Q4,2022,Q4,2022-12-31,2022-12-31,36032000.0,110207000.0,43722000.0,0.17,43146000.0,0.3914996325,880735000.0,539982000.0,143514000.0,73265000.0,340753000.0,25430000.0,-156227000.0,638917118.64,885371118.64,2.586164733725063,1.958834368388726,0.34747909416566847,0.5667540769877515,0.05215730835781083,2.586164733725063,0.06672815019759917,5.797427737258069,4.432984004773535,1.1832192899763325,0.4635879218472469,2.637082186394023,0.026144236103042846,0.1251307146871647,1.0927045656179621,0.040911284325023986,18.070967265527774,0.3914996325097317,2.4,1.0672037338928166,-0.20473197446349115,-0.6022503124051216,1.130245877357559,2.599960035967629,1.5501312335958006,0.9518267625648484,-0.2033298788037716,-0.3746340219345584,Marine Shipping,Industrials,NAT
2022Q3,2022,Q3,2022-09-30,2022-09-30,10009000.0,47382000.0,17145000.0,0.05,20254000.0,0.4274619054,881928000.0,513806000.0,143863000.0,80172000.0,368122000.0,27084000.0,0.0,552435992.22,847957992.22,2.4832958737664486,1.7944294766252558,0.37721446648706014,0.6474739493116078,0.020541800520848887,2.4832958737664486,0.019480115062883656,11.65919531087755,13.798481172444799,1.0751840037290339,0.40293735637925865,1.0016245753950672,0.007300393270527373,0.05372547418836912,0.7863468542633338,0.011348999011257155,-193.8371902526316,0.4274619053649065,3.392344497607656,1.1900465144818675,-0.5497370164207181,-0.6435416375032862,2.667873958710612,3.3876431297709924,7.948329853862213,1.4512463362078443,-0.5163621517614373,-0.3787027294795192,Marine Shipping,Industrials,NAT
2022Q2,2022,Q2,2022-06-30,2022-06-30,-4192000.0,34750000.0,1916000.0,-0.0209,5522000.0,0.1589064748,899167000.0,495899000.0,135562000.0,88787000.0,403268000.0,34054000.0,-202268000.0,428211082.71,748056082.71,2.4666920419603917,1.5268226204286663,0.39527473761826226,0.7167144922655622,0.0023831041913851157,2.4666920419603917,-0.008453334247497979,12.322621085179856,-25.537397585281486,0.8635046303985286,0.0,0.8582839020379397,0.0,0.03864688094647602,0.5289062587991485,-0.004662092803672733,-5.517188686448321,0.1589064748201439,0.8507142857142858,0.8775061494063443,-0.7630948126150666,-0.6899396667699358,1.393781644441275,0.8445910877140951,1.0916001338624086,0.8091717171882902,-0.6290887475025595,-0.39932479709028124,Marine Shipping,Industrials,NAT
2022Q1,2022,Q1,2022-03-31,2022-03-31,-26974000.0,15521000.0,-20917000.0,-0.14,-14023000.0,-0.9034856002,829103000.0,491779000.0,110373000.0,72493000.0,337324000.0,22783000.0,0.0,407138592.27,672274592.27,2.5728076136426337,1.5225332101030444,0.36457352102211665,0.6146439762576279,-0.026330522503269577,2.5728076136426337,-0.054849841087155,26.231466546614264,-3.7734354588677985,0.8278893410861383,-0.07210647289982947,1.2967563534214106,0.004777243024680265,0.01872023138259058,0.6283779123501579,-0.03253395537104557,-15.55448299025788,-0.9034856001546292,0.6585365853658536,-0.7063636163903722,-0.912415710348373,-0.6903797807384003,-0.4180402467388007,0.6309329976603226,0.6837944066515496,-6.215956242453748,-0.8694203472042309,-0.3933887735913797,Marine Shipping,Industrials,NAT
2021Q4,2021,Q4,2021-12-31,2021-12-31,-73087000.0,22625000.0,-66150000.0,-0.41,-9889000.0,-0.4370828729,851152000.0,498223000.0,107108000.0,67645000.0,352929000.0,20873000.0,-171328000.0,301372668.87,588740668.87,2.793872693091501,1.583383842116934,0.378436518976634,0.6465117025910084,-0.08067782391295039,2.793872693091501,-0.1466953552927103,13.32033895558011,-1.0308696104300354,0.6048951350499675,-0.04816177979668067,1.5577061275331767,0.011679891256225315,0.026581621144049477,0.6521250646758815,-0.08586832904111134,-32.75433853602869,-0.43708287292817677,-0.5769230769230768,0.473631513828289,-0.856928243934564,-0.6729342834202658,0.6147643163225555,-0.632864164432529,-0.732945614586608,-3.2384910104022215,-0.7911797364323337,-0.34115490218158045,Marine Shipping,Industrials,NAT
2021Q3,2021,Q3,2021-09-30,2021-09-30,-44760000.0,9313000.0,-38172000.0,-0.26,-25670000.0,-2.7563620745,911773000.0,547704000.0,104441000.0,74161000.0,364069000.0,16752000.0,0.0,420416145.92,728574145.9200001,3.335081807887575,1.4083008589420316,0.3731071220577929,0.6211183412938376,-0.043083107700912206,3.335081807887575,-0.08172297445335437,45.14293416944057,-2.3481688221626453,0.7675973626630442,0.0,2.088287965616046,0.0,0.010214165148562196,0.5415514893272745,-0.04909116633197079,-14.091846414158343,-2.756362074519489,-0.368421052631579,-1.4350146364892704,-0.9292566543768002,-0.6814999419127504,-0.4059590316573557,-0.5449932691312002,-0.7540667218086573,0.252689737958377,-0.8716554658277054,-0.22888431916146845,Marine Shipping,Industrials,NAT
2021Q2,2021,Q2,2021-06-30,2021-06-30,-28971000.0,16747000.0,-21762000.0,-0.19,-18258000.0,-1.0902251149,929586000.0,562673000.0,85973000.0,42646000.0,366913000.0,19274000.0,-53718000.0,510352833.28,822399833.28,3.6162578507474414,2.015968672325658,0.3725841396062333,0.6155422421193126,-0.024159990951216372,3.6162578507474414,-0.05148816452895376,30.47428394816982,-4.403997387732559,0.9070149683386264,-0.1081426253840047,1.8161772335789146,0.006138890186744806,0.018015546705737823,1.105918491769451,-0.03116548657144148,-68.64194126160054,-1.0902251149459605,-0.1875,-2.2822535615301067,-0.8914499067084787,-0.6184384192406411,-0.24069040500135908,-0.1587473002159827,-0.1840043525571273,0.0801737064917007,-0.7919188232268273,-0.21584006518821688,Marine Shipping,Industrials,NAT
2021Q1,2021,Q1,2021-03-31,2021-03-31,-25002000.0,47999000.0,-18380000.0,-0.16,-14716000.0,-0.3065897206,949388000.0,577164000.0,89586000.0,42301000.0,372224000.0,23783000.0,0.0,493535051.75,806453051.75,3.8007087710361396,2.1178222737051136,0.3699720240828829,0.6085739928339259,-0.01977512014949442,3.8007087710361396,-0.04331871010665946,10.28219445717619,-4.934955721042317,0.8551036650761309,-0.1218702503799696,2.6369675818862213,0.006173826943386904,0.05055783304613077,1.0856480934256874,-0.02633485993081859,-31.40534850461343,-0.30658972061917955,0.15789473684210525,-1.5018347515454356,-0.7355705807566869,-0.610653771719808,0.1558538404175988,0.12208996102391236,0.17656018995564715,-0.16075590017523939,-0.32616822694054115,-0.2112685899402278,Marine Shipping,Industrials,NAT
2020Q4,2020,Q4,2020-12-31,2020-12-31,-28479000.0,43841000.0,-22321000.0,-0.19,-17433000.0,-0.3976414772,974347000.0,599126000.0,99522000.0,39679000.0,375221000.0,19408000.0,0.0,445807076.85,745399076.85,3.9645438392057684,2.5081781294891505,0.36684979786462113,0.5966007150415772,-0.023167061353131752,3.9645438392057684,-0.04753424154518415,10.168725094090007,-3.9134720043716427,0.7440956941444705,-0.2126479160082868,3.1571516900247323,0.013584351425712456,0.04499526349442242,1.6178835152095568,-0.02922880657507028,-16.37371274286554,-0.3976414771560868,-1.8189910979228485,-1.5573367399963787,-0.7741586257015749,-0.5985494241279671,-8.43411513859275,-1.8222178178574968,-11.8799769186382,0.9266115144161565,-0.5628978440973305,-0.3902569109629135,Marine Shipping,Industrials,NAT
2020Q3,2020,Q3,2020-09-30,2020-09-30,-10091000.0,56044000.0,-1733000.0,-0.0674,2345000.0,0.041842124,989217000.0,630454000.0,110942000.0,45487000.0,358763000.0,17637000.0,0.0,522793187.75000006,794446187.75,4.208709125437529,2.4389825664475566,0.3377206416792271,0.5299022609103916,-0.0018092751396640656,4.208709125437529,-0.016005925888328092,9.328263288666049,-12.951966795907245,0.8292328825735105,-2.9661084134377167,3.0446788002494753,0.057252084956992626,0.05665490989338032,1.5563567612724514,-0.010200997354473286,153.04250226873538,0.041842124045392906,-1.2042424242424243,-1.232576433447706,-0.6725116487126503,-0.5755615572646691,-0.9620476467922574,-1.205235112268142,-1.0300601897625365,0.735351377724013,-0.26438903800457203,-0.3958715999463167,Marine Shipping,Industrials,NAT
2020Q2,2020,Q2,2020-06-30,2020-06-30,49168000.0,122589000.0,57651000.0,0.33,61788000.0,0.5040256467,1057660000.0,637455000.0,182421000.0,101323000.0,420205000.0,10112000.0,17053000.0,604816125.3399999,862935125.3399999,4.2790977151032585,1.8003908293279907,0.3507034396687026,0.5818842114345326,0.0570153533887212,4.2790977151032585,0.07713171910174052,4.933690015743663,3.0752528338553526,0.9487981509910502,0.4261104783599089,6.0127571202531644,0.03464028011525372,0.11590586767013975,1.342784955044758,0.04648752907361534,7.4232427382296615,0.5040256466730294,0.2222222222222222,-0.04741454070982261,-0.3691465840904999,-0.5733169458449207,0.1856315001726983,0.24321727477306632,0.21036719783334384,2.9389049867487826,0.12785231568729638,-0.462122372432648,Marine Shipping,Industrials,NAT
2020Q1,2020,Q1,2020-03-31,2020-03-31,39549000.0,132145000.0,47631000.0,0.27,52114000.0,0.394369821,1037846000.0,603712000.0,149157000.0,78732000.0,434134000.0,19123000.0,0.0,666954772.02,993330772.02,4.100450997174949,1.8944901691815272,0.376479747476986,0.6472092653450652,0.048287279290605896,4.100450997174949,0.06550971324075056,5.047143456203413,4.216002756201168,1.1047565263238102,0.26053756100027814,4.185065104847566,0.015449323450812664,0.1273262121740605,1.227925113041711,0.0381068096808197,18.94704048237266,0.39436982102992924,2.0000000000000004,-0.20989403584324562,-0.29140612739341376,-0.5839086898491259,1.1326731052545425,2.10675569520817,1.2199384787472036,4.2480762879514655,-0.03189662676752658,-0.5065380986574228,Marine Shipping,Industrials,NAT
2019Q4,2019,Q4,2019-12-31,2019-12-31,12730000.0,95392000.0,21456000.0,0.09,24436000.0,0.2561640389,1030903000.0,595424000.0,129372000.0,59028000.0,435479000.0,22475000.0,-10352000.0,708385240.8,1059373240.8,4.135442004256959,2.191705631225859,0.3878492932894753,0.6715130730370291,0.021394182925410392,4.135442004256959,0.021379722685011017,7.4260445404226765,13.911729002356639,1.1897156325576395,0.2272584446190102,3.1571078976640714,0.004083936018673753,0.0925324691071808,1.2579623229653725,0.012348397472895123,136.01867142857142,0.2561640389131164,1.8181818181818183,3.0603583051366785,-0.379947699045245,-0.5818870357292905,134.75555555555556,1.8344257996853697,8.47595818815331,1.1135509850622,-0.25288056773246664,-0.5158829871379765,Marine Shipping,Industrials,NAT
2019Q3,2019,Q3,2019-09-30,2019-09-30,-15256000.0,67384000.0,-2870000.0,-0.11,180000.0,0.0026712573,1011679000.0,568805000.0,99154000.0,42526000.0,442874000.0,15963000.0,0.0,307388867.76,674950867.76,3.996952814046827,2.331608898085877,0.40020797110545936,0.7118116050316013,-0.003272777436948798,3.996952814046827,-0.026821142570828314,4.561748601448415,-5.037179925275302,0.5404116837228927,-0.09347142108023072,4.209985591680762,0.0046390749619253544,0.0666061072731568,1.3176644876075811,-0.01507988205745103,63.45765230388109,0.0026712572717559066,0.0,-3.0560352468254766,0.032265395535132226,-0.6054639164263628,1.1737451737451738,0.016566750467349966,0.4167852062588905,0.0422388527356692,-0.40931245078598794,-0.6182913113450008,Marine Shipping,Industrials,NAT
2019Q2,2019,Q2,2019-06-30,2019-06-30,-15513000.0,66161000.0,-4921000.0,-0.11,-1036000.0,-0.0156587718,1028198000.0,583003000.0,100193000.0,39377000.0,445195000.0,22088000.0,-318144000.0,332209018.44,700641018.44,4.1065321658219585,2.5444548848312465,0.3992363338578756,0.7041027233136021,-0.005121458369148904,4.1065321658219585,-0.02660878245909541,5.021221239703149,-5.3537197582672595,0.5698238575787774,-0.274479468832592,3.042240130387541,0.012817231813858883,0.0643465558190154,1.460344871371613,-0.01508756095615825,14.78061124933262,-0.0156587717839815,-5.059040590405904,0.3252186985160842,-0.38225319554894305,-0.6115233998123323,-1.04736,-5.038791981254882,-1.268804282514885,-1.7525014588361565,-0.5300016131352586,-0.5667081913679579,Marine Shipping,Industrials,NAT
2019Q1,2019,Q1,2019-03-31,2019-03-31,3841000.0,88283000.0,18307000.0,0.0271,21875000.0,0.2477826988,1051441000.0,602133000.0,108016000.0,38683000.0,449308000.0,22032000.0,0.0,276840848.7,658102848.7,4.241279260317482,2.792337719411628,0.39518432322878794,0.6900684732442832,0.012244884938646611,4.241279260317482,0.0063789893594936664,3.135834177587984,18.018800357979693,0.45976694301757254,1.4782608695652173,3.014161220043573,0.020509979024638067,0.08396381727552948,1.4950236538014114,0.0036530818181904645,15.553730473622114,0.24778269882083753,1.280248190279214,-0.4888557114725471,-0.5048918122174828,-0.623951873156279,1.0417211125630017,1.2797931235431235,4.566129522651262,-0.9175350557543552,-0.47977197360303453,-0.5655215428049138,Marine Shipping,Industrials,NAT
2018Q4,2018,Q4,2018-12-31,2018-12-31,-13728000.0,86257000.0,3289000.0,-0.0967,10714000.0,0.124210209,1071111000.0,602031000.0,112945000.0,36290000.0,469080000.0,20291000.0,-308803000.0,283939332.0,671140332.0,4.240560796980391,3.112289887021218,0.4075469302434575,0.725092229469911,0.004153930633422101,4.240560796980391,-0.022802812479756025,3.2917830668815284,-5.17080659965035,0.47163573304364725,-0.10336538461538461,3.722980631807205,0.004997546447703835,0.08053040254464756,1.9818407274731331,-0.012816598839896146,32.47619032368752,0.1242102090265138,0.7313888888888889,0.6699931324418257,-0.29999231920267755,-0.6261193680366689,2.127670771497737,0.7348680906948897,1.2144627021387584,-1.2859760015044976,-0.5270156323653414,-0.5705998866418922,Marine Shipping,Industrials,NAT
2018Q3,2018,Q3,2018-09-30,2018-09-30,-51778000.0,62729000.0,-15336000.0,-0.36,-9501000.0,-0.1514610467,1070155000.0,614020000.0,110235000.0,25695000.0,456135000.0,20358000.0,-298337000.0,300975691.92,674472691.9200001,4.325008414121366,4.2901342673671925,0.39155636333054555,0.6824305397218332,-0.020239239292270582,4.325008414121366,-0.08432624344483892,4.798031084825201,-1.453202575997528,0.49017245679293836,-0.054830236780099656,3.5479909617840653,0.00943265544765194,0.05861674243450715,2.5889472660050594,-0.04838364535978433,-21.69037848947824,-0.15146104672480032,-0.7999999999999998,-0.09686326660459604,0.2961470810597217,-0.6507819780957939,0.12320044296788484,-0.8017259377827267,0.12540633019674935,-2.2591738725817656,-0.61323779374211,-0.5638330468095629,Marine Shipping,Industrials,NAT
2018Q2,2018,Q2,2018-06-30,2018-06-30,-28738000.0,73435000.0,-17535000.0,-0.2,-10836000.0,-0.1475590658,1074342000.0,654712000.0,166885000.0,57337000.0,419630000.0,21771000.0,0.0,380478704.88,707778704.88,4.61163302307128,2.910598740778206,0.3479171437028432,0.570910568310952,-0.018021845450401364,4.61163302307128,-0.04389410916555676,5.181162999659563,-3.309891997355418,0.5811390426324858,-0.04941192845709513,3.8707914197786044,0.0037321405423934484,0.06835346658698999,1.1880286725848928,-0.02674939637471122,-141.17948233024117,-0.14755906584053924,-0.4285714285714285,0.5785188723975526,-0.6406035142429282,-0.6406079169287823,-0.660435182347533,-0.4271241992352386,-0.720467032967033,-1.5842244291741847,-0.6034647287399504,-0.5401587451528919,Marine Shipping,Industrials,NAT
2018Q1,2018,Q1,2018-03-31,2018-03-31,-20137000.0,66595000.0,-10192000.0,-0.14,-6526000.0,-0.097995345,1106950000.0,684118000.0,107048000.0,21555000.0,422832000.0,24630000.0,0.0,265483275.42000002,613687275.4200001,4.8187617768995805,4.966272326606356,0.3477528343646958,0.562688015810138,-0.010255221420793515,4.8187617768995805,-0.029434980515057343,3.9865346560552597,-3.2959635921438153,0.38806649645236646,-0.21145155683567562,2.9687779131140886,0.016038675103973145,0.06016080220425493,2.8561818603572258,-0.01819142689371697,-20.196521523012553,-0.09799534499587056,0.9455252918287937,0.762032850942548,0.4843911644335042,-0.6657744608047832,0.35411718131433095,0.9282931658262826,0.34092084842214176,-1.417202810113687,-0.6296682885957592,-0.5110184459132671,Marine Shipping,Industrials,NAT
2017Q4,2017,Q4,2017-12-31,2017-12-31,-280824000.0,72583000.0,-15464000.0,-2.57,-10104000.0,-0.1392061502,1141063000.0,711064000.0,126987000.0,25330000.0,429999000.0,23086000.0,-209425000.0,281057692.9,611553692.9,6.501990609629742,5.013304382155547,0.3407831118877748,0.5468635734617419,-0.02608356949027785,6.501990609629742,-0.39493491443808154,3.872224803328603,-0.25020804213671194,0.3952635668519289,-0.01088938267384554,3.5816945334834966,0.010880328406766055,0.0636099847247698,3.1911962100276354,-0.24610735778830792,-54.85122812256049,-0.13920615020046015,-9.28,-3.1860787760453477,1.0036609827308942,-0.5749144868615261,0.5779801186199983,-9.08815605129863,0.42555720653789003,-58.83986673794572,-0.3788545171090276,-0.3426176537709488,Marine Shipping,Industrials,NAT
2017Q3,2017,Q3,2017-09-30,2017-09-30,-27837000.0,55621000.0,-26920000.0,-0.25,-23942000.0,-0.4304489312,1247098000.0,761872000.0,93567000.0,26601000.0,485226000.0,21403000.0,-58060000.0,583987579.8,996705579.8,6.966580490279119,3.5174241569865794,0.35591829992510615,0.582597864208161,-0.023170614261349476,6.966580490279119,-0.03653763361824559,10.499408133618596,-5.244706503933613,0.7665166587038242,-0.3730287028056184,3.717376068775405,0.01778120007887195,0.044600344158999536,1.9342505920830044,-0.022321421411949982,-208.26946497860197,-0.4304489311590946,-0.47058823529411753,0.38237014286632476,0.7406958898132902,-0.5701069152040507,-2.0184064548663643,-0.6036985827860353,-1.6156237854644384,-5.881848924057523,0.10878005280181766,-0.312334293045514,Marine Shipping,Industrials,NAT
2017Q2,2017,Q2,2017-06-30,2017-06-30,-17358000.0,74400000.0,-10292000.0,-0.17,-7932000.0,-0.1066129032,1290607000.0,811222000.0,108566000.0,21110000.0,479385000.0,23557000.0,0.0,646487682.4399999,1056006682.4399999,7.955522772821478,5.1428706774040736,0.34364992596506916,0.5467270364955585,-0.00895578320407136,7.955522772821478,-0.02139734869123372,8.689350570430106,-9.311091174674502,0.7969306582415171,-1.1747897223182395,3.495012098314726,0.031542751012727244,0.057647293095419445,2.701610611084794,-0.013449485397181327,79.01340533365925,-0.10661290322580645,-1.055622732769045,-0.3113517973482673,0.3524159860368589,-0.5303967900811092,-1.9531362653208364,-1.0583422269654927,-3.0164576802507836,-0.0512148684327145,-0.03282303146475926,-0.247410146881765,Marine Shipping,Industrials,NAT
2017Q1,2017,Q1,2017-03-31,2017-03-31,-8433000.0,94537000.0,5104000.0,-0.0827,8322000.0,0.0880290257,1332750000.0,847323000.0,128203000.0,27322000.0,485427000.0,22346000.0,0.0,834111867.88,1231636867.88,8.309559433096505,4.692299246028841,0.33252222847495777,0.5230225073555185,0.00971546621771847,8.309559433096505,-0.009952521057495193,8.82312605519532,-24.727613775643306,0.984408387214793,-2.4181192932526976,3.858184910051016,0.024447560075879064,0.0709337835302945,2.84016543444843,-0.006327518289251548,-137.18945195394735,0.08802902567248802,0.893974358974359,0.48829910190628595,0.564716675451154,-0.5354936409020871,0.3238943684377983,0.893786918901218,0.1690334402198809,-2.5624490682585037,-0.261841872393578,-0.2632425105913431,Marine Shipping,Industrials,NAT
2016Q4,2016,Q4,2016-12-31,2016-12-31,-79397000.0,90425000.0,4366000.0,-0.78,6286000.0,0.0695161736,1349904000.0,871049000.0,163709000.0,21525000.0,478855000.0,20886000.0,-4456000.0,856545194.4000001,1217195194.4,8.54223647256038,7.605528455284553,0.3280381419715772,0.5083755334085683,0.0067387881973727925,8.54223647256038,-0.09115101446646515,9.47243787005806,-2.6970326158419087,0.9833490359325365,-0.333866518886104,4.028487982380542,0.030947578917383974,0.06698624494778888,4.656910569105691,-0.058816775118823265,119.36248528428095,0.06951617362455073,-6.090909090909091,-1.2295493130574575,0.33458561181234925,-0.493553675023825,2.442073870153705,-6.929391790672126,2.994518044769301,-1.6573231077896,0.021695633180263095,-0.2468503757768766,Marine Shipping,Industrials,NAT
2016Q3,2016,Q3,2016-09-30,2016-09-30,-10013000.0,71710000.0,-2189000.0,-0.11,-4359000.0,-0.0607865012,1416246000.0,936725000.0,220909000.0,21578000.0,479521000.0,21396000.0,0.0,904411948.26,1195333948.26,10.471212557750823,10.23769580127908,0.31242594859932526,0.47236061811097174,-0.002098255514323811,10.471212557750823,-0.010689369879100056,12.612075697392275,-22.580943479976032,0.9655042283060663,-2.2298012583641267,3.555290708543653,0.024686759217362138,0.05063385880701517,7.912920567244416,-0.007070099403634679,-22.151214780180755,-0.0607865011853298,-1.7333333333333334,0.7563756787496487,2.370340402796153,-0.4591325302664856,-1.2031126228973488,-1.7720123361603701,-1.1242902566431978,0.6633707399919676,1.3515058818879928,-0.15451352084846812,Marine Shipping,Industrials,NAT
2016Q2,2016,Q2,2016-06-30,2016-06-30,12970000.0,88564000.0,17612000.0,0.15,21461000.0,0.2423219367,1262869000.0,846529000.0,102638000.0,21235000.0,416340000.0,17181000.0,0.0,1240650160.74,1591344160.74,9.477520885490101,4.833435366140805,0.301070815737816,0.4491435024671334,0.011891240342727483,9.477520885490101,0.01532138887149761,14.0085154322298,23.91384272821897,1.4655731354035124,2.9606784888203546,3.9056515918747454,0.03095151333966368,0.07012920580044328,2.797221568165764,0.01027026556198624,-41.49331641270903,0.24232193667856014,-0.5454545454545455,1.684808947964494,0.961875832208922,-0.5298890263989472,-0.4187161430119177,-0.5573378839590444,-0.4750834525512637,1.3023500460576845,-0.31106790038737275,-0.26140133953702666,Marine Shipping,Industrials,NAT
2016Q1,2016,Q1,2016-05-02,2016-03-31,29300000.0,106752000.0,33552000.0,0.33,36920000.0,0.3458483213,1238200000.0,871800000.0,134900000.0,22800000.0,366400000.0,13900000.0,0.0,1258343576.76,1543143576.76,9.761771130606586,5.916666666666667,0.2665159101922145,0.3785271851342051,0.026283110401460367,9.761771130606586,0.033608625831612754,11.78754099932554,10.736719938225255,1.443385612250516,1.310580204778157,5.023884892086331,0.030516307874255483,0.08621547407527055,3.780701754385965,0.02366338232918753,23.74233163698113,0.34584832134292565,-0.029411764705882377,3.3412262563212844,1.1957430412695504,-0.5301857683350657,-0.02565185263380133,-0.028353506881114245,-0.024424284717376135,1.5504237629332638,2.7825970087075196,-0.32293120708563344,Marine Shipping,Industrials,NAT
2015Q4,2015,Q4,2015-12-31,2015-12-31,30155000.0,114559000.0,34392000.0,0.34,37892000.0,0.3307640604,1244626000.0,880721000.0,118179000.0,20859000.0,363905000.0,14843000.0,0.0,1385888295.54,1685999295.54,9.875546524236432,5.665611966057817,0.2651398894125625,0.3746930072065955,0.02436741181276179,9.875546524236432,0.03423899282519663,12.097594213811224,11.489705650306748,1.5735837972978957,1.1238268943790417,5.165195715151923,0.024452908729412012,0.0920429108824659,2.803873627690685,0.024228161712835823,74.66668258930014,0.33076406044047174,0.17241379310344845,2.280509311381632,1.9437560454349432,-0.5335628466838657,0.24386961231658077,0.1673957647787542,0.18270917156711028,1.5512107131330213,2.8779631853127756,-0.3543589934503198,Marine Shipping,Industrials,NAT
2015Q3,2015,Q3,2015-09-30,2015-09-30,25831000.0,101884000.0,29079000.0,0.29,30463000.0,0.2989968984,1162886000.0,884324000.0,116242000.0,16341000.0,278562000.0,17334000.0,0.0,1355566415.2,1558191415.2,9.915947053038202,7.113518144544398,0.2149823800441316,0.28270181517181486,0.024996381212026915,9.915947053038202,0.029209882350812597,13.304997989870834,13.119569656614146,1.53288434465196,1.3810150594247221,4.120283835237106,0.026315936718406242,0.0876130592336652,4.547396120188483,0.02221283943567985,-58.49009385571281,0.2989968984335126,-0.17142857142857143,3.7671489610337754,1.0978259128554977,-0.5429614757803473,-0.1627133551383888,-0.1640453074433657,-0.1330829085055004,1.7028007453029155,2.909986333906298,-0.3881076845014526,Marine Shipping,Industrials,NAT
2015Q2,2015,Q2,2015-06-30,2015-06-30,30900000.0,116333000.0,33543000.0,0.35,36383000.0,0.3127487471,1179448000.0,894384000.0,180325000.0,22185000.0,285064000.0,20542000.0,0.0,1269059874.23,1413551874.23,10.028750083775313,8.128239801667794,0.2119635626157321,0.2795219950267447,0.029236028130010538,10.028750083775313,0.03454891858530564,10.90885539124754,10.267474710598705,1.418920591412637,1.0967313915857606,3.8920260928828743,0.02670401979304727,0.09863342851910385,5.630290736984449,0.026198696339304488,23.38591151420779,0.3127487471310806,0.029411764705882214,1.0558711835402332,0.5829246957925355,-0.5525193573904645,0.09772507844557084,0.01912928759894459,0.07931655833708733,3.669142715190249,1.417876265954954,-0.4080171265545929,Marine Shipping,Industrials,NAT
2015Q1,2015,Q1,2015-03-31,2015-03-31,30320000.0,112962000.0,31078000.0,0.34,33144000.0,0.2934084028,1160632000.0,878861000.0,161760000.0,19580000.0,281771000.0,18033000.0,0.0,1062157631.91,1229855631.9099998,9.854690297877482,8.261491317671092,0.21539988557958079,0.2844590896626429,0.02941709343421906,9.854690297877482,0.03449919839428533,9.402787060338875,8.757896041474275,1.2085615722053886,0.6470976253298153,4.426218599234736,0.018471834509835226,0.09732800749936242,5.434371807967314,0.02612369812309156,840.3145822072785,0.293408402825729,8.925407925407926,0.6223367814925442,0.38131692204169026,-0.5810643853162518,4.234365129500947,8.922654821008623,8.366485834840265,3.1035704437385028,1.1377654397223245,-0.4491204561252178,Marine Shipping,Industrials,NAT
2014Q4,2014,Q4,2014-12-31,2014-12-31,-3827000.0,95292000.0,3318000.0,-0.0429,6332000.0,0.0664483902,1169024000.0,882075000.0,176499000.0,24035000.0,286949000.0,22223000.0,-12808000.0,898062750.07,1047326750.07,9.890728959983752,7.343415851882671,0.21385360779590495,0.28342261145594194,0.007274033056787445,9.890728959983752,-0.00433863333616756,9.424324707950301,-58.66623661288215,1.0181251595045773,-2.706036059576692,4.003059892903749,0.011531488194107589,0.08151415197634951,4.874058664447681,-0.003273671028139713,32.61887077110272,0.06644839021114049,-1.8234165067178503,0.4587807662392648,0.812739015115221,-0.5177615568424926,0.44467259867670544,-1.823010752688172,1.855421686746988,0.8771245175602447,0.6080818393453856,-0.413605166608341,Marine Shipping,Industrials,NAT
2014Q3,2014,Q3,2014-09-30,2014-09-30,4650000.0,40908000.0,1162000.0,0.0521,4383000.0,0.1071428571,1184303000.0,903482000.0,167588000.0,18347000.0,280821000.0,30617000.0,0.0,708996907.95,869738907.95,10.130766184535375,9.134354390363548,0.2110946269662409,0.2767072282568994,0.0036567824958562384,10.130766184535375,0.005146754445578329,17.331497700938694,38.11811333064516,0.7847382769662262,3.044086021505376,1.1929646928177156,0.019964826138562285,0.03454183599973993,5.808797078541451,0.003926360061572081,-13.507275823013908,0.10714285714285714,1.325625,1.1947767373167162,0.0911673854419913,-0.5463743685901629,1.3525012063696316,1.327557058326289,1.074230228695541,1.1134873099974811,0.9285913498171411,-0.47671753939942435,Marine Shipping,Industrials,NAT
2014Q2,2014,Q2,2014-07-30,2014-06-30,-14196000.0,66134000.0,-15654000.0,-0.16,-12434000.0,-0.1880122176,1209200000.0,926700000.0,227300000.0,19700000.0,282400000.0,28600000.0,0.0,835452377.01,931152377.01,10.570861060455504,11.538071065989847,0.20674826331458815,0.269774468544297,-0.011421453276242218,10.570861060455504,-0.01531887342181936,12.632721096712734,-14.712813063715132,0.9015348840077694,-1.451112989574528,2.747132867132867,0.024657300124903983,0.054692358584187896,8.563451776649746,-0.011739993384055574,-61.885361259999996,-0.188012217618774,-4.2,-25.337674886166294,0.013924340706415825,-0.567721762257203,-2.206130565525269,-4.557894736842106,-3.446319737458978,0.23631592749518607,0.4926479096666378,-0.4756563615132341,Marine Shipping,Industrials,NAT
2014Q1,2014,Q1,2014-04-04,2014-03-31,3990000.0,94678000.0,6399000.0,0.05,10309000.0,0.1088848518,1140000000.0,850200000.0,152200000.0,27100000.0,289900000.0,30800000.0,0.0,741758889.84,911658889.84,11.278554412478385,5.6162361623616235,0.21929824561403508,0.29404845918607386,0.006964881299777347,11.278554412478385,0.004693013408609739,7.8345432924227385,46.47612091729324,0.8724522345800987,2.255639097744361,2.739253246753247,0.012133322732325232,0.08305087719298246,3.5904059040590406,0.0035,31.564208078297874,0.10888485181351529,1.1724137931034482,-0.8848993051951832,0.041155788170149636,-0.5216107752503061,1.7392613840086053,1.180641072075335,1.3388582927345902,1.3777193583639242,1.3071463914797818,-0.45718606749793533,Marine Shipping,Industrials,NAT
2013Q4,2013,Q4,2013-12-31,2013-12-31,-22088000.0,65428000.0,-18884000.0,-0.29,-13945000.0,-0.2131350492,1136437000.0,854984000.0,131396000.0,19263000.0,281453000.0,24281000.0,-105417000.0,731205409.6999999,915530409.6999999,11.34201783791863,6.821159736281992,0.21998579771689938,0.2924031326902024,-0.01711851574378895,11.34201783791863,-0.025834401579444763,11.175726137127834,-8.27604819019377,0.8552270097452115,-0.537078956899674,3.2689345578847657,0.01622389528664342,0.05757292309208518,4.385402066137154,-0.019436185199883497,-39.711367495791016,-0.21313504921440363,0.12121212121212131,-1.637623579347073,-0.35754531627101155,-0.46173660692244384,-0.08766866859059355,-0.005920393478458876,-0.14282256112321473,-0.10965852155680714,0.9890504487534127,-0.4642991656010018,Marine Shipping,Industrials,NAT
2013Q3,2013,Q3,2013-09-30,2013-09-30,-21958000.0,22512000.0,-16524000.0,-0.33,-12821000.0,-0.569518479,1106786000.0,817873000.0,150989000.0,27505000.0,288913000.0,31123000.0,-83329000.0,544155188.24,703684188.24,12.384837387652802,5.489510998000363,0.22587925759812646,0.3056709293496668,-0.017658781036250404,12.384837387652802,-0.02684768906663993,24.17178341506752,-6.195409284087805,0.6653296883990546,-0.48100919938063574,1.1352697362079491,0.019409904064613317,0.020339975388196093,3.706707871296128,-0.019839426953358642,-97.309583018598,-0.5695184790334044,0.31249999999999994,-1.2677644820520997,-0.8259311429178399,-0.4849549790250467,0.4925591704266603,0.3076680539790642,0.42674761491760627,-2.1766235403811347,-0.3740218295769321,-0.42916720187418606,Marine Shipping,Industrials,NAT
2013Q2,2013,Q2,2013-06-30,2013-06-30,-31716000.0,95045000.0,-28825000.0,-0.48,-25266000.0,-0.2658319743,1083728000.0,847387000.0,124575000.0,15345000.0,236340000.0,26772000.0,-64088000.0,499249177.56,638124177.56,12.831760186986175,8.118279569892474,0.1937755599190941,0.24782065337325213,-0.027311402471980894,12.831760186986175,-0.03742799924945745,5.2527663481508755,-3.93531007661748,0.5891631303760856,-0.3330495648883844,4.493911549379949,0.021157771459183895,0.08770189567862047,5.165265558813946,-0.029265645992352325,-48.26928140384801,-0.2658319743279499,0.2,-1.4350256705029913,-0.2673188108222072,-0.5072513858833835,-0.4843144166372929,0.02607093505297098,0.019457767799435317,-3.8496890845189875,0.7464986400968829,-0.4274496576025484,Marine Shipping,Industrials,NAT
2013Q1,2013,Q1,2013-03-31,2013-03-31,-32565000.0,17265000.0,-29397000.0,-0.6,-17022000.0,-0.9859252824,1074877000.0,787707000.0,99606000.0,25897000.0,287170000.0,24418000.0,0.0,602074834.8,828431834.8,14.417694675585533,3.8462370158705643,0.23258475155762007,0.31737689267709945,-0.028480104913467256,14.417694675585533,-0.04134151404011898,34.87256500434405,-4.622100681713496,0.764338560911608,-0.26924612313833873,1.4041690556147104,0.014562973725537947,0.016062302942569242,1.8279723520098854,-0.03029648973789559,-27.663795019297922,-0.9859252823631625,0.016393442622950834,-1.7630478129372025,-0.8168729418514945,-0.36520856471603824,-0.057332753587179326,-0.003234750462107209,0.02906496680648677,-3.8442726942367784,-0.6553836535893413,-0.3870851748085933,Marine Shipping,Industrials,NAT
2012Q4,2012,Q4,2012-12-31,2012-12-31,-32460000.0,17528000.0,-30277000.0,-0.61,-16099000.0,-0.9184732999,1085624000.0,809383000.0,78573000.0,14974000.0,276241000.0,4048000.0,-73192000.0,463011841.25,657500841.25,15.29572382183649,5.2472953118739145,0.2302823076866392,0.30887725588503834,-0.028514837074790102,15.29572382183649,-0.04010462290411338,26.415554612619808,-3.566018493915588,0.572055307870316,-0.4890018484288355,8.307065217391305,0.03428206059945988,0.016145553156525647,4.606384399626019,-0.029899854830033233,-61.47262894981413,-0.9184732998630762,-0.48780487804878053,-11.977750887540354,-0.8657878497405525,-0.31782371232860757,-20.843962008141112,-0.4884446074834923,-0.3913423096365057,-6.736712220894107,-0.4380413350344329,-0.2542323146602791,Marine Shipping,Industrials,NAT
2012Q3,2012,Q3,2012-09-30,2012-09-30,-21808000.0,15461000.0,-21761000.0,-0.41,-737000.0,-0.0476683268,1128877000.0,857518000.0,105080000.0,9378000.0,271359000.0,0.0,0.0,528098077.22,693041077.22,16.205379283050895,11.204947750053316,0.22145902520823793,0.29153906973381316,-0.01965114241605336,16.205379283050895,-0.02543153613101999,34.15678657396029,-6.053948977668745,0.615844888643737,-0.7279438738077769,0.0,0.0300607040335552,0.013695911954978266,10.535508637236084,-0.01931831368696501,-158.73101208896904,-0.047668326757648274,-2.1538461538461537,-9.193811642641801,-0.6461087876309769,-0.3072666421493592,-1.0571849782743636,-2.1748434997816277,-1.9850480109739368,-0.5395476668079002,-0.30495347388005584,-0.27437122961820676,Marine Shipping,Industrials,NAT
2012Q2,2012,Q2,2012-06-30,2012-06-30,-6869000.0,28548000.0,-7290000.0,-0.13,12888000.0,0.4514501892,1166239000.0,896441000.0,131612000.0,8833000.0,269798000.0,0.0,0.0,718065221.23,863806221.23,16.940946324015854,14.900033963545795,0.21436429411124136,0.2788805955997104,-0.006073228993730065,16.940946324015854,-0.007662523244697643,25.152908127714728,-26.13427068095793,0.8010178263042409,-2.310962294365992,0.0,0.02210662698968883,0.02447868747315087,13.979621872523492,-0.005889873345000467,77.85592770573567,0.4514501891551072,0.1875,-1.167148042972383,-0.672408695835899,-0.2352024500221594,-0.10387984981226533,0.17370383736316614,0.17215534862593687,-20.509734729577588,-0.27489449970033314,-0.30722744526117857,Marine Shipping,Industrials,NAT
2012Q1,2012,Q1,2012-03-31,2012-03-31,-8313000.0,30476000.0,-8806000.0,-0.16,14382000.0,0.4719123245,1191831000.0,920130000.0,142973000.0,10854000.0,271701000.0,0.0,0.0,816795533.5600001,955885533.5600001,17.88901114127684,13.1723788465082,0.20976128326918833,0.27170073793920424,-0.007214947269460875,17.88901114127684,-0.00903459293795442,26.80127095288096,-24.56380168290629,0.8876957968547923,-1.909659569349212,0.0,0.019435708629317396,0.025570739475647135,11.993274368896259,-0.00697498219126705,-487.3481703818616,0.4719123244520278,0.5428571428571428,-1.1907161135917677,-0.7252864796986828,-0.2083930654517895,2.722049689440994,0.5372153871847687,0.509742790335152,-1.3514533080236188,-0.5088327368143666,-0.24122277922906957,Marine Shipping,Industrials,NAT
2011Q4,2011,Q4,2011-12-31,2011-12-31,-17963000.0,34177000.0,-17962000.0,-0.35,3864000.0,0.1130584896,1125385000.0,867563000.0,83100000.0,17946000.0,257822000.0,7586000.0,854435000.0,616711489.13,822705489.13,16.86701245776092,4.630558341691742,0.20437450294788007,0.26511043002064405,,16.86701245776092,-0.020705124584612298,18.044634962986805,-8.583080347519902,0.7108549916605481,-0.7900128040973111,3.995913524914316,0.02301075989360821,0.03036916255325955,2.4376462721497827,-0.015961648680229434,-14.50608009432187,0.11305848962752728,0.2391304347826088,-1.6838343899429453,-0.7597637435386465,-0.2581694175870522,2.4838709677419355,0.1728980569113178,0.14045078240895822,-1.7599616036960146,-0.508167075178683,-0.19953437859679227,Marine Shipping,Industrials,NAT
2011Q3,2011,Q3,2011-09-30,2011-09-30,-21718000.0,11243000.0,-20897000.0,-0.46,-2604000.0,-0.23161078,1111546000.0,915161000.0,102792000.0,16987000.0,196385000.0,0.0,0.0,666515883.0,825561883.0,19.360033915350822,6.05121563548596,0.15294013922950558,0.18575966414652723,,19.360033915350822,-0.023731343446672225,59.28274330694654,-7.672390217791693,0.7283045092612119,-0.6533750805783222,0.0,0.021289815234605595,0.010114741090337241,1.4885500676988286,-0.019538552610508245,-9.908217499888508,-0.23161078004091434,-1.1904761904761905,-1.4758168434091894,-0.8630326960586369,-0.10738911278470128,-1.24293310943185,-1.1718,-1.18085994573158,-1.369985061372449,-0.8785511573422582,-0.19487928973951188,Marine Shipping,Industrials,NAT
2011Q2,2011,Q2,2011-06-30,2011-06-30,-10000000.0,23835000.0,-9582000.0,-0.21,10719000.0,0.449716803,1059720000.0,950760000.0,68592000.0,9221000.0,108960000.0,0.0,0.0,1072425176.52,1150012176.52,20.160177953074005,7.438672595163214,0.08492809421356584,0.09466111321469141,,20.160177953074005,-0.010517901468299045,44.99371413971051,-26.810629413,1.127966233876057,-1.4168,0.0,0.013211178094470798,0.022491790284226022,2.508513176445071,-0.009436454912618427,564.1373890163072,0.4497168030207678,-0.4999999999999998,-1.2678199982344072,-0.7519934599018897,-0.07454593084851718,-0.17717049205496277,-0.5216068167985393,-0.4577818347786399,-1.1920682139212848,-0.7427117548827727,-0.22583499052636352,Marine Shipping,Industrials,NAT
2011Q1,2011,Q1,2011-03-31,2011-03-31,-6572000.0,25531000.0,-6573000.0,-0.14,13027000.0,0.5102424504,1075370000.0,974460000.0,72791000.0,11831000.0,100910000.0,0.0,0.0,1164965744.8799999,1230285744.8799999,20.777938326841834,6.152565294565125,0.07439299961873588,0.08209675102107834,,20.777938326841834,-0.0067442480963815854,45.62946006345227,-44.3154954686549,1.1954987838187305,-1.7839318320146074,0.0,0.010063815225062826,0.02374159591582432,2.432845913278675,-0.006111384918679152,278.50005854171644,0.510242450354471,0.4615384615384615,-155.5412437671886,326.74607838827444,-0.08303459592777522,0.5121300058038305,0.46931524547803616,0.4721329906842274,-1.179393019944526,-0.684527811612493,-0.0851757101589539,Marine Shipping,Industrials,NAT
2010Q4,2010,Q4,2010-12-31,2010-12-31,-12384000.0,20465000.0,-12452000.0,-0.26,8615000.0,0.4209626191,1083083000.0,992955000.0,71643000.0,6994000.0,90128000.0,0.0,-809000.0,1220306307.6399999,1278085307.6399999,21.172298248598437,10.243494423791821,0.06924677056144359,0.07553212381225735,,21.172298248598437,-0.012471864283879934,59.628942469582206,-24.63473650759044,1.2289643615672412,-0.9467861757105943,0.0,0.009608243378398537,0.01889513546053257,4.041607091792965,-0.011434026755105565,-8.39067567617371,0.42096261910579036,-1.5999999999999999,-1.2213891579905365,-0.807155190627362,0.2014939181276618,-0.3665906918608926,-1.5227133835811775,-1.4325063488962688,-5.725505579329888,-0.8231953430601264,-0.05573348545421957,Marine Shipping,Industrials,NAT
2010Q3,2010,Q3,2010-09-30,2010-09-30,-4909000.0,25540000.0,-5119000.0,-0.1,13601000.0,0.5325371966,1078597000.0,1017520000.0,148778000.0,4878000.0,61077000.0,0.0,0.0,1255011406.3200002,1250924406.3200002,21.696085838647154,30.49979499794998,0.046356516845494654,0.04913908326126268,,21.696085838647154,-0.00482447519459077,49.13905271417385,-63.91380150336118,1.233402199779857,-5.732124668975351,0.0,0.022421310163634623,0.02367890880467867,13.764862648626487,-0.004551282823890665,98.80423605101561,0.5325371965544244,-1.588235294117647,-1.4034374713486126,-0.6052478000655009,0.016336515538322088,-0.4955867082035306,-1.621077935222672,-1.6277900416973266,-1.5890252099943776,-0.3404077070585194,-0.07255472811172368,Marine Shipping,Industrials,NAT
2010Q2,2010,Q2,2010-06-30,2010-06-30,7904000.0,38648000.0,8154000.0,0.17,26964000.0,0.6976816394,1264070000.0,1051076000.0,319414000.0,7295000.0,212994000.0,0.0,0.0,1317386786.3799999,1300178786.3799999,22.411584164381924,43.78533241946539,0.15821908596834036,0.19028119755374492,,22.411584164381924,0.007519912927324,34.08680362192092,41.66835736272773,1.2533696767693296,3.5600961538461537,0.0,0.021359710216406643,0.03057425617252209,32.16682659355723,0.006252818277468811,35.67157093986082,0.69768163941213,-0.15,-0.6939881628743785,-0.4565863527537389,-0.057071179970992564,-0.10484031604807117,-0.17183570829840739,-0.2001961745953899,-0.7829912764817387,-0.4996128107818576,0.011769019995238902,Marine Shipping,Industrials,NAT
2010Q1,2010,Q1,2010-03-31,2010-03-31,9544000.0,41762000.0,10195000.0,0.2,30122000.0,0.7212777166,1085663000.0,1071310000.0,208426000.0,8514000.0,14353000.0,0.0,0.0,1378579708.44,1273145708.44,23.523161919085645,24.48038524782711,0.0,0.0,,23.523161919085645,0.008908719231594963,33.0103852411283,36.11116168378039,1.2868168022701179,1.228520536462699,0.0,0.008505130264297885,0.03846681705096333,15.832628611698379,0.008790941572108472,-33.73002149299014,0.7212777165844547,3.5220680958385877,-0.605927021100096,-0.20391234761235252,0.0,1.4235256255531419,3.643035170312933,3.6542567039833376,-0.7527117770656544,-0.5748455259227699,0.040923835900719054,Marine Shipping,Industrials,NAT
2009Q4,2009,Q4,2009-12-31,2009-12-31,-3611000.0,26845000.0,-3841000.0,-0.0793,12429000.0,0.462991246,946578000.0,934084000.0,110201000.0,6810000.0,12494000.0,0.0,0.0,1366283160.0,1335787160.0,20.510038343735424,16.18223201174743,0.0,0.0,,20.510038343735424,-0.003865819348152843,50.89525647234122,-94.59174466906673,1.4626983868688468,-1.1689282747161451,0.0,0.003089403517203564,0.028360050624459898,7.8092511013215855,-0.0038147939208390646,-25.525121153810225,0.4629912460420935,0.7062962962962964,-1.1264606655563596,-0.6993413609749719,0.29611226651085093,1.1159346271705821,0.6803859090104444,0.6630406175980349,-1.1552540547926684,-0.7868862765425348,-0.09794495451123222,Marine Shipping,Industrials,NAT
2009Q3,2009,Q3,2009-09-30,2009-09-30,-11298000.0,17742000.0,-11399000.0,-0.27,5874000.0,0.3310787961,958044000.0,942557000.0,163349000.0,9397000.0,15487000.0,0.0,-11930000.0,1248421060.32,1160156060.32,22.33287866263124,17.38310098967756,0.0,0.0,,22.33287866263124,-0.011986542988912077,70.36529479878254,-27.624824312267656,1.324504576720559,-1.8677642060541688,0.0,0.016902950992024324,0.01851898242669439,11.635096307332127,-0.0117927777847364,-19.37849929869767,0.33107879607710516,-41.298507462686565,-1.254726920511487,-0.6876048882353637,1.1160014939731127,-0.6910534897175616,-43.473684210526315,-208.25454545454545,-1.2772362570289708,-0.7579161903908179,0.029676431574663018,Marine Shipping,Industrials,NAT
2009Q2,2009,Q2,2009-06-30,2009-06-30,266000.0,29745000.0,55000.0,0.0067,19013000.0,0.6391998655,988655000.0,977621000.0,221523000.0,5866000.0,11034000.0,0.0,0.0,1272107183.14,1103992183.14,24.453835834190446,37.76389362427548,0.0,0.0,,24.453835834190446,0.00027208908155614497,42.76709306236343,1195.5894578383459,1.3012273500057794,139.62406015037595,0.0,0.029195653080368315,0.03008632940712382,33.01892260484146,0.0002690523994720099,70.46514059380713,0.6391998655236174,-0.9854347826086957,-0.9905993236785459,-0.23882744055689248,1.3497069993649276,-0.456087653049548,-0.9845438698431145,-0.9968634160250927,-0.9915961624145888,-0.6348973697552371,0.12255466850495511,Marine Shipping,Industrials,NAT
2009Q1,2009,Q1,2009-03-31,2009-03-31,17210000.0,45146000.0,17535000.0,0.46,34956000.0,0.774287866,939218000.0,882319000.0,167034000.0,6295000.0,56899000.0,0.0,-99811000.0,1096531726.3,1033212726.3,23.576104621460964,26.534392374900715,0.048976914837662824,0.05213533880603274,0.019115183492565635,23.576104621460964,0.01950541697503964,24.288568783502413,15.928700265833818,1.2427837622220537,1.915630447414294,0.0,0.030065705541638187,0.04806764776654621,22.935027799841144,0.01832375444252559,-40.25742441809237,0.7742878660346432,0.0,-0.7015115325595239,-0.3275849499214395,1.085145794357199,-0.1654291512474633,0.0006977555529712757,-0.35947545295149036,506.149149147121,725.2680481315086,0.040453194181413375,Marine Shipping,Industrials,NAT
2008Q4,2008,Q4,2008-12-31,2008-12-31,17198000.0,50560000.0,27376000.0,0.46,41885000.0,0.8284216772,813878000.0,788586000.0,94119000.0,6214000.0,25292000.0,0.0,-117020000.0,1263069821.25,1246691821.25,21.07150139464232,15.146282587705182,0.018430280705461998,0.01902138764827172,,21.07150139464232,0.021808654984998465,24.981602477254746,18.3607079493255,1.6016893797886345,3.2178741714152808,0.0,0.04381467997171498,0.062122332831210575,11.540553588670743,0.021130931171502363,31.1108603968078,0.8284216772151899,-0.6290322580645161,-0.2947362537962637,0.10492334684552128,0.934884855483786,-0.27959615417691475,-0.5970855589916596,-0.36032899502301563,-0.6147156822587276,-0.40294924399022725,0.19577385856810517,Marine Shipping,Industrials,NAT
2008Q3,2008,Q3,2008-09-30,2008-09-30,42684000.0,67316000.0,42797000.0,1.24,58141000.0,0.8637025373,842851000.0,826544000.0,95221000.0,5816000.0,16307000.0,0.0,0.0,1102007068.26,1070887068.26,24.04612584004589,16.372248968363134,0.0,0.0,,24.04612584004589,0.05164153390503107,16.370655836056805,6.45445054505201,1.3332709066425987,1.2884687470715022,0.0,0.049906213475415184,0.0798670227596574,16.372248968363134,0.05064240298700482,20.778864302064672,0.8637025372868263,0.12727272727272718,5.824506920828701,3.670206392720581,1.313586366825447,0.07772299251130718,0.20077643683011226,0.1843641898436419,3.786179850053766,0.419589144362826,0.1264223385830835,Marine Shipping,Industrials,NAT
2008Q2,2008,Q2,2008-06-30,2008-06-30,35547000.0,63249000.0,36135000.0,1.1,53948000.0,0.8529462916,858764000.0,838486000.0,101189000.0,7613000.0,20278000.0,0.0,0.0,1249943906.64,1207785906.64,26.041189806267706,13.291606462629712,0.0,0.0,,26.041189806267706,0.04239426776356433,19.76227144524024,8.790783375812305,1.4907152971427071,1.1410245590345176,0.0,0.032449456159220916,0.07365120102845485,13.291606462629712,0.04139321163905334,52.18972470313153,0.8529462916409746,0.4102564102564103,0.838033088262074,1.34443637271845,1.3692133302721643,0.4036895376369266,0.518129404228059,0.04542166931867496,1.004568123490748,0.2953399240271477,0.09563822869781557,Marine Shipping,Industrials,NAT
2008Q1,2008,Q1,2008-03-31,2008-03-31,23415000.0,51726000.0,34565000.0,0.78,38433000.0,0.7430112516,814024000.0,680814000.0,63139000.0,14820000.0,133210000.0,0.0,0.0,839308736.0,936627736.0,22.71249086581651,4.260391363022942,0.14188770847051194,0.16964986031427085,,22.71249086581651,0.03439265350007491,16.226051424815374,8.961229297458894,1.2328018166488939,0.6401024983984626,0.0,0.01785755271824074,0.0635435810246381,3.8412280701754384,0.028764508171749237,84.29333494024304,0.7430112515949426,12.953488372093025,-0.30688911200308805,0.2594690282846831,0.0,-0.2481807511737089,12.97910447761194,0.26260227936879016,0.46891321148939247,0.4981118626718269,0.0,Marine Shipping,Industrials,NAT
2007Q4,2007,Q4,2007-12-31,2007-12-31,1675000.0,73981000.0,27376000.0,0.0559,51120000.0,0.6909882267,804628000.0,672105000.0,44803000.0,24358000.0,132523000.0,0.0,-180316000.0,983789739.84,1075947739.8400002,22.421951771511168,1.8393546268166516,0.13111649109899232,0.15696952113137083,,22.421951771511168,0.002492170122227926,13.297870261823983,146.8342895283582,1.4637441171245564,7.158208955223881,0.0,0.012187563576288172,0.09194435192411897,1.1425814927333935,0.00208170732313566,103.09019593838416,0.6909882267068571,2.422391857506361,-0.5520547593398888,2.4216333947606032,1.046516150761134,2.3292087267990884,2.4206955046649705,1.089133089133089,-0.9108752068893499,0.2588854814579339,0.4169338078808038,Marine Shipping,Industrials,NAT
2007Q3,2007,Q3,2007-09-30,2007-09-30,-1179000.0,24077000.0,13104000.0,-0.0393,15355000.0,0.6377455663,780044000.0,682200000.0,38926000.0,20344000.0,97844000.0,0.0,0.0,1167650003.52,1239355003.52,23.393386646388283,1.913389697208022,0.09935336980990817,0.11360304895924948,,23.393386646388283,-0.0017282321899736149,48.49649057274577,-247.59330015267176,1.7115948453825858,-29.746395250212043,0.0,0.030035541381642526,0.030866207547266565,1.1722375147463626,-0.0015114532000758932,130.5220214084507,0.6377455663080949,-1.0503846153846155,-1.2737119150456448,1.150841005295096,1.1256736044478786,-0.5745005126499848,-1.0564060855420534,-0.6401482905396128,-1.0384708144406118,-0.3864523061893698,1.2164827848939814,Marine Shipping,Industrials,NAT
2007Q2,2007,Q2,2007-06-30,2007-06-30,20902000.0,44324000.0,36415000.0,0.78,36087000.0,0.8141638841,795656000.0,596171000.0,54630000.0,13985000.0,199485000.0,0.0,0.0,1099171353.92,1259371353.92,22.150889898257002,3.906328208795138,0.2331409553877555,0.311152337165008,,22.150889898257002,0.03506041051980053,24.798559559606534,13.146724642617933,1.8437182518438502,1.5966893120275572,0.0,0.030362872795927164,0.05570749167982143,2.9244190203789775,0.02627014689765426,36.912195376452416,0.8141638841259814,-0.08235294117647053,4.388167641281429,3.3374078803159164,0.9799749891178783,-0.03288310017687731,-0.08356716941424061,0.44710697822285805,0.09725904084018935,0.684813981670566,1.1284227713398085,Marine Shipping,Industrials,NAT
2007Q1,2007,Q1,2007-03-31,2007-03-31,22808000.0,58049000.0,25164000.0,0.85,37314000.0,0.6428017709,797413000.0,608214000.0,49199000.0,12699000.0,189199000.0,0.0,-121280000.0,975635690.0,1132239690.0,22.598350722491507,3.8742420663044332,0.2213407606848647,0.2901939120112329,0.029066797552052343,22.598350722491507,0.03749995889604646,16.80710589329704,10.694007475447211,1.604099363053136,1.1800245527884952,0.0,0.027586116698949382,0.07279665618694453,3.019765335853217,0.028602493312750107,30.39837015111388,0.642801770917673,0.6666666666666666,5.012707957370046,4.7436100066294005,0.9852147898995485,-0.2426167617269166,0.6593670425609313,-0.14753209797079847,-0.44994286369841435,0.2022279045809803,0.998670124899206,Marine Shipping,Industrials,NAT
