Quarters,Year,Quarter,FillingDate,Date,NetIncome,Revenue,OperatingIncome,EPSDiluted,GrossProfit,GrossProfitRatio,TotalAssets,CommonStockEquity,CurrentAssets,CurrentLiability,TotalLiability,Inventory,RetainedEarnings,MarketCap,EnterpriseValue,bookValuePerShare,currentRatio,debtToAssets,debtToEquity,roic,shareholdersEquityPerShare,roe,priceToSalesRatio,peRatio,pbRatio,payoutRatio,inventoryTurnover,dividendYield,assetTurnover,quickRatio,returnOnAssets,priceToFreeCashFlowsRatio,grossProfitMargin,epsdilutedGrowth,fiveYNetIncomeGrowthPerShare,fiveYRevenueGrowthPerShare,fiveYShareholdersEquityGrowthPerShare,grossProfitGrowth,netIncomeGrowth,operatingIncomeGrowth,threeYNetIncomeGrowthPerShare,threeYRevenueGrowthPerShare,threeYShareholdersEquityGrowthPerShare,Industry,Sector,Symbol
2023Q1,2023,Q1,2023-05-12,2023-03-31,2770508.0,13299558.0,1553821.0,0.56,10979019.0,0.8255175849,93752477.0,73775252.0,31449544.0,10472031.0,19977225.0,268350.0,47642140.0,120424703.64,103703738.64,15.076715132699164,3.003194318275032,0.00012793261984960674,0.000162574842848385,0.015304236565258434,15.076715132699164,0.03755335190180035,9.05478991407083,10.866662687853635,1.6323184316605248,0.1246800225806964,8.647434320849637,0.002868406477732562,0.14185820391710824,2.5725950391094146,0.029551304548465423,25.025098649108912,0.8255175848701137,-0.4042553191489361,1.5398331272102388,-0.012555084288939087,0.5976190461854627,0.040423693076015524,1.6066929859885364,0.14657651402061567,9.336790381670122,0.15666364383941314,0.40800457940376494,Gambling,Consumer Cyclical,CPHC
2022Q4,2022,Q4,2023-03-21,2022-12-31,1062844.0,13119232.0,1355183.0,0.94,10552450.0,0.8043496753,92276179.0,71185043.0,30699561.0,10431198.0,21091136.0,262073.0,45221509.0,151746637.14000002,138776523.14000002,14.664209277514406,2.943052274532609,0.0002056110277388057,0.00026653070926711386,0.014973783491567671,14.664209277514406,0.014930720769530195,11.566731737040707,35.69353478497315,2.131720804607788,0.3209135112961074,9.794148958496297,0.002247700551580078,0.1421735505541468,2.5656738564448687,0.011518075537132936,-153.9704320906858,0.8043496753468495,0.5666666666666667,-0.49069041123811247,0.00017687391650906393,0.5989348662881192,-0.3939361741842293,-0.6361518869474722,-0.6925885741415929,0.843376253691995,-0.0007509858175404104,0.3827280536875787,Gambling,Consumer Cyclical,CPHC
2022Q3,2022,Q3,2022-11-14,2022-09-30,2921120.0,22292403.0,4408369.0,0.6,17411450.0,0.7810485931,92749931.0,70098369.0,33530060.0,12295086.0,22651562.0,291771.0,44500267.0,108514449.98,89885818.98,14.386016589658984,2.727110652174373,0.0002788681319881521,0.0003689814808672653,0.044438018282020875,14.386016589658984,0.041671725628880184,4.867777151705,9.287058558018842,1.548031024516419,0.11649880867612422,16.728711900771497,0.003136052388071091,0.24034953729507358,2.374637802452134,0.03149457868599385,-79.11747999542128,0.7810485931014256,0.6666666666666666,1.7648298684612573,0.13774132544851006,0.6290159615512354,0.2703200538670072,0.664390402884445,0.6310245365769555,1.3993268061718707,0.1325305957009708,0.35474752075992794,Gambling,Consumer Cyclical,CPHC
2022Q2,2022,Q2,2022-08-12,2022-06-30,1755069.0,17774274.0,2702822.0,0.36,13706349.0,0.7711341121,96444912.0,67242769.0,37338540.0,19309217.0,29202143.0,384863.0,41920229.0,125371607.92,110766378.92,13.875314059464126,1.93371590365368,0.0004811658701083163,0.0006901262498574382,0.029678086287259264,13.875314059464126,0.026100486730402193,7.0535431106778255,17.85850127829732,1.8644623025562794,0.19531026985263827,10.569800162655282,0.0027341357878949025,0.18429457429542784,1.402438483134764,0.01819763182530562,19.533454162798822,0.7711341121443273,0.0,1.209755475443288,0.011974722254292799,0.6015141797160302,0.21623151219443804,-0.01062284339761871,0.11399797876216493,0.7343615946865016,0.02369628049143245,0.33007740049420703,Gambling,Consumer Cyclical,CPHC
2022Q1,2022,Q1,2022-05-13,2022-03-31,1773913.0,13637972.0,2426236.0,0.36,11269523.0,0.8263342233,85779218.0,65501045.0,26182231.0,10875004.0,20278173.0,249021.0,40508575.0,108502730.4393,95347846.4393,13.59411303355783,2.407560585724842,0.0007248842021385646,0.0009492978318132177,0.027561179361306257,13.59411303355783,0.02708220914643423,7.9559285236324,15.291439100917012,1.6565038075239866,0.18952338699812224,9.511041237485996,0.00309852110300653,0.15898923210048382,1.9892963717530587,0.020679985681380308,50.261203653411165,0.8263342232994759,-0.7391304347826088,2.116527526501021,0.07413947646134054,0.587240287543149,1.7108897720331697,-0.7320445160235873,-0.7141080213061896,28.672112092443548,0.11340747974011339,0.325197039839012,Gambling,Consumer Cyclical,CPHC
2021Q4,2021,Q4,2022-03-21,2021-12-31,6620178.0,-23264148.0,8486548.0,1.38,-15852701.0,0.6814219459,58667686.0,64353226.0,24394769.0,9814173.0,8895056.0,248389.0,39410534.0,82706970.24000001,70837104.24000001,13.445344957663389,2.4856673099200512,0.0,0.0,0.10287251178363614,13.445344957663389,0.10287251178363614,-3.555125691256779,3.1232910293348612,1.2852031728759024,0.0,-29.838064487557823,0.0,-0.3965410873713342,2.0212292976698087,0.11284198255237134,27.160308911804087,0.6814219459057774,1.379310344827586,7.775159384613814,-2.820015924050856,0.5974559687601557,-1.948555410760123,1.400878654441615,0.9349214350873041,1.660335865717307,-2.8409225055908145,0.3117490901560029,Gambling,Consumer Cyclical,CPHC
2021Q3,2021,Q3,2021-11-09,2021-09-30,2757398.0,21347334.0,4385991.0,0.58,16712467.0,0.7828830991261017,76797521.0,57342898.0,19243198.0,11559450.0,19454623.0,238366.0,32790356.0,76341213.85,67183314.85,11.980674356280229,1.6647157087923734,0.0009814900145019003,0.0013144783857976623,0.054206035959194765,11.980674356280229,0.04808612916633547,3.576147440706179,6.921490282686794,1.3313107030272517,0.0,19.444329308710135,0.0,0.2779690505895366,1.2125428112929248,0.03590477874930364,-31.50223051970426,0.7828830991261017,0.487179487179487,1.6735576503378902,0.15229949342413035,0.4334332761255368,0.36975623085615894,0.47526702919718966,0.41828223227604366,0.5866676337460486,0.09182711429706936,0.21354114629901497,Gambling,Consumer Cyclical,CPHC
2021Q2,2021,Q2,2021-08-10,2021-06-30,1869084.0,15871818.0,3092467.0,0.39,12201052.0,0.7687242885471595,79875461.0,54281300.0,22640489.0,18200057.0,25594161.0,331456.0,30032958.0,69881639.84,63073322.84,11.387309453841803,1.2439790161096749,0.0011928068872115805,0.0017552269381905003,0.04039749351323807,11.387309453841803,0.03443329470738542,4.402875577328319,9.347043771173473,1.2873980512625895,0.0006484459767458284,11.074670544506661,1.7343611323016717e-05,0.1987070597313986,0.6485189029902488,0.023399977622664363,8.145272424878584,0.7687242885471595,2.2500000000000004,-0.26315928979660785,0.02507789291680062,0.3929556943553543,0.5880355741359944,2.3891345855704422,1.4309726116667492,1.414705299726883,-0.09927652328999928,0.18962393469331928,Gambling,Consumer Cyclical,CPHC
2021Q1,2021,Q1,2021-05-11,2021-03-31,551493.0,9225542.0,1272111.0,0.12,7683110.0,0.8328085222526763,69312034.0,52060371.0,10937487.0,9841782.0,17251663.0,220693.0,28165086.0,65041505.28,62880801.28,10.949713912894238,1.111331972197718,0.0015945715862270035,0.0021229775715582203,0.016696079653724792,10.949713912894238,0.010593335956057631,7.05015545753301,29.484284152292048,1.2493477097963823,0.000895750263375963,6.989039072376559,7.59515017177659e-06,0.13310159098779298,0.6249149798278402,0.007956670265945449,37.94045124992344,0.8328085222526763,3.0659379182316626,0.589507690491734,-0.20498645317105574,0.3903568839187625,3.326708865036548,2.968203600569874,3.4120786815120443,-0.4796623329915714,-0.2950358262626655,0.16029727586886827,Gambling,Consumer Cyclical,CPHC
2020Q4,2020,Q4,2021-03-24,2020-12-31,138978.0,6123444.0,-527392.0,0.029513485550755728,1775740.0,0.28999040409286014,68804787.0,51293185.0,9452021.0,10095081.0,17511602.0,218791.0,27614087.0,56366323.02,56478692.308000006,10.892664122017445,0.9362996691160774,0.0006979165563000726,0.0009361867468358614,0.0012046884290893422,10.892664122017445,0.002709482750973643,9.205003429442648,101.39432683590209,1.0989047184338427,7.195383441983623e-06,19.871493800019195,1.7741089828498803e-08,0.08899735421025284,0.4234599821437788,0.0020198885289769157,63.12845358238426,0.28999040409286014,-0.9243243960237033,-0.8689958036630697,-0.4846683409771391,0.3932194217363155,-0.6065685203857699,-0.9248366154465195,-1.1583725041463055,-0.9313464605819227,-0.5187522700824218,0.1876985742535375,Gambling,Consumer Cyclical,CPHC
2020Q3,2020,Q3,2020-11-10,2020-09-30,1849012.0,13300014.0,3330073.0,0.39,4513467.0,0.339358063833617,67640633.0,50941101.0,8420102.0,10688953.0,16699532.0,250190.0,27475108.0,56837219.620000005,56775541.620000005,10.817895266179454,0.7877387055589075,0.0007357116246975395,0.0009768929022558818,0.04032738144239012,10.817895266179454,0.0362970560844376,4.273470661008327,7.684809457699571,1.1157438395373513,0.0002671697100938231,35.11949718214157,8.691487783933932e-06,0.19662758034804317,0.34217729762681154,0.027335817510755703,58.23091842150019,0.339358063833617,2.56,1.0444321359061672,-0.2904802446079923,0.42942710835420034,226.1955602536998,2.5653713986743956,2.436255999903389,0.8109253397058837,-0.29760639764943575,0.22497593056186066,Gambling,Consumer Cyclical,CPHC
2020Q2,2020,Q2,2020-08-11,2020-06-30,-1181197.0,2767855.0,-2318579.0,-0.25,19866.0,0.007177399105083178,69358120.0,48770319.0,11383081.0,15166823.0,20587801.0,293998.0,25626591.0,51189594.68,54201375.68,10.422963752601449,0.7505250770052502,0.04204991427103272,0.05980077759999888,-0.022983861329863114,10.422963752601449,-0.02421958732728404,18.49431949289251,-10.834262760572537,1.049605492225712,-0.0030926255315582413,9.346964945339764,7.136215910354226e-05,0.03990671892490742,0.4083729994079841,-0.017030406821868873,-40.818704731466774,0.007177399105083178,-5.999999999999999,-2.863856839458682,-0.8318512868080215,0.4133991718619977,-0.9939670712508746,-5.628134048530489,-17.363167366526696,-2.5403192995055233,-0.8367852038187323,0.20303757975638226,Gambling,Consumer Cyclical,CPHC
2020Q1,2020,Q1,2020-05-13,2020-03-31,255221.0,10948959.0,141695.0,0.05,3292928.0,0.3007526103623185,65097832.0,49894117.0,4350379.0,10429693.0,15203715.0,288878.0,26811441.0,48413025.81,48576209.81,10.707859443954057,0.41711477030052563,0.0008089670328806035,0.001055475137479635,0.002363192763159715,10.707859443954057,0.005115252365323952,4.4217012603663965,47.42265116310962,0.9703153141281167,1.2712080902433578,26.50264471507003,0.006701481565586945,0.16819237543886253,0.04337884154404161,0.003920576033929978,-101.89706074503755,0.3007526103623185,-0.5790363759888119,-0.4067943745175054,0.0010397174147023752,0.4312840929913185,-0.20297054266718076,-0.5388477925419466,-0.839054465572683,-0.5363334890572246,-0.10826793010825414,0.2502430913173824,Gambling,Consumer Cyclical,CPHC
2019Q4,2019,Q4,2020-03-26,2019-12-31,553442.0,12602342.0,880391.0,0.11877510822329657,4131501.0,0.32783596890165334,65413082.0,49416110.0,3961888.0,11475832.0,15996972.0,390118.0,26635732.0,57778779.6,57594496.6,10.605273566560413,0.34523753920412914,0.0008297422830497422,0.001098346268049023,0.009790404879106873,10.605273566560413,0.011199627004229997,4.584765244428377,26.09974468869367,1.169229621676008,0.5833727834172325,21.713535391855796,0.005587916571363511,0.19265782339991258,0.06634133368282143,0.00846072349870321,178.0257141360579,0.32783596890165334,-0.5248995671068137,-0.47018833980309804,0.10361929249976165,0.43300247953400606,-0.4272358142295301,-0.5189489650017167,-0.40246117383236435,-0.24645506476125303,0.012723741621956209,0.26002401668245656,Gambling,Consumer Cyclical,CPHC
2019Q3,2019,Q3,2019-11-13,2019-09-30,1150485.0,18600641.0,1473362.0,0.25,7213267.0,0.38779668937215656,65838905.0,48895683.0,7102367.0,12359816.0,16943222.0,399311.0,26406754.0,55715200.199999996,56298947.199999996,10.618965061171941,0.5746337162300797,0.026212222089659603,0.03529522227964379,0.021260060844614292,10.618965061171941,0.02352937783893928,2.9953376445467654,12.106894092491427,1.1394707422330106,0.279145751574336,28.517556491055842,0.005764190002856707,0.28251747200230626,0.3594641700167705,0.017474242622959782,-7.365138110219295,0.38779668937215656,0.19047619047619052,0.6788443945518707,0.12437192704829482,0.4823064123187078,0.29347649691544264,0.2012284953281469,0.12922589239044294,0.15952764235051864,0.04366155365897719,0.270510943210739,Gambling,Consumer Cyclical,CPHC
2019Q2,2019,Q2,2019-08-13,2019-06-30,957757.0,16433177.0,1304754.0,0.21,5576651.0,0.3393531877615631,72343751.0,47848625.0,14808129.0,19293041.0,24495126.0,458594.0,25579114.0,56600297.56,57452486.56,10.431959865124073,0.7675373208401931,0.015859213603673938,0.023978013997267424,0.01881440589952222,10.431959865124073,0.020016395455459798,3.4442699400122083,14.774180079080603,1.1829033239722144,0.3343499447145779,23.673502051923926,0.005657673436443326,0.2271540633827516,0.19316856269574093,0.013238973467107062,26.2893915245491,0.3393531877615631,19.999999999999996,0.9733423695908714,0.08795240696383616,0.4904890464824501,0.670578807754583,15.929876970939688,58.32410702517464,-0.6076029894442326,0.10300451019076315,0.27609229873950564,Gambling,Consumer Cyclical,CPHC
2019Q1,2019,Q1,2019-05-14,2019-03-31,56572.0,11590798.0,-22761.0,0.01,3338155.0,0.2880004465611427,61910475.0,46771947.0,8986161.0,10976145.0,15138528.0,315783.0,24942510.0,66796338.050000004,66554570.050000004,10.258182462593846,0.8186991881029269,0.0005046157374822273,0.0006679431155602738,-0.0006777880746370607,10.258182462593846,0.0012095284380613876,5.762876555177651,295.18285569716465,1.4281282335755663,5.602382804214099,26.133905245057523,0.004744840948657364,0.18721868956747625,0.1832847507025463,0.0009137710540906042,-19.994713099051097,0.2880004465611427,-0.9807661964249706,-0.872242591885005,0.13366681991125817,0.4912136386031218,-0.13924923740198392,-0.9761355362501761,-1.0069839113217238,-0.829974672954812,0.04156273395415169,0.3025486069153556,Gambling,Consumer Cyclical,CPHC
2018Q4,2018,Q4,2019-03-29,2018-12-31,2370554.0,12038387.0,3259062.0,0.5199179642752886,3878190.0,0.3221519627172644,61426061.0,46734350.0,12805173.0,10623439.0,14691711.0,297209.0,25268187.0,63422325.07,58648454.07,10.249936560706415,1.2053698430423518,0.00037795032958405064,0.0004967652272899912,0.05002268576976133,10.249936560706415,0.050724017772794526,5.268340772729768,6.688555193216438,1.3570815699801109,0.13306805075944272,27.45608982231359,0.004973721787270326,0.19598175113328528,0.6423814359926198,0.038591991109441316,614.182476492064,0.3221519627172644,0.44421656743135723,4.9761371868683515,0.09426631343087984,0.508418156949796,-0.4813650263778091,0.4517936485091971,0.6041493469577608,1.3078072210035172,0.04633294392264134,0.31101175322905444,Gambling,Consumer Cyclical,CPHC
2018Q3,2018,Q3,2018-11-14,2018-09-30,1632845.0,18370511.0,2031645.0,0.36,7477687.0,0.40704839402670945,57110496.0,44397304.0,17179186.0,9088971.0,12713192.0,317521.0,23214563.0,69479762.39999999,57653259.39999999,9.87249125653314,1.8901134132785768,0.00040148486891096165,0.0005164502781520247,0.03650034321890812,9.87249125653314,0.036778021476259005,3.782135532321338,10.637838006669341,1.5649545386809973,0.19239058208219395,34.305838039058834,0.004521374126057748,0.3216661084505377,1.6307445584324123,0.028590979143308437,-9.480151158989282,0.40704839402670945,1.2499999999999998,7.857953817436672,0.19037022490821567,0.476617608871327,0.2980646431309838,1.2511101521883887,1.0327304780752922,0.8904867757916215,0.026193701786572317,0.30450575475595415,Gambling,Consumer Cyclical,CPHC
2018Q2,2018,Q2,2018-08-14,2018-06-30,725351.0,16512724.0,999466.0,0.16,5760643.0,0.3488608542115765,63673796.0,42758659.0,23903575.0,17709137.0,20915137.0,414807.0,21897162.0,66877181.469000004,53395435.469000004,9.57219262470321,1.3497876830474573,0.0,0.0,0.0168785901871639,9.57219262470321,0.01696383883320569,4.050039319315214,23.049937709122894,1.5640617136519648,0.42932180420237925,25.9206835950213,0.004656431284329011,0.2593331171899976,0.886173617607679,0.011391672015282394,9.747266040306528,0.3488608542115765,-0.2727272727272727,2.4932723546150912,0.1571477655322392,0.44512316611666153,0.2885975203977206,-0.2670927260051127,-0.2633397530722246,0.19891985489797454,0.05080143473870355,0.298030910381155,Gambling,Consumer Cyclical,CPHC
2018Q1,2018,Q1,2018-05-14,2018-03-31,989690.0,12219946.0,1356753.0,0.22,4470475.0,0.36583426800740365,56346900.0,41896952.0,16015715.0,11305948.0,14449948.0,289154.0,21485865.0,67260727.8,57351041.8,9.436990106431765,1.4165742669256927,0.0,0.0,0.023407947820529337,9.436990106431765,0.02362200477017994,5.504175533999905,16.990352484111188,1.6053847497068523,0.26787478907536705,26.80049731285059,0.003941571979243436,0.2168698899140858,1.0435826345566068,0.0175642315726331,56.23637398874281,0.36583426800740365,-0.4882414465752506,2.1777927474674725,0.2489536994306295,0.43684062190845885,0.06533732097323833,-0.4814475602848845,0.4567376450023836,1.414269716442078,0.17258819074386997,0.2614111994791503,Gambling,Consumer Cyclical,CPHC
2017Q4,2017,Q4,2018-03-27,2017-12-31,1908563.0,11996386.0,931364.0,0.42989022563029716,4196300.0,0.349797013867343,54537324.0,40717097.0,15410124.0,10818227.0,13820227.0,262989.0,20807679.0,72144345.0,63256183.0,9.171236168960991,1.4244592944851315,0.0,0.0,0.04625562635660411,9.171236168960991,0.04687374937363536,6.013839918122008,9.450086924036565,1.7718440241454343,0.138269996851034,29.659362178646255,0.003657902778104091,0.21996653154452536,1.0557284479240452,0.03499553810157609,50.863689432918825,0.349797013867343,0.9540464801377143,2.9491889422924293,0.11167757060022399,0.40507005192312684,-0.3872527009111847,1.003456727917828,-0.39396400212647864,0.9175806913635416,0.10259546968408216,0.2392329238872721,Gambling,Consumer Cyclical,CPHC
2017Q3,2017,Q3,2017-11-14,2017-09-30,952635.0,17666841.0,1536813.0,0.22,6848337.0,0.3876378917996715,53325686.0,38799678.0,14390841.0,10216008.0,14526008.0,280744.0,19164228.0,54260009.05,46574718.05,8.831108429385711,1.4086560034017201,0.0,0.0,0.024337672317488675,8.831108429385711,0.024552652215309622,3.071290959713737,14.239454001270161,1.3984654473163411,0.27633458774871805,38.535120964294876,0.004851565722324552,0.33130077313960854,1.068078842538103,0.017864467791375436,-61.89013425115345,0.3876378917996715,0.375,3.420468561987875,0.19358047367115822,0.3268965399769226,0.18481104768093473,0.3294318931916218,0.290184005816189,0.4569056871052578,0.11922242767042969,0.23273864989207665,Gambling,Consumer Cyclical,CPHC
2017Q2,2017,Q2,2017-08-14,2017-06-30,716573.0,15846475.0,1191158.0,0.16,5780109.0,0.3647567676723057,57847615.0,37881334.0,18743314.0,15545281.0,19966281.0,423432.0,18475488.0,48117524.66500001,39340997.66500001,8.66387212501884,1.2057237176992812,0.0,0.0,0.018736699810137928,8.66387212501884,0.018916255694691218,3.0364812783284614,16.78737709382017,1.2702172701996188,0.30432628636579945,23.773276464697993,0.004532070207647702,0.27393480267077563,0.7548638715504724,0.012387252266147878,35.747629454382285,0.3647567676723057,0.3333333333333334,5.050328828026633,0.2467839080944042,0.3155267304835969,0.38920783719560276,0.39683662867424174,0.38216008419498987,0.5488090229981193,0.10055400383876123,0.23786964956000844,Gambling,Consumer Cyclical,CPHC
2017Q1,2017,Q1,2017-05-15,2017-03-31,512997.0,11443071.0,861809.0,0.12,4160723.0,0.36360195615320395,51931095.0,37192813.0,14155007.0,10460282.0,14738282.0,286917.0,18022155.0,45814535.5,38166754.5,8.564621966973778,1.3532146647671641,0.0,0.0,0.013600562861240851,8.564621966973778,0.013792906710229204,4.003692321755235,22.326902252839687,1.2318115196072963,0.4218562681653109,25.381375101510194,0.004723631870064469,0.2203510440132256,0.9910487116886524,0.009878416775151767,32.33980147685297,0.36360195615320395,-0.2386839836958904,-0.08842993946276728,0.12687464772357734,0.25027108095335104,0.13447211633080586,-0.25054127890838435,-0.2582167261860189,0.2163640789286468,0.17511100232597412,0.2450237781598003,Gambling,Consumer Cyclical,CPHC
2016Q4,2016,Q4,2017-03-30,2016-12-31,684490.0,11597501.0,1161807.0,0.15762179887210687,3667541.0,0.31623545451731366,49624954.0,36550547.0,12078525.0,8717407.0,13074407.0,247786.0,17727225.0,43643230.5,37344423.5,8.416723353006603,1.385563964146678,0.0,0.0,0.018298254143949647,8.416723353006603,0.01872721631224835,3.7631581579514415,15.940054091367296,1.1940513639918986,0.31458604216277813,32.003260878338565,0.004933892324950601,0.23370300756349316,1.0752891312749306,0.013793262155970966,25.01411697074184,0.31623545451731366,-0.24942000537091966,1.1022240828157441,0.12063618165362401,0.24635682798922298,-0.4051619847045217,-0.2606797956875778,-0.2547288000230931,0.8117656215508712,0.10683618581817977,0.23863579569545518,Gambling,Consumer Cyclical,CPHC
2016Q3,2016,Q3,2016-11-14,2016-09-30,925837.0,16630408.0,1558905.0,0.21,6165613.0,0.37074333955005795,48210761.0,35910941.0,10533973.0,8742487.0,12299820.0,274813.0,17259146.0,44168852.68,39718900.68,8.358027231419587,1.20491720490977,0.0,0.0,0.025772579751853836,8.358027231419587,0.02578147423093146,2.655909144261524,11.926735667293487,1.2299553130618324,0.0,38.079694192050596,0.0,0.3449521985350947,0.8937789670147637,0.019203949093439948,-36.4641583429305,0.37074333955005795,-0.6037735849056605,2.809327765026542,0.44231494095974466,0.2545221605729497,0.38242226974083227,-0.5930207921227306,-0.6000269401735717,4.256901275933873,0.12789990364797804,0.25010089800516605,Gambling,Consumer Cyclical,CPHC
2016Q2,2016,Q2,2016-08-15,2016-06-30,2274900.0,13885992.0,3897525.0,0.53,4460007.0,0.3211874960031664,51798729.0,34947816.0,14142516.0,13273713.0,16850913.0,417343.0,16548640.0,47067761.01,41634745.01,8.1749258070349,1.0654528992754326,0.0,0.0,0.06593960528081023,8.1749258070349,0.06509419644420698,3.3895857789634327,5.172508792694184,1.3468012138440926,0.0,22.5857028870737,0.0,0.2680759213223166,0.5632081242075974,0.04391806602050023,-27.23508812911446,0.3211874960031664,6.571428571428571,7.217301193268366,0.1323000570967203,0.24198466670290184,0.33728210731342245,6.320628668520235,6.452346398517762,10.447824680791687,0.016771667440497618,0.2341764450647346,Gambling,Consumer Cyclical,CPHC
2016Q1,2016,Q1,2016-03-31,2016-03-31,310752.0,10393311.0,522993.0,0.07,3335128.0,0.3208917735647476,47834277.0,33536484.0,13289462.0,9628459.0,14297793.0,284337.0,15346211.0,44116474.919999994,37251703.919999994,7.875469988706886,1.3802273032475914,0.012375226242052326,0.017651224260718565,0.008353945753402115,7.875469988706886,0.009266087643534725,4.244698818307274,35.491706344609206,1.3154770464309853,0.0,24.823301223548114,0.0,0.21727747656769225,1.1096368588161407,0.006496429328282729,25.877482105159423,0.3208917735647476,-0.6892846245552888,0.40553257473829896,0.19140634620195832,0.18981211913941326,-0.05900158115524778,-0.6741647609490945,-0.6721371801414029,0.040275095455493216,0.10748755951040799,0.19908944152465993,Gambling,Consumer Cyclical,CPHC
2015Q4,2015,Q4,2015-12-31,2015-12-31,953709.0,10682280.0,1595158.0,0.22528656620166465,3544244.0,0.3317872214545958,45341082.0,33097499.0,11203322.0,7308952.0,12243583.0,253334.0,15035458.0,43391478.75,38295660.75,7.8183407093495285,1.532821942188155,0.012914623431350844,0.01769206186848136,0.02585421272187358,7.8183407093495285,0.02881513796556048,4.062005372448579,11.374402136815318,1.3110198673923972,0.00036279410176479407,28.176383746358564,7.973915846322706e-06,0.23559825943280313,1.2300292846361558,0.021034103244382214,-91.69506196971778,0.3317872214545958,0.1857187694824455,4.64004252875039,0.1756370254932545,0.18916860240231076,-0.4322656583134517,0.17298867609853652,0.14965430904691926,1.0695962900440101,0.038151446519052355,0.19780105800971473,Gambling,Consumer Cyclical,CPHC
2015Q3,2015,Q3,2015-09-30,2015-09-30,813059.0,16851658.0,1387511.0,0.19,6242786.0,0.370455298819855,41589948.0,32037701.0,11757892.0,7690547.0,9552247.0,262670.0,14081749.0,41147821.800000004,32808094.800000004,7.567993640917343,1.5288759044057594,0.0,0.0,0.025371830792801264,7.567993640917343,0.02537819427180496,2.4417669644138282,12.652163557626201,1.2843562588963546,0.0,40.38859405337496,0.0,0.4051858396168228,1.2489553733954164,0.01954941131448397,129.25990249235082,0.370455298819855,0.35714285714285704,6.836105091867778,0.3381184406390142,0.1604964144840112,0.2052822634984464,0.4223021079331759,0.4319471850463586,2.9155804644642314,0.18159259446410228,0.13711032505113163,Gambling,Consumer Cyclical,CPHC
2015Q2,2015,Q2,2015-06-30,2015-06-30,571650.0,14848077.0,968968.0,0.14,5179522.0,0.3488345325795387,46180340.0,31125131.0,15772132.0,12682189.0,15055209.0,356881.0,13268690.0,44317381.5,35497050.5,7.374394976381897,1.2436442951607172,0.0,0.0,0.018353156399190135,7.374394976381897,0.018366187759980834,2.984721960965046,19.381344135397534,1.423845621726058,0.0,27.091817720752857,0.0,0.3215237696387684,0.7569678231415728,0.012378644245581561,-57.70725315735401,0.3488345325795387,0.5555555555555558,2.434848939815018,0.23960474930062825,0.12653556358455942,0.4902620513767782,0.47074714418030256,0.463021624445498,4.3472526060343455,0.2102000519586493,0.11973186729752706,Gambling,Consumer Cyclical,CPHC
2015Q1,2015,Q1,2015-03-31,2015-03-31,388680.0,9881038.0,662306.0,0.09,3475578.0,0.35174219550618063,42177679.0,31492312.0,12808601.0,8270770.0,10685367.0,248063.0,13752838.0,42599866.76,33054174.759999998,7.481295639620447,1.5486588310399152,0.0,0.0,0.012330591383499933,7.481295639620447,0.012342059865277595,4.311274459221794,27.400346531851394,1.3527068689018449,0.0,25.821908144302054,0.0,0.23427173410846056,1.2068395082924563,0.009215300822977954,56.762737358259265,0.35174219550618063,-0.5985434142642304,1.5821252550033935,0.21535453258561507,0.12950719844384778,0.00508241317315225,-0.586029728152279,-0.5835493747009323,-0.2874907261619251,0.003826566160899202,0.09212614664706135,Gambling,Consumer Cyclical,CPHC
2014Q4,2014,Q4,2014-12-31,2014-12-31,938908.0,10263711.0,1590359.0,0.2241836432575953,3458003.0,0.33691546848893156,39495679.0,30995172.0,11393400.0,6028373.0,8500507.0,231545.0,13363810.0,39033278.4,30271353.4,7.400736368585427,1.8899626814730939,0.0,0.0,0.030284189047569215,7.400736368585427,0.03029207258472384,3.8030375562990812,10.393264941826036,1.2593341440402397,0.0,29.392593232417024,0.0,0.25986921252828693,1.5402086101838754,0.0237724233073699,-20.467111385637626,0.33691546848893156,0.494557621717302,10.03600790931647,0.21112683404064855,0.08274646362314156,-0.33948091802522157,0.5063355719341703,0.4935009808865637,1.9899687556026862,0.02833909718141812,0.09590845727864546,Gambling,Consumer Cyclical,CPHC
2014Q3,2014,Q3,2014-09-30,2014-09-30,623306.0,15046958.0,1064853.0,0.15,5235281.0,0.3479295283471915,40592202.0,30002906.0,13573775.0,8557609.0,10589296.0,261960.0,12424902.0,42760705.2,33106622.200000003,7.163812402700973,1.586164429807438,0.0,0.0,0.020762297688430662,7.163812402700973,0.020774854275782486,2.841817276289334,17.150767520286987,1.425218783807142,0.0,37.454867155290884,0.0,0.3706859263264407,1.297327910167431,0.015355313811258625,-44.93105487466586,0.3479295283471915,0.3636363636363636,35.25910699043269,0.18106511366691935,0.05222990911275121,0.12391513661759418,0.4072209403658333,0.4162501562745218,1.6309888257992005,0.3387817820205563,0.07527304763869196,Gambling,Consumer Cyclical,CPHC
2014Q2,2014,Q2,2014-06-30,2014-06-30,442934.0,13784714.0,751882.0,0.11,4658075.0,0.3379159698199034,42414316.0,29297246.0,16759648.0,11033500.0,13117070.0,318095.0,11801596.0,42110234.480000004,31524525.480000004,6.999018134177818,1.518978384012326,0.0,0.0,0.015104319270087315,6.999018134177818,0.0151186224124957,3.0548500665302165,23.76778170111123,1.4373444684869014,0.0,28.69155126613119,0.0,0.3250014452667349,1.0356164408392623,0.01044303060315767,108.4049665725326,0.3379159698199034,0.09999999999999995,3.4186613302922324,0.1674929929006808,0.020201488233234092,0.419340812430032,0.09095163383882544,0.08523146337274169,2.236303664056592,0.14796572154507487,0.06333358978548259,Gambling,Consumer Cyclical,CPHC
2014Q1,2014,Q1,2014-03-31,2014-03-31,406007.0,9374454.0,692831.0,0.1,3281858.0,0.35008524229784477,38457199.0,28758330.0,13521024.0,7565443.0,9698869.0,214039.0,11358662.0,46947542.81,36778932.81,6.879083048223115,1.7872084952592995,0.0,0.0,0.01410492380838645,6.879083048223115,0.014117892102914182,5.008029567375337,28.90808705884381,1.632485015993627,0.0,28.464887240175855,0.0,0.2437633068388574,1.420477954826968,0.01055737314618259,33.468623615470655,0.35008524229784477,0.14943848789654038,0.21037606236613243,0.08024939241767082,-0.0035146737359543195,-0.03672773818759027,0.1219382115618437,0.11539687548297357,0.8705462111241398,0.094611246801398,0.03927973709239746,Gambling,Consumer Cyclical,CPHC
2013Q4,2013,Q4,2013-12-31,2013-12-31,361880.0,10036460.0,621152.0,0.08699900086258543,3406989.0,0.33946122437592535,37112632.0,28265049.0,11956246.0,6654103.0,8847583.0,244281.0,10952655.0,42843756.400000006,34104547.400000006,6.795155914479992,1.7968231029787185,0.0,0.0,0.012793637343027965,6.795155914479992,0.012803091195773268,4.26881155307748,29.598041063335916,1.5157856758005268,0.0,27.138709109591005,0.0,0.27043245006174715,1.4449895049715942,0.009750857875022176,35.5317783323257,0.33946122437592535,1.1749750215646355,21.1421429633167,0.0845898960257129,0.005586531244950613,-0.1991463959003309,1.1224259983695302,1.261160153619337,1.178017416202902,0.12413928380197277,0.033542328523088534,Gambling,Consumer Cyclical,CPHC
2013Q3,2013,Q3,2013-09-30,2013-09-30,170503.0,14274459.0,274705.0,0.04,4254197.0,0.2980285977913419,37331752.0,27810515.0,12562655.0,7466471.0,9521237.0,218797.0,10590775.0,47128132.04,39628370.04,6.685882111401417,1.682542529127884,0.0,0.0,0.00611856541802437,6.685882111401417,0.006130882509726986,3.301570451111317,69.10161703899638,1.6946155811929409,0.0,45.79707217192192,0.0,0.38236777636367025,1.32470333039531,0.004567238098013723,-199.92335348341965,0.2980285977913419,-0.20000000000000004,4.967381312278451,0.023688853242146143,-0.019681220566782287,0.047324878476303955,-0.1176985014075178,-0.17338200069811388,2.2455562227687196,0.15356440147358763,0.025231069962110445,Gambling,Consumer Cyclical,CPHC
2013Q2,2013,Q2,2013-06-30,2013-06-30,193248.0,13280950.0,332324.0,0.05,4061965.0,0.3058489791769414,39132272.0,27537116.0,14408584.0,9612114.0,11595156.0,293806.0,10420272.0,39826981.9,32145547.9,6.623790171757905,1.4990026127447094,0.0,0.0,0.007005691165819098,6.623790171757905,0.007017728363420483,2.9988051984233053,51.523148881230334,1.446301853106186,0.0,31.37779691360966,0.0,0.3393861210000789,0.9588641999044123,0.004938328140006796,-15.08322987364802,0.3058489791769414,-0.28571428571428575,6.274800156583443,-0.07478432575326838,-0.024576381087690984,0.41614234898273594,-0.336102322034073,-0.34275000593321575,1.492451978572705,0.12568030451571577,0.01187083389289931,Gambling,Consumer Cyclical,CPHC
2013Q1,2013,Q1,2013-03-31,2013-03-31,291081.0,9144568.0,505628.0,0.07,2868331.0,0.3136650085602732,36096572.0,27252985.0,13263200.0,7340655.0,8843587.0,191303.0,10227024.0,43320122.28,33024259.28,6.567875352728575,1.8068142420533317,0.0,0.0,0.010657494991276276,6.567875352728575,0.010680701581863418,4.737251916110198,37.20624351984499,1.5895551360704157,0.0,32.80783364610069,0.0,0.25333618937554514,1.5178980622301417,0.008063951335877546,47.955872618403184,0.3136650085602732,-0.3569446117199941,-0.4154207412932542,-0.10518608241129587,-0.06587377377797018,1.2483736133315866,-0.35079020969662905,-0.41314273908814675,1.4422589784846254,0.1410433974666992,-0.008398699003262889,Gambling,Consumer Cyclical,CPHC
2012Q4,2012,Q4,2012-12-31,2012-12-31,448362.0,10011561.0,861586.0,0.10885531989278639,-11548453.0,-1.153511725094618,34899512.0,26884938.0,12753153.0,6520486.0,8014574.0,212072.0,9940216.0,39582436.8,30197453.799999997,6.527244784990095,1.955859271839553,0.0,0.0,0.01663715665696566,6.527244784990095,0.01667707026142296,3.953672838831027,22.070579576324487,1.4722904252187599,2.3123101422511274,101.6636519672564,0.026192222708229018,0.28686822325767763,1.5368782326961519,0.012847228350929376,25.525478960187733,-1.153511725094618,1.1771063978557277,-0.2780026285196256,-0.09047802434639961,-0.0374687312715689,-2.1722233946026446,1.219240325885742,1.2287449654533744,5.387552620831395,0.2012322599124096,-0.04504756605706956,Gambling,Consumer Cyclical,CPHC
2012Q3,2012,Q3,2012-09-30,2012-09-30,202034.0,13876292.0,386579.0,0.05,9851751.0,0.7099699977486781,36525755.0,27413046.0,14006720.0,7710027.0,9112709.0,206844.0,10551573.0,41188800.0,32318564.0,6.65546119333411,1.8166888390922626,0.0,0.0,0.007345369329084718,6.65546119333411,0.007369994563902166,2.9682857639490434,50.96765890889652,1.5025254763735485,0.0,19.45689021678173,0.0,0.37990431683068565,1.3760889553305067,0.005531275123539541,110.57603767050657,0.7099699977486781,2.25,-0.6496377299756434,-0.0853665328775679,-0.008317274640363073,0.1664794908375409,2.2131551136090697,2.3178080790864155,10.950339300674413,0.10748675343974284,-0.022437365344041775,Gambling,Consumer Cyclical,CPHC
2012Q2,2012,Q2,2012-06-30,2012-06-30,-166536.0,11964084.0,-293350.0,-0.04,8445713.0,0.7059222419367834,37809835.0,27105883.0,15078633.0,9274126.0,10703952.0,292420.0,10349539.0,45767373.519999996,36277302.519999996,6.5858579109479125,1.6258818351184792,0.0,0.0,-0.0061908625346964044,6.5858579109479125,-0.006143906103335575,3.825397207174406,-68.70492494115385,1.688466430700671,0.0,12.031909582107927,0.0,0.31642782889689947,1.1532886225613066,-0.004404568282300095,-39.842304840286474,0.7059222419367834,-1.3076923076923077,-1.3371907449750327,-0.17160750323635846,-0.0008912171605989009,0.10557818886891293,-1.3127413127413128,-1.2919024557220742,0.0751258352131474,0.030562777919053156,-0.04002219836640627,Gambling,Consumer Cyclical,CPHC
2012Q1,2012,Q1,2012-03-31,2012-03-31,532504.0,9608710.0,1004959.0,0.13,7639182.0,0.7950268038061301,36594068.0,28148350.0,14135990.0,7144518.0,8445718.0,202306.0,11551550.0,41707578.15,31178404.15,6.850212003978466,1.9785785409176657,0.0,0.0,0.01889682241974177,6.850212003978466,0.0189177696028364,4.340601199328526,19.580875519244927,1.4817059667795804,0.0,9.735390942433739,0.0,0.2625756174470682,1.6058936376113826,0.014551648097719007,19.30314790096739,0.7950268038061301,0.7338282694501633,-0.41095122946611556,-0.1765885272430745,-0.009209252414075948,0.04185330089422134,0.745708703235028,0.3674437148089991,0.6150793317955063,0.1264899328867864,-0.007696854957206401,Gambling,Consumer Cyclical,CPHC
2011Q4,2011,Q4,2011-12-31,2011-12-31,305036.0,9695334.0,734918.0,0.07497859060818404,7332301.0,0.7562711093810693,34184391.0,27473531.0,11381876.0,5401860.0,6710860.0,183122.0,11019046.0,53945764.08,45676985.08,6.753060731881657,2.1070290603606905,0.0,0.0,0.011062428381052139,6.753060731881657,0.011102904828651257,5.564095479330573,44.21262087097916,1.9635540870228876,0.0,12.90414586996647,0.0,0.2836187428349974,1.6762720618453644,0.008923253890935193,24.235299016090895,0.7562711093810693,0.2496431768030674,-0.723165158156447,-0.222344401678264,0.014257498164296646,-0.0471639672270088,0.3254827664123199,3.45393106856414,18.082824583889924,0.07123378965206918,-0.0006429577003992638,Gambling,Consumer Cyclical,CPHC
2011Q3,2011,Q3,2011-09-30,2011-09-30,230132.0,10917762.0,-299486.0,0.06,7695239.0,0.7048366689070525,34378782.0,27104367.0,11373330.0,6010415.0,7274415.0,213036.0,10714356.0,38404827.519999996,32281839.519999996,6.662319322922453,1.8922703340784288,0.0,0.0,0.008522716383194483,6.662319322922453,0.008490587513074922,3.517646521329188,41.72043383797125,1.4169239783389886,0.0,15.126659343960645,0.0,0.3175726818943149,1.3628048978315142,0.0066940126034715245,-17.434985674692257,0.7048366689070525,1.6666666666666667,-0.5648691903744373,-0.34027175920868624,0.03133472934630862,-0.06915734441681101,1.6611924517893673,-10.745009608219931,6.475016372734593,-0.1994684890603574,-0.023136119061380377,Gambling,Consumer Cyclical,CPHC
2011Q2,2011,Q2,2011-06-30,2011-06-30,-348056.0,11665520.0,-25499.0,-0.09,8266960.0,0.7086662231945082,36564739.0,26766558.0,13208643.0,8578981.0,9798181.0,260241.0,10484225.0,59696792.519999996,51391499.519999996,6.58214712806148,1.5396517371934966,0.0,0.0,-0.013358047241537455,6.58214712806148,-0.01300339027528306,5.117370894739368,-42.87872678534489,2.230275275588292,0.0,13.059279667692639,0.0,0.319037420176854,1.0529807677625116,-0.009518897427382156,54.011391424484486,0.7086662231945082,-2.8000000000000003,-2.0698778494439622,-0.16956811663975496,0.12336271994950407,0.25470611929828396,-2.653040773194652,-1.0400318383341078,-8.712411469491007,-0.16918392969260726,-0.03070876259912265,Gambling,Consumer Cyclical,CPHC
2011Q1,2011,Q1,2011-03-31,2011-03-31,210555.0,8307810.0,636968.0,0.05,6588762.0,0.7930804869153243,33819171.0,26843039.0,10209257.0,5677632.0,6976132.0,170770.0,10832280.0,49678637.75,42703366.75,6.619087049141157,1.7981540543663275,0.0,0.0,0.007827306838742717,6.619087049141157,0.007843933021145631,5.9797513123193715,58.985345574790436,1.85070839967114,0.0,10.066451952919131,0.0,0.2456538630116037,1.377656213012749,0.006225906601909314,31.192575957072613,0.7930804869153243,0.2517485227462968,-0.8209666178159708,-0.3242963730490254,0.035712761127782294,-0.004115182796583065,0.3055326483919171,2.2477323367001993,-0.5673360724025267,-0.1682138634182874,-0.05859011108049837,Gambling,Consumer Cyclical,CPHC
2010Q4,2010,Q4,2010-12-31,2010-12-31,161279.0,8666326.0,196127.0,0.0399441254304831,6615988.0,0.7634132387819245,32648496.0,26545815.0,8680166.0,5150781.0,6102681.0,176211.0,10621379.0,46917086.3,41465624.3,6.574627595746499,1.685213562758735,0.0,0.0,0.006073885873735572,6.574627595746499,0.006075496269374287,5.413722758640743,72.72658917155984,1.767400484784513,0.0,11.635698111922638,0.0,0.2654433453841182,1.218633640218833,0.004939860016828953,17.71620007710726,0.7634132387819245,2.3314708476827697,-0.8160718101713162,-0.32208225402435475,0.03223507923957512,-0.18285211560292122,2.2137648165569144,2.325074993919412,-0.7350652811888682,-0.19684261877556078,-0.030481489570727743,Gambling,Consumer Cyclical,CPHC
2010Q3,2010,Q3,2010-09-30,2010-09-30,-132875.0,12011366.0,-148012.0,-0.03,8096439.0,0.6740647982918845,33054124.0,26330667.0,8767836.0,5793857.0,6723457.0,201561.0,10460453.0,31291516.25,28713195.25,6.521341683147106,1.5132986540744793,0.0,0.0,-0.0053514405776688015,6.521341683147106,-0.0050463970396192395,2.605158834557202,-58.87397224835371,1.1884057570588697,0.0,19.423038186950848,0.0,0.36338479277200025,1.038558597493863,-0.0040199219921846965,-13.807149740527294,0.6740647982918845,0.6666666666666666,-1.182829335112929,-0.3098921851551647,0.0951026433213178,0.0019564068643162726,0.6512183405998914,0.7236210180378683,-1.2350663050780775,-0.19235540100262322,-0.028301464694594155,Gambling,Consumer Cyclical,CPHC
2010Q2,2010,Q2,2010-06-30,2010-06-30,-380969.0,11453879.0,-535540.0,-0.09,8080630.0,0.7054928727638907,34899059.0,26419944.0,9456218.0,8479115.0,8479115.0,367797.0,10593328.0,31561465.26,27226400.26,6.546082711243553,1.1152364368215315,0.0,0.0,-0.014451349476673014,6.546082711243553,-0.014419750473354523,2.7555263382824284,-20.71130804606149,1.194607576003946,0.0,9.171496776754568,0.0,0.3282002245390055,0.6189827594035462,-0.010916311525763488,-37.27713038476575,0.7054928727638907,0.43750000000000006,-1.786607327283934,-0.27950427037112563,0.12802357120124805,0.10624868146943822,0.4044018441594582,0.3218385855787178,-1.786607264729797,-0.19125782376106124,-0.0069253211302208045,Gambling,Consumer Cyclical,CPHC
2010Q1,2010,Q1,2010-03-31,2010-03-31,-639641.0,7788613.0,-789694.0,-0.16,7304533.0,0.9378477271883967,33168200.0,26710135.0,8365785.0,6458065.0,6458065.0,186096.0,10974297.0,29196233.96,24005329.96,6.623504170604337,1.2954011766682436,0.0,0.0,-0.024046556969093545,6.623504170604337,-0.02394750157571274,3.7485793632319386,-11.41117984932173,1.0930769896894943,0.0,2.601238070673201,0.0,0.23482169668537936,0.9392079516077958,-0.01928476673440223,70.66038214772345,0.9378477271883967,-5.44900423814329,-1.5664869962329535,-0.3642485954904007,0.1395872593910003,-0.037290159000278225,-5.454500504540868,-7.073755239750537,-1.720983513669858,-0.3199002520880906,-0.04199948191089788,Gambling,Consumer Cyclical,CPHC
2009Q4,2009,Q4,2009-12-31,2009-12-31,-99100.0,8082431.0,-97810.0,-0.02481003176485197,7587471.0,0.9387609990113123,31752227.0,27302002.0,7603705.0,4450225.0,4450225.0,178512.0,11613585.0,28879164.96,24137967.96,6.835151734248759,1.7086113623468477,0.0,0.0,-0.004329607895224465,6.835151734248759,-0.0036297704468705263,3.573079060000636,-72.85359475277498,1.057767300727617,0.0,2.7726987541453796,0.0,0.25454690154489007,1.2838935110022527,-0.0031210409273025163,27.756657955616898,0.9387609990113123,-7.070263435209308,-1.0985263369711118,-0.3488507574399354,0.23733056208117168,-0.3155945897895072,-7.044525770051845,-3.493435643816759,-1.0916032318565165,-0.33971105798370105,0.026586931881599628,Gambling,Consumer Cyclical,CPHC
2009Q3,2009,Q3,2009-09-30,2009-09-30,16395.0,12150722.0,39227.0,0.004087142515256671,11086223.0,0.9123921195793961,33103719.0,27194426.0,8938793.0,5909293.0,5909293.0,198807.0,11712685.0,29558204.8,25428803.8,6.80821970622519,1.5126670821704051,0.0,0.0,0.00046194372561310316,6.80821970622519,0.0006028808991960338,2.432629501358026,450.7198048185423,1.0869214448578544,0.0,5.354434200003018,0.0,0.3670500586354059,1.0875959272962095,0.0004952615746889344,-15.309769635091543,0.9123921195793961,1.102178562881417,-0.985340906852703,-0.33091107251410123,0.33481743074896053,0.08051455083476988,1.0947145852951201,1.133100567663216,-0.9684265721660523,-0.2521731955034544,0.05392027726613499,Gambling,Consumer Cyclical,CPHC
2009Q2,2009,Q2,2009-06-30,2009-06-30,-173099.0,11160254.0,-294717.0,-0.04,10260133.0,0.9193458320930689,36249645.0,27143850.0,11713325.0,9058095.0,9105795.0,342256.0,11696290.0,26904764.4,21129821.4,6.8604272929444425,1.2931333795903002,0.0,0.0,-0.006544031431314229,6.8604272929444425,-0.006377098311403873,2.4107663141000195,-38.857480979092884,0.9911919053487254,0.0,2.6299641204244777,0.0,0.3078720908853038,0.79348516437507,-0.004775191591531448,24.214900596985103,0.9193458320930689,-1.5,-1.2916641287023003,-0.2426633479762512,0.45001836648968707,0.3295258332202733,-1.5464432055661135,-1.5094617510851585,-1.546870241316813,-0.18345776636556013,0.17085627438528722,Gambling,Consumer Cyclical,CPHC
2009Q1,2009,Q1,2009-03-31,2009-03-31,316774.0,8195176.0,578487.0,0.08,7717137.0,0.9416682448308614,33113702.0,27253927.0,8548023.0,5747575.0,5859775.0,227483.0,11869389.0,23055911.2,18388047.2,6.903346057300914,1.4872399229240159,0.0,0.0,0.011617295351617568,6.903346057300914,0.011623058944863249,2.81335156194327,18.19586771641612,0.8459665720833552,0.0,2.1014273594070767,0.0,0.24748595007589305,1.005253519962767,0.009566251456874257,34.269716310580904,0.9416682448308614,19.360825061235015,-0.7640058803303644,-0.32427188803268286,0.3994999772657147,-0.5356097978394956,19.418589660951397,22.328910755333307,-0.7233172192331632,-0.31531293166508056,0.08019180786501884,Gambling,Consumer Cyclical,CPHC
2008Q4,2008,Q4,2008-12-31,2008-12-31,15514.0,8784031.0,24797.0,0.003929113862498237,16617786.0,1.8918177770547486,32243671.0,26681433.0,7291771.0,5387838.0,5562238.0,213682.0,11552615.0,23335475.43,19589744.43,6.757405457755441,1.3533760666152175,0.0,0.0,0.0004071353342389649,6.757405457755441,0.0005814530276540994,2.656579357472668,376.0389878496842,0.8745960320047278,0.0,-36.66080905270449,0.0,0.27242651743965507,0.9467133198882371,0.00048114868806346523,14.23918501776582,1.8918177770547486,1.3929113862498235,-0.9836025465881207,-0.2383329827605613,0.44463266989775946,0.8569068258351383,1.3802917024145116,1.5579631879753386,-0.9819078577244658,-0.2973620976645695,0.060931719182513,Gambling,Consumer Cyclical,CPHC
2008Q3,2008,Q3,2008-09-30,2008-09-30,-40795.0,13236420.0,-44442.0,-0.01,8949176.0,0.6761024506626414,32900783.0,26929021.0,7767359.0,5771662.0,5971762.0,209277.0,11726238.0,34470169.29,31862566.29,6.820110204628473,1.3457750990962396,0.0,0.0,-0.002274742673927913,6.820110204628473,-0.0015149083956672617,2.60419126093007,-211.24015988478982,1.2800379668462512,0.0,20.48597791443876,0.0,0.40231322154247817,0.918595198402124,-0.0012399400950427227,-12.312639231797958,0.6761024506626414,0.0,-1.0645740182901338,-0.1950934518197779,0.5602459577147849,-0.05454799006919867,-0.1517829413591575,0.4109038851552869,-1.0573991250474977,-0.22233811000048076,0.14527363780562366,Gambling,Consumer Cyclical,CPHC
2008Q2,2008,Q2,2008-06-30,2008-06-30,-35419.0,13877571.0,-75441.0,-0.01,9465500.0,0.6820718121348469,39815272.0,27293076.0,14339136.0,12256896.0,12522196.0,286196.0,11990066.0,36172764.0,29230891.0,6.790680524164534,1.1698831417024342,0.0,0.0,-0.00245263743876045,6.790680524164534,-0.0012977284055487187,2.6065630649628813,-255.32033654253368,1.325345812982018,0.0,15.416256691218605,0.0,0.34854894373194284,0.6951236267322494,-0.0008895832734735555,173.68873822396787,0.6820718121348469,-1.0833333333333335,-1.0550778688075924,-0.024332532052735598,0.6675237187380135,0.3159956416637922,-1.0709970333547145,-1.0931148504121857,-1.0734371584101232,-0.12339590118679919,0.17017276341436094,Gambling,Consumer Cyclical,CPHC
2008Q1,2008,Q1,2008-03-31,2008-03-31,498880.0,10238966.0,810193.0,0.12,7192653.0,0.7024784533907037,36815003.0,29230359.0,11608668.0,7282944.0,7584644.0,170561.0,13599268.0,37415997.0,29857048.0,7.0310362436687175,1.5939526652957925,0.0,0.0,0.016135400301444003,7.0310362436687175,0.017067186892915,3.654274953154449,18.749998496632458,1.2800389143356057,0.0,17.860548425490002,0.0,0.278119385186523,1.1524102066417097,0.013550997130164569,75.27551734821569,0.7024784533907037,-0.2040840570495044,-0.47826087747588947,-0.02645956729902703,0.737075307660841,0.615932882866286,-0.21482959749944128,-0.20091823198425887,-0.5714285846660696,-0.18930637053491386,0.20970397499880458,Gambling,Consumer Cyclical,CPHC
2007Q4,2007,Q4,2007-12-31,2007-12-31,635378.0,11262313.0,1013905.0,0.15076969001921822,4451084.0,0.39521934792613206,36105772.0,28578089.0,11048136.0,7191283.0,7527683.0,169801.0,13141470.0,37928061.0,30877672.0,6.781332718274209,1.5363233514798402,0.0,0.0,0.020652891776884043,6.781332718274209,0.02223304714321521,3.3676972927319637,14.923423930321793,1.3271727511241216,1.5738662654356934e-06,40.11300875731003,2.6365703219049345e-08,0.3119255558363355,1.1258704462054963,0.017597684935250796,21.23584074264854,0.39521934792613206,0.07692635728013006,0.015246819292791857,0.028320007698116424,0.6347460825243045,-0.5786301848643525,0.07692646679954983,0.14060961959242446,-0.4012589171728457,-0.14000816129968802,0.22758799660851725,Gambling,Consumer Cyclical,CPHC
2007Q3,2007,Q3,2007-09-30,2007-09-30,589992.0,15522631.0,888915.0,0.14,10563367.0,0.6805139541099702,35565323.0,28282874.0,10374203.0,6958149.0,7282449.0,159640.0,12824975.0,37928061.0,32302036.0,6.711280758591903,1.490942921745424,0.0,0.0,0.018791316133186027,6.711280758591903,0.02086039770922856,2.4434041497217835,16.0714302058333,1.3410257033991666,0.0,31.06529691806565,0.0,0.43645409884229086,0.9612228769461534,0.016588967855008654,-25.22931446326263,0.6805139541099702,0.16666666666666682,0.9999997113846474,0.019669764219451692,0.7112276081528685,0.03506112214051395,0.17296264560341795,0.10779681886101615,-0.49999999446798,-0.18983160938211444,0.31581161093074045,Gambling,Consumer Cyclical,CPHC
2007Q2,2007,Q2,2007-06-30,2007-06-30,502993.0,14708648.0,802417.0,0.12,10205549.0,0.6938468443870572,39637098.0,27629959.0,14540570.0,11635139.0,12007139.0,253564.0,12272411.0,37724472.0,29515923.0,6.591732576137845,1.2497117567740275,0.0,0.0,0.01652998820699325,6.591732576137845,0.018204623466867974,2.5647817528844254,18.74999850892557,1.3653466514373038,0.0,17.75922055181335,0.0,0.37108286787292044,0.7591686700090132,0.012689955253535463,19.819654121836496,0.6938468443870572,-0.42857142857142855,-0.2941175448637857,0.06057041696948357,0.849677567735814,0.1538533462886588,-0.43634472874132796,-0.44699073260459504,-0.19999993638081934,-0.05783433942401012,0.39322711170166463,Gambling,Consumer Cyclical,CPHC
2007Q1,2007,Q1,2007-03-31,2007-03-31,892377.0,11519269.0,1451001.0,0.21,8844754.0,0.7678225067927488,34983148.0,28044503.0,10019241.0,6522645.0,6938645.0,149069.0,12797113.0,36506331.0,30286702.0,6.9138837041717505,1.5360702598409082,0.0,0.0,0.030306584243112028,6.9138837041717505,0.03182003261031226,3.169153441941498,10.227272498058555,1.3017285776110918,0.0,17.94145664088442,0.0,0.3292805152926775,1.0603037571414664,0.025508767821580836,131.41842850817352,0.7678225067927488,-0.22464111000773382,-0.15384622576495882,0.13659304151058044,0.9080305318830364,18.314171392552254,-0.18325744436461483,1.9591074159905768,-0.35294114143002286,-0.07555221091206775,0.4016362509558584,Gambling,Consumer Cyclical,CPHC
