Quarters,Year,Quarter,FillingDate,Date,NetIncome,Revenue,OperatingIncome,EPSDiluted,GrossProfit,GrossProfitRatio,TotalAssets,CommonStockEquity,CurrentAssets,CurrentLiability,TotalLiability,Inventory,RetainedEarnings,MarketCap,EnterpriseValue,bookValuePerShare,currentRatio,debtToAssets,debtToEquity,roic,shareholdersEquityPerShare,roe,priceToSalesRatio,peRatio,pbRatio,payoutRatio,inventoryTurnover,dividendYield,assetTurnover,quickRatio,returnOnAssets,priceToFreeCashFlowsRatio,grossProfitMargin,epsdilutedGrowth,fiveYNetIncomeGrowthPerShare,fiveYRevenueGrowthPerShare,fiveYShareholdersEquityGrowthPerShare,grossProfitGrowth,netIncomeGrowth,operatingIncomeGrowth,threeYNetIncomeGrowthPerShare,threeYRevenueGrowthPerShare,threeYShareholdersEquityGrowthPerShare,Industry,Sector,Symbol
2023Q1,2023,Q1,2023-05-02,2023-03-31,162000000.0,3699000000.0,265000000.0,1.17,495000000.0,0.1338199513,13132000000.0,4409000000.0,3665000000.0,3161000000.0,8668000000.0,300000000.0,2479000000.0,12612220000.0,17809220000.0,32.18248175182482,1.1594432141727302,0.42461163569905574,1.2646858698117487,0.019906294758818246,32.18248175182482,0.03674302562939442,3.4096296296296296,19.4633024691358,2.8605624858244503,0.30864197530864196,10.68,0.0039644091206781995,0.28167834297898264,0.9164821259095223,0.012336277794699969,-92.06,0.13381995133819952,-0.08593750000000007,0.7621296693860028,0.6799017601309867,0.4257467870234254,-0.04990403071017274,-0.0847457627118644,0.0,0.46010790225325304,0.32710280373831774,0.3621199429982487,Information Technology Services,Technology,LDOS
2022Q4,2022,Q4,2023-02-14,2022-12-30,177000000.0,3697000000.0,265000000.0,1.28,521000000.0,0.1409250744,13071000000.0,4299000000.0,3643000000.0,3947000000.0,8718000000.0,287000000.0,2367000000.0,14411030000.0,19385030000.0,31.37956204379562,0.9229794780846212,0.4200137709433096,1.2770411723656665,0.021122438406172533,31.37956204379562,0.041172365666434056,3.8980335407086826,20.354562146892654,3.3521819027680855,0.2824858757062147,11.066202090592334,0.003469564632090836,0.2828398745314054,0.7261211046364328,0.013541427587789763,277.1351923076923,0.1409250743846362,0.0940170940170941,0.7226277372262775,0.6302786255555682,0.41533929693084093,0.015594541910331383,0.09259259259259259,-0.05693950177935943,0.013590353671815145,0.2971993931277149,0.30556630829738596,Information Technology Services,Technology,LDOS
2022Q3,2022,Q3,2022-11-01,2022-09-30,162000000.0,3608000000.0,281000000.0,1.17,513000000.0,0.1421840355,13099000000.0,4086000000.0,3841000000.0,4141000000.0,8960000000.0,286000000.0,2239000000.0,11983390000.0,16769390000.0,29.824817518248175,0.9275537309828544,0.42697915871440567,1.3688203622124326,0.020304273308454534,29.824817518248175,0.039647577092511016,3.321338691796009,18.492885802469132,2.93279246206559,0.30246913580246915,10.821678321678322,0.004088993181395248,0.2754408733491106,0.7464380584399903,0.012367356286739446,16.620513176144243,0.1421840354767184,-0.05645161290322586,1.191917393626491,0.5992954440073374,0.3762514458936619,-0.046468401486988845,-0.05263157894736842,0.03690036900369004,0.05027882304937222,0.3284002111252719,0.3139090896825289,Information Technology Services,Technology,LDOS
2022Q2,2022,Q2,2022-08-02,2022-07-01,171000000.0,3597000000.0,271000000.0,1.24,538000000.0,0.1495690853,12887000000.0,4004000000.0,3526000000.0,3906000000.0,8830000000.0,286000000.0,2128000000.0,14035650000.0,19486650000.0,29.226277372262775,0.9027137736815156,0.44928998215255683,1.446053946053946,0.019904347083440087,29.226277372262775,0.042707292707292704,3.902043369474562,20.519956140350878,3.505407092907093,0.28654970760233917,10.695804195804195,0.0034911101374001203,0.2791184915030651,0.7071172555043522,0.013269186001396756,738.7184210526316,0.14956908534890187,-0.015873015873015886,0.9232086995382094,0.542036811488046,0.36884859901106665,0.05078125,-0.03389830508474576,0.0,0.3215972520395019,0.3859194725688722,0.2529276396563976,Information Technology Services,Technology,LDOS
2022Q1,2022,Q1,2022-05-03,2022-04-01,177000000.0,3494000000.0,271000000.0,1.26,512000000.0,0.1465369204,13030000000.0,3955000000.0,3487000000.0,3494000000.0,9022000000.0,279000000.0,2007000000.0,15053700000.0,20463700000.0,28.453237410071942,0.9979965655409273,0.4379892555640829,1.442983565107459,0.021092109290078834,28.453237410071942,0.04475347661188369,4.308443045220378,21.26228813559322,3.806245259165613,0.288135593220339,10.688172043010752,0.0033878714203152715,0.2681504221028396,0.7773325701202061,0.013584036838066001,231.5953846153846,0.14653692043503147,0.01612903225806453,1.6528776978417268,0.4614355027605822,0.34340119972011063,0.007874015748031496,0.005681818181818182,0.003703703703703704,-0.023067260477332315,0.41436559716138593,0.252495271542329,Information Technology Services,Technology,LDOS
2021Q4,2021,Q4,2022-02-15,2021-12-31,176000000.0,3491000000.0,270000000.0,1.24,508000000.0,0.1455170438,13261000000.0,4291000000.0,3619000000.0,3229000000.0,8917000000.0,274000000.0,1880000000.0,12446000000.0,17384000000.0,30.65,1.1207804273768969,0.4271925194178418,1.320205080400839,0.02029910422513552,30.65,0.041016080167793054,3.5651675737611,17.678977272727273,2.900489396411093,0.2840909090909091,10.886861313868613,0.004017354973485457,0.26325314832968855,0.903065964694952,0.013272000603272755,70.31638418079096,0.14551704382698366,-0.13286713286713284,2.196125907990315,0.4525658807212205,0.46650717703349287,-0.06099815157116451,-0.14146341463414633,-0.11475409836065574,-0.010334346504559215,0.39421447460737213,0.3712817412333736,Information Technology Services,Technology,LDOS
2021Q3,2021,Q3,2021-11-02,2021-10-01,205000000.0,3483000000.0,305000000.0,1.43,541000000.0,0.1553258685,13281000000.0,4115000000.0,3569000000.0,3347000000.0,9115000000.0,268000000.0,1758000000.0,13737630000.000002,18865630000.0,29.18439716312057,1.0663280549746041,0.43031398238084484,1.3888213851761846,0.023360459550023936,29.18439716312057,0.04981773997569866,3.9441946597760555,16.753207317073173,3.338427703523694,0.24878048780487805,10.977611940298507,0.0037124307467882012,0.2622543483171448,0.8589781894233642,0.01543558466982908,25.393031423290207,0.15532586850416308,0.21186440677966104,0.7894162575013639,0.48106975260831947,0.04898988519560445,0.08634538152610442,0.21301775147928995,0.13382899628252787,0.49346263328026246,0.4485519520760175,0.27586681286369596,Information Technology Services,Technology,LDOS
2021Q2,2021,Q2,2021-08-03,2021-07-02,169000000.0,3448000000.0,269000000.0,1.18,498000000.0,0.1444315545,13035000000.0,4099000000.0,3263000000.0,3108000000.0,8887000000.0,251000000.0,1605000000.0,14460960000.0,19842960000.0,29.070921985815602,1.0498712998712998,0.4388185654008439,1.3954623078799708,0.019682048620212212,29.070921985815602,0.04122956818736277,4.194013921113689,21.39195266272189,3.527923883874116,0.28402366863905326,11.752988047808765,0.00331928170743851,0.26451860375911007,0.8394465894465895,0.012965093977752206,-3615.24,0.14443155452436196,-0.16901408450704225,1.1340598512368103,0.3859741861592001,0.8880581005022589,0.06638115631691649,-0.17560975609756097,-0.1266233766233766,0.265169424743893,0.4697480853307309,0.29355390569202916,Information Technology Services,Technology,LDOS
2021Q1,2021,Q1,2021-05-04,2021-04-02,205000000.0,3315000000.0,308000000.0,1.42,467000000.0,0.1408748115,12638000000.0,3933000000.0,3257000000.0,2920000000.0,8658000000.0,268000000.0,1484000000.0,13695900000.0,18641900000.0,27.697183098591548,1.1154109589041097,0.4211900617186264,1.3534197813374014,0.024558480221360823,27.697183098591548,0.052123061276379355,4.1314932126696835,16.702317073170732,3.4823035850495807,0.24390243902439024,10.626865671641792,0.0036507275900086885,0.2623041620509574,0.8688356164383562,0.01622092103180883,64.3,0.14087481146304676,0.03649635036496337,1.1212992239149182,0.2811319134318105,0.8096163186012627,-0.048879837067209775,0.04060913705583756,0.030100334448160536,1.151339409003038,0.4524972182666199,0.22703929786823537,Information Technology Services,Technology,LDOS
2020Q4,2020,Q4,2021-02-23,2021-01-01,197000000.0,3252000000.0,299000000.0,1.37,491000000.0,0.1509840098,12511000000.0,3862000000.0,3339000000.0,2907000000.0,8640000000.0,276000000.0,1328000000.0,14927040000.0,19711040000.0,27.197183098591548,1.1486068111455108,0.4242666453520902,1.37441740031072,0.024699035151352505,27.197183098591548,0.05100983946141895,4.590110701107011,18.94294416243655,3.865106162610047,0.2436548223350254,10.003623188405797,0.003215640877226831,0.25993126049076815,0.9153766769865841,0.015746143393813444,-129.80034782608695,0.1509840098400984,0.21238938053097367,-0.21348563823888214,0.2871986014447338,0.8335179617028009,0.049145299145299144,0.2085889570552147,0.15891472868217055,0.8497652582159624,0.38355090799167,0.22669787269611724,Information Technology Services,Technology,LDOS
2020Q3,2020,Q3,2020-11-02,2020-10-02,163000000.0,3242000000.0,258000000.0,1.13,468000000.0,0.1443553362,12285000000.0,3706000000.0,3199000000.0,3398000000.0,8570000000.0,292000000.0,1180000000.0,12835380000.0,17398380000.0,26.098591549295776,0.9414361389052384,0.4131054131054131,1.3694009713977333,0.02106259578687983,26.098591549295776,0.04398273070696168,3.959093152375077,19.68616564417178,3.4634052887209927,0.3006134969325153,9.5,0.0038175729896582724,0.2638990638990639,0.7015891701000588,0.013268213268213268,22.838754448398575,0.1443553362122147,0.06603773584905645,0.6866915780396665,0.26254299993509445,0.9697050225883604,0.22193211488250653,0.06535947712418301,0.441340782122905,1.1277911370663003,0.38646019143225313,0.20430659243866353,Information Technology Services,Technology,LDOS
2020Q2,2020,Q2,2020-08-04,2020-07-03,153000000.0,2914000000.0,179000000.0,1.06,383000000.0,0.1314344544,12143000000.0,3538000000.0,3052000000.0,3429000000.0,8596000000.0,294000000.0,1065000000.0,13296880000.0,18239880000.0,24.91549295774648,0.8900554097404492,0.455488758955777,1.5633126059920859,0.014958628533722306,24.91549295774648,0.04324477105709441,4.5631022649279345,21.726928104575165,3.758304126625212,0.3137254901960784,8.608843537414966,0.003609869382892829,0.2399736473688545,0.6932050160396617,0.012599851766449807,35.36404255319149,0.13143445435827042,0.325,1.125808907499048,0.19175994711306815,0.9791414427807325,-0.030379746835443037,0.33043478260869563,-0.06770833333333333,0.66017533774073,0.20524704039092592,0.16694771607311362,Information Technology Services,Technology,LDOS
2020Q1,2020,Q1,2020-05-05,2020-04-03,115000000.0,2889000000.0,192000000.0,0.8,395000000.0,0.1367255106,10988000000.0,3355000000.0,2868000000.0,4290000000.0,7629000000.0,0.0,961000000.0,12487480000.0,16779480000.0,23.62676056338028,0.6685314685314685,0.43110666181288676,1.4119225037257823,0.01976794155565105,23.62676056338028,0.03427719821162444,4.3224229837313946,27.14669565217391,3.7220506706408347,0.4434782608695652,0.0,0.004084090625170171,0.26292318893338185,0.5216783216783217,0.01046596286858391,38.07158536585366,0.13672551055728627,-0.36507936507936506,58.11971830985916,0.1919664051726086,0.7247535211267605,-0.07494145199063232,-0.36464088397790057,0.03783783783783784,0.6872065727699532,0.18285293154274493,0.1155222173456223,Information Technology Services,Technology,LDOS
2019Q4,2019,Q4,2020-02-18,2020-01-03,181000000.0,2954000000.0,185000000.0,1.26,427000000.0,0.144549763,9367000000.0,3413000000.0,2812000000.0,2333000000.0,5950000000.0,0.0,896000000.0,14126160000.0,16770160000.0,24.035211267605632,1.2053150450064294,0.35358172307035335,0.970407266334603,0.020920580515651543,24.035211267605632,0.05303252270729564,4.7820446851726475,19.511270718232044,4.1389276296513335,0.5359116022099447,0.0,0.006866692717624605,0.3153624426177004,1.0295756536648093,0.01932315575958151,122.83617391304348,0.14454976303317535,0.13513513513513503,2.5788190682556884,0.2990638441427006,0.7580865957266644,0.10909090909090909,0.12422360248447205,-0.2570281124497992,2.2406302220100267,0.2118145767810748,0.15001010849787721,Information Technology Services,Technology,LDOS
2019Q3,2019,Q3,2019-10-29,2019-09-27,161000000.0,2835000000.0,249000000.0,1.11,385000000.0,0.1358024691,9410000000.0,3246000000.0,2924000000.0,2527000000.0,6160000000.0,0.0,764000000.0,12157860000.0,14833860000.0,22.6993006993007,1.1571032845271072,0.3518597236981934,1.0200246457178066,0.027509534019673633,22.6993006993007,0.04959950708564387,4.288486772486772,18.878664596273293,3.7454898336414044,0.0,0.0,0.0,0.3012752391073326,0.9537000395726157,0.017109458023379383,37.06664634146342,0.13580246913580246,0.19354838709677424,1.1897828822657979,0.12332537294252462,0.7210535366273071,0.013157894736842105,0.18382352941176472,0.18571428571428572,0.3856912318450779,0.1886614456207606,-0.18410729193784395,Information Technology Services,Technology,LDOS
2019Q2,2019,Q2,2019-07-30,2019-06-28,136000000.0,2728000000.0,210000000.0,0.93,380000000.0,0.1392961877,9327000000.0,3359000000.0,2914000000.0,2246000000.0,5965000000.0,0.0,652000000.0,11498400000.0,14142400000.0,23.32638888888889,1.2974176313446126,0.3542403773989493,0.9836260791902351,0.023301589139433233,23.32638888888889,0.04048824054778208,4.214956011730205,21.136764705882353,3.42316165525454,0.34558823529411764,0.0,0.0040875252209003,0.29248418569743756,1.113980409617097,0.014581323040634716,67.63764705882353,0.13929618768328444,-0.27906976744186046,0.8633633633633632,0.10019446654291508,0.8529122838834483,0.06741573033707865,-0.2804232804232804,-0.26573426573426573,0.6815718157181571,0.07371463077984812,0.5149700968762357,Information Technology Services,Technology,LDOS
2019Q1,2019,Q1,2019-04-30,2019-03-29,189000000.0,2577000000.0,286000000.0,1.29,356000000.0,0.13814513,9360000000.0,3294000000.0,2860000000.0,2322000000.0,6063000000.0,0.0,562000000.0,9293050000.0,12094050000.0,22.717241379310344,1.231696813092162,0.356517094017094,1.0130540376442017,0.03167988859819394,22.717241379310344,0.05737704918032787,3.606150562669771,12.292394179894181,2.821205221615058,0.2857142857142857,0.0,0.005810794088055052,0.27532051282051284,1.0465116279069768,0.020192307692307693,36.01957364341085,0.13814512999611953,0.03200000000000003,94.15172413793103,0.041240936514086446,0.6583586206896552,-0.03523035230352303,0.005319148936170213,0.5212765957446809,0.915270935960591,-0.02468460891505454,0.484248075599224,Information Technology Services,Technology,LDOS
2018Q4,2018,Q4,2019-02-19,2018-12-28,188000000.0,2647000000.0,188000000.0,1.25,369000000.0,0.1394030978,8770000000.0,3308000000.0,2839000000.0,2059000000.0,5459000000.0,0.0,372000000.0,7755200000.0,10552200000.0,22.35135135135135,1.3788246721709567,0.35621436716077537,0.9443772672309553,0.03663349917081261,22.35135135135135,0.056831922611850064,2.929807329051757,10.312765957446809,2.3443772672309553,0.25,0.0,0.006060449762739839,0.301824401368301,1.0704225352112675,0.021436716077537058,92.32380952380953,0.1394030978466188,0.30208333333333337,12.855855855855856,0.05799390940236019,0.1771244598830806,-0.0798004987531172,0.2789115646258503,-0.07389162561576355,-0.2798467759097681,0.005253497056775775,0.5068326753720012,Information Technology Services,Technology,LDOS
2018Q3,2018,Q3,2018-10-26,2018-09-28,147000000.0,2575000000.0,203000000.0,0.96,401000000.0,0.1557281553,8908000000.0,3454000000.0,2881000000.0,2093000000.0,5451000000.0,456000000.0,231000000.0,10443160000.0,12969160000.0,22.874172185430464,1.376493072145246,0.34137853614728336,0.8804284887087435,0.027026219263686996,22.874172185430464,0.04255935147654893,4.055596116504854,17.76047619047619,3.0234973943254198,0.32653061224489793,4.767543859649122,0.004596309929178525,0.28906600808262234,1.1118012422360248,0.01650202065559048,30.182543352601154,0.15572815533980583,0.02127659574468087,1.1640996243720678,-0.033751508574789924,0.7343122353707523,0.0636604774535809,0.020833333333333332,0.020100502512562814,0.4304635761589403,-0.056978057191686776,0.7263526177683369,Information Technology Services,Technology,LDOS
2018Q2,2018,Q2,2018-07-27,2018-06-29,144000000.0,2529000000.0,199000000.0,0.94,377000000.0,0.149070779,8770000000.0,3416000000.0,2639000000.0,2015000000.0,5352000000.0,458000000.0,133000000.0,8968000000.0,11726000000.0,22.473684210526315,1.3096774193548386,0.3490307867730901,0.8960772833723654,0.026999967250083044,22.473684210526315,0.04215456674473068,3.546065638592329,15.569444444444445,2.6252927400468384,0.3541666666666667,4.698689956331878,0.005686886708296164,0.288369441277081,1.0332506203473946,0.016419612314709234,34.75968992248062,0.1490707789640174,0.4242424242424241,0.9715504978662872,-0.02944078947368416,0.2316538677654991,0.056022408963585436,0.4117647058823529,0.25157232704402516,0.8691322901849216,-0.03374262027383497,0.7851783975717314,Information Technology Services,Technology,LDOS
2018Q1,2018,Q1,2018-05-04,2018-03-30,102000000.0,2443000000.0,159000000.0,0.66,357000000.0,0.1461318052,8913000000.0,3431000000.0,2635000000.0,2103000000.0,5479000000.0,506000000.0,37000000.0,9940800000.0,12813800000.0,22.57236842105263,1.2529719448407037,0.3464602266352519,0.900029146021568,0.019902439024390248,22.57236842105263,0.02972894199941708,4.069095374539501,24.364705882352943,2.8973477120373072,0.5098039215686274,4.122529644268774,0.005230967326573314,0.2740940199708291,1.0123632905373277,0.01144395826321104,1420.1142857142856,0.14613180515759314,-0.10810810810810806,47.98684210526316,-0.05836043761088131,0.647782894736842,0.25263157894736843,-0.10526315789473684,0.1357142857142857,47.98684210526316,-0.05836043761088131,0.647782894736842,Information Technology Services,Technology,LDOS
2017Q4,2017,Q4,2018-02-23,2017-12-29,114000000.0,2516000000.0,140000000.0,0.74,285000000.0,0.1132750397,8990000000.0,3370000000.0,2674000000.0,2202000000.0,5607000000.0,76000000.0,-7000000.0,9814639999.999998,12568639999.999998,22.17105263157895,1.2143505903723888,0.3497219132369299,0.9329376854599406,0.07106982093280263,22.17105263157895,0.03382789317507418,3.900890302066772,21.52333333333333,2.912356083086053,0.42105263157894735,29.355263157894736,0.004890653146727745,0.2798665183537264,1.0267938237965486,0.01268075639599555,78.51711999999999,0.11327503974562798,0.39622641509433953,-0.6633064516129032,-0.490171620493506,-0.29286367657110685,-0.09235668789808917,0.3902439024390244,-0.0728476821192053,1.1057692307692308,0.03365449552023784,0.6217303027106845,Information Technology Services,Technology,LDOS
2017Q3,2017,Q3,2017-11-03,2017-09-29,82000000.0,2503000000.0,151000000.0,0.53,314000000.0,0.1254494606,8923000000.0,3294000000.0,2571000000.0,2021000000.0,5616000000.0,487000000.0,-72000000.0,9001440000.0,11821440000.0,21.67105263157895,1.272142503711034,0.3482012775972207,0.9432301153612629,0.016065647070231483,21.67105263157895,0.024893746205221615,3.596260487415102,27.44341463414634,2.7326775956284153,0.5853658536585366,4.494866529774128,0.005332480136511491,0.2805110388882663,1.0311726867887185,0.00918973439426202,35.43874015748032,0.12544946064722334,-0.17187499999999997,-0.5978031015037594,-0.5209047771868697,-0.2629193911458891,-0.07100591715976332,-0.16326530612244897,-0.09036144578313253,1.090936338568517,-0.06694809381800604,0.643092105263158,Information Technology Services,Technology,LDOS
2017Q2,2017,Q2,2017-08-04,2017-06-30,98000000.0,2571000000.0,166000000.0,0.64,338000000.0,0.1314663555,8882000000.0,3224000000.0,2434000000.0,1910000000.0,5641000000.0,340000000.0,-105000000.0,7805190000.0,10774190000.0,21.350993377483444,1.27434554973822,0.3637694213015087,1.0021712158808933,0.01866827323062799,21.350993377483444,0.030397022332506202,3.03585764294049,19.911198979591838,2.4209646401985108,0.5306122448979592,6.567647058823529,0.00666223371884605,0.2894618329205134,1.0963350785340313,0.01103355100202657,48.47944099378882,0.13146635550369506,0.36170212765957455,-0.5088199879590608,-0.5022979992931023,-0.24651538843768686,0.09032258064516129,0.3611111111111111,0.1773049645390071,0.280472525505638,-0.011190314371967408,0.6959983858066284,Information Technology Services,Technology,LDOS
2017Q1,2017,Q1,2017-05-05,2017-03-31,72000000.0,2580000000.0,141000000.0,0.47,310000000.0,0.1201550388,9140000000.0,3177000000.0,2395000000.0,1983000000.0,5952000000.0,348000000.0,-154000000.0,7671000000.0,10737000000.0,21.18,1.2077660110943016,0.35798687089715536,1.029902423670129,0.01498078944194621,21.18,0.0226628895184136,2.9732558139534886,26.635416666666668,2.4145420207743156,0.6944444444444444,6.522988505747127,0.006518055012384304,0.28227571115973743,1.0322743318204741,0.00787746170678337,-80.74736842105263,0.12015503875968993,0.205128205128205,-0.6615384615384615,-0.4899352983465133,-0.22888349514563103,0.003236245954692557,0.22033898305084745,-0.07236842105263158,34.04,0.007704654895665995,0.5461400000000001,Information Technology Services,Technology,LDOS
2016Q4,2016,Q4,2017-02-24,2016-12-30,59000000.0,2575000000.0,152000000.0,0.39,309000000.0,0.12,9132000000.0,3135000000.0,2381000000.0,2016000000.0,5985000000.0,67000000.0,-177000000.0,7671000000.0,10619000000.0,20.9,1.1810515873015872,0.3639947437582129,1.060287081339713,0.013370865587614356,20.9,0.018819776714513556,2.979029126213592,32.5042372881356,2.4468899521531102,0.8135593220338984,33.82089552238806,0.006257332811888933,0.2819754708716601,1.0099206349206349,0.0064607971966710465,50.13725490196079,0.12,-0.5125,1.2028125,-0.43168138041733545,-0.20942228335625868,0.29831932773109243,-0.3516483516483517,-0.006535947712418301,4.67111111111111,0.015492957746478924,0.10068965517241377,Information Technology Services,Technology,LDOS
2016Q3,2016,Q3,2016-11-04,2016-09-30,91000000.0,1868000000.0,153000000.0,0.8,238000000.0,0.1274089936,9579000000.0,3116000000.0,2556000000.0,1980000000.0,6449000000.0,430000000.0,-188000000.0,4847360000.0,7868360000.0,27.821428571428573,1.290909090909091,0.3622507568639733,1.113607188703466,0.028496811418159733,27.821428571428573,0.02920410783055199,2.594946466809422,13.316923076923077,1.555635430038511,11.43956043956044,3.7906976744186047,0.2147560734090309,0.19500991752792568,1.0737373737373737,0.009499947802484601,22.75755868544601,0.12740899357601712,0.45454545454545453,1.7425347222222223,-0.5119841693347563,-0.016202708512467724,0.6190476190476191,1.2195121951219512,1.04,1.1369589977220957,-0.054966090570991145,1.109411592505855,Information Technology Services,Technology,LDOS
2016Q2,2016,Q2,2016-07-29,2016-07-01,41000000.0,1288000000.0,75000000.0,0.55,147000000.0,0.1141304348,3401000000.0,1124000000.0,1817000000.0,990000000.0,2277000000.0,223000000.0,-230000000.0,3554370000.0,3977370000.0,15.397260273972602,1.8353535353535353,0.32137606586298145,0.9724199288256228,0.02311682453766351,15.397260273972602,0.036476868327402136,2.759604037267081,21.672987804878048,3.1622508896797155,0.5609756097560976,5.116591928251121,0.006470907643267302,0.37871214348720966,1.61010101010101,0.012055277859453102,48.69,0.11413043478260869,-0.16666666666666663,-0.5762597847358122,-0.42569179137556196,-0.46303405152675,-0.06962025316455696,-0.16326530612244897,-0.15730337078651685,0.1688263606071826,0.029223744292237442,-0.1561643835616439,Information Technology Services,Technology,LDOS
2016Q1,2016,Q1,2016-04-28,2016-04-01,49000000.0,1312000000.0,89000000.0,0.66,158000000.0,0.1204268293,3391000000.0,1102000000.0,1803000000.0,1005000000.0,2289000000.0,225000000.0,-251000000.0,3700080000.0,4182080000.0,15.305555555555555,1.7940298507462686,0.32173400176938954,0.9900181488203267,0.02549487296409321,15.305555555555555,0.04446460980036298,2.8201829268292684,18.877959183673468,3.3576043557168784,0.46938775510204084,5.128888888888889,0.0062160818144472545,0.38690651725154823,1.4756218905472638,0.014450014744913005,-168.18545454545455,0.12042682926829268,-0.616279069767442,-0.5493267599660729,-0.4119130291005291,-0.44561296682904195,0.006369426751592357,-0.6141732283464567,-0.5240641711229946,48.68055555555556,0.06759407883003374,0.11730555555555557,Information Technology Services,Technology,LDOS
2015Q4,2015,Q4,2015-12-31,2015-12-31,127000000.0,1281000000.0,187000000.0,1.72,157000000.0,0.1225604996,3377000000.0,1068000000.0,1793000000.0,1040000000.0,2309000000.0,216000000.0,-277000000.0,4050720000.0,4482720000.0,14.833333333333334,1.7240384615384616,0.32217944921527986,1.0187265917602997,0.06367228972513862,14.833333333333334,0.11891385767790262,3.162154566744731,7.973858267716535,3.792808988764045,0.36220472440944884,5.203703703703703,0.011356005845874314,0.3793307669529168,1.5163461538461538,0.03760734379626888,202.536,0.12256049960967993,1.5671641791044773,0.1592224326599326,-0.44260488142530396,-0.48342365850394753,-0.042682926829268296,1.5918367346938775,0.9893617021276596,-0.20814665471923532,-0.45200879134390753,-0.5268971224853577,Information Technology Services,Technology,LDOS
2015Q3,2015,Q3,2015-10-30,2015-10-02,49000000.0,1302000000.0,94000000.0,0.67,164000000.0,0.1259600614,3302000000.0,954000000.0,1729000000.0,1042000000.0,2348000000.0,250000000.0,-380000000.0,3033360000.0,3543360000.0,13.25,1.6593090211132437,0.3467595396729255,1.20020964360587,0.027429728442115296,13.25,0.051362683438155136,2.329769585253456,15.476326530612246,3.179622641509434,0.46938775510204084,4.552,0.007582350924387477,0.3943064809206541,1.4193857965451055,0.014839491217443974,11.577709923664122,0.1259600614439324,0.3400000000000001,-0.6448845284237725,-0.4343049262228419,-0.521453722334004,0.1388888888888889,0.32432432432432434,-0.010526315789473684,-0.49262152777777773,-0.4738821138211383,-0.5493380855397149,Information Technology Services,Technology,LDOS
2015Q2,2015,Q2,2015-08-05,2015-07-03,37000000.0,1257000000.0,95000000.0,0.5,144000000.0,0.1145584726,3211000000.0,919000000.0,1692000000.0,996000000.0,2292000000.0,299000000.0,-406000000.0,2949929999.9999995,3713929999.9999995,12.58904109589041,1.6987951807228916,0.3516038617253192,1.2285092491838956,0.03300593449519231,12.58904109589041,0.04026115342763874,2.3468019093078754,19.931959459459456,3.2099347116430903,0.6486486486486487,3.722408026755853,0.00813578627289461,0.3914668327623793,1.2991967871485943,0.011522890065400186,20.205,0.11455847255369929,36.59398496240602,-0.7566318764948902,-0.4407156725272355,-0.4989230353280462,-0.058823529411764705,36.0,0.23376623376623376,-0.6164072229140722,-0.49666552832076344,-0.5557279901513876,Information Technology Services,Technology,LDOS
2015Q1,2015,Q1,2015-05-12,2015-04-03,1000000.0,1246000000.0,77000000.0,0.0133,153000000.0,0.1227929374,3309000000.0,1000000000.0,1651000000.0,987000000.0,2309000000.0,297000000.0,-419000000.0,3077679999.9999995,3858679999.9999995,13.698630136986301,1.6727456940222898,0.3499546690843155,1.158,0.0015513559253737348,13.698630136986301,0.001,2.4700481540930976,769.42,3.07768,24.0,3.68013468013468,0.007798081671908711,0.376548806285887,1.3718338399189463,0.0003022061045633122,-68.39288888888888,0.12279293739967898,-0.9620000000000001,-0.9897260273972602,-0.4040330603811127,-0.418366587254318,0.006578947368421052,-0.9615384615384616,-0.09411764705882353,-0.9903407095187917,-0.49383512403612256,-0.501263465886421,Information Technology Services,Technology,LDOS
2014Q4,2014,Q4,2015-03-25,2015-01-30,26000000.0,1169000000.0,85000000.0,0.35,152000000.0,0.130025663,3281000000.0,998000000.0,1618000000.0,951000000.0,2283000000.0,70000000.0,-424000000.0,3022200000.0,3776200000.0,13.67123287671233,1.70136698212408,0.3648277964035355,1.1993987975951903,0.041367175801138065,13.67123287671233,0.026052104208416832,2.5852865697177076,29.059615384615384,3.0282565130260517,0.8846153846153846,14.528571428571428,0.0076103500761035,0.35629381286193235,1.4079915878023133,0.007924413288631514,30.527272727272727,0.1300256629597947,1.0590219224283304,-0.728533244236552,-0.44044567775797894,-0.44055954509306816,-0.18716577540106952,1.0592255125284737,-0.15,1.1836472602739727,-0.4698514699091889,-0.4828625803169339,Information Technology Services,Technology,LDOS
2014Q3,2014,Q3,2014-12-03,2014-10-31,-439000000.0,1306000000.0,100000000.0,-5.93,187000000.0,0.1431852986,3398000000.0,976000000.0,1675000000.0,1001000000.0,2422000000.0,228000000.0,-453000000.0,2706180000.0,3517180000.0,13.18918918918919,1.6733266733266734,0.3616833431430253,1.2592213114754098,0.04630069081896324,13.18918918918919,-0.44979508196721313,2.072113323124043,-1.5411047835990888,2.7727254098360654,-0.05466970387243736,4.907894736842105,0.008868589672527327,0.38434373160682755,1.4375624375624376,-0.12919364331959976,15.463885714285714,0.14318529862174578,-13.617021276595745,-5.218618618618619,-0.3872440252187087,-0.44442204380773925,0.08092485549132948,-12.864864864864865,0.12359550561797752,-4.421584084084085,-0.48359966156124107,-0.5336153005972438,Information Technology Services,Technology,LDOS
2014Q2,2014,Q2,2014-06-04,2014-05-02,37000000.0,1320000000.0,89000000.0,0.47,173000000.0,0.1310606061,3969000000.0,1405000000.0,1571000000.0,1004000000.0,2564000000.0,280000000.0,0.0,2847459999.9999995,3997459999.9999995,18.246753246753247,1.5647410358565736,0.3358528596623835,0.9487544483985765,0.021059887447401723,18.246753246753247,0.026334519572953737,2.1571666666666665,19.239594594594593,2.0266619217081847,0.6486486486486487,4.0964285714285715,0.008428564404767759,0.3325774754346183,1.2758964143426295,0.009322247417485512,25.652792792792788,0.13106060606060607,0.0,-0.6249604054482103,-0.40134074728472696,-0.18752861238946575,0.0,0.0,0.0,-0.6374652133580705,-0.44199867928681486,-0.3636604831404666,Information Technology Services,Technology,LDOS
2013Q4,2013,Q4,2014-03-27,2014-01-31,-9000000.0,1420000000.0,87000000.0,-0.11,196000000.0,0.138028169,4162000000.0,1595000000.0,1794000000.0,1009000000.0,2567000000.0,59000000.0,25000000.0,3808560000.0000005,4711560000.0,18.988095238095237,1.777998017839445,0.32027871215761655,0.8357366771159874,0.012734192037470728,18.988095238095237,-0.005642633228840125,2.6820845070422537,-105.79333333333335,2.3878119122257058,-3.111111111111111,20.74576271186441,0.007351860020585207,0.34118212397885633,1.5044598612487612,-0.002162421912542047,40.0901052631579,0.13802816901408452,-1.2291666666666667,-1.0875000000000001,-0.34207042626423084,-0.10708573256557906,-0.23735408560311283,-1.2142857142857142,-0.4041095890410959,-1.0704139610389611,-0.4703907203907204,-0.33873253235457174,Information Technology Services,Technology,LDOS
2013Q3,2013,Q3,2013-09-05,2013-08-02,42000000.0,2474000000.0,146000000.0,0.48,257000000.0,0.1038803557,5521000000.0,2345000000.0,2826000000.0,1669000000.0,3176000000.0,350000000.0,182000000.0,3255420000.0,4128420000.0,27.833827893175073,1.6932294787297784,0.24180402101068646,0.5692963752665245,0.02815568022440393,27.833827893175073,0.01791044776119403,1.3158528698464025,19.3775,1.3882388059701494,9.119047619047619,6.3342857142857145,0.11764994992965577,0.4481072269516392,1.474535650089874,0.007607317514942945,15.957941176470587,0.10388035569927244,-0.4782608695652174,-0.5928783382789318,0.09379268186775569,0.3924018037422957,-0.2188449848024316,-0.48148148148148145,0.028169014084507043,-0.739873024635981,-0.08138465723331267,0.0052660174698038985,Information Technology Services,Technology,LDOS
2013Q2,2013,Q2,2013-06-04,2013-05-03,81000000.0,2707000000.0,142000000.0,0.92,329000000.0,0.1215367566,5790000000.0,2304000000.0,3019000000.0,2017000000.0,3486000000.0,393000000.0,182000000.0,3092040000.0,3827040000.0,27.428571428571427,1.4967773921665841,0.2241796200345423,0.5633680555555556,0.02514351169735099,27.428571428571427,0.03515625,1.1422386405615073,9.543333333333333,1.3420312500000002,0.5061728395061729,6.0508905852417305,0.013259854335648956,0.46753022452504317,1.3019335647000496,0.013989637305699482,15.157058823529411,0.12153675655707426,0.0,-0.13302752293577982,0.23607305936073045,0.48344370860927155,0.0,0.0,0.0,-0.5369897959183674,0.04671681664791892,0.09172932330827055,Information Technology Services,Technology,LDOS
2012Q4,2012,Q4,2013-03-27,2013-01-31,186000000.0,2711000000.0,194000000.0,2.16,331000000.0,0.1220951678,5875000000.0,2618000000.0,3079000000.0,1793000000.0,3257000000.0,192000000.0,510000000.0,2494980000.0,3056980000.0,31.353293413173652,1.71723368655884,0.22093617021276596,0.4957983193277311,0.07198831716036773,31.353293413173652,0.07104660045836517,0.9203172261158244,3.353467741935484,0.9530099312452254,0.22043010752688172,12.395833333333334,0.016432997458897466,0.4614468085106383,1.464026770775237,0.03165957446808511,12.412835820895522,0.12209516783474733,0.6363636363636364,1.2612955906369079,0.3962088659651173,0.6575518085344305,-0.08310249307479224,0.6607142857142857,0.0051813471502590676,0.6978238644661894,0.13447164560182664,0.28300796922087723,Information Technology Services,Technology,LDOS
2012Q3,2012,Q3,2012-12-06,2012-10-31,112000000.0,2870000000.0,193000000.0,1.32,361000000.0,0.1257839721,5866000000.0,2455000000.0,3062000000.0,1966000000.0,3411000000.0,554000000.0,367000000.0,2266190000.0,3034190000.0,29.40119760479042,1.5574771108850458,0.2214456188203205,0.5291242362525458,0.03253177777978442,29.40119760479042,0.04562118126272913,0.7896132404181184,5.058459821428571,0.9230916496945011,0.36607142857142855,4.528880866425993,0.01809203994369404,0.4892601431980907,1.2583926754832147,0.01909307875894988,7.814448275862069,0.12578397212543554,0.03125000000000003,0.2838323353293413,0.46059677684799555,0.6498159459974523,0.04941860465116279,0.01818181818181818,0.010471204188481676,-0.04617431803060552,0.1933601152126129,0.2384883589556298,Information Technology Services,Technology,LDOS
2012Q2,2012,Q2,2012-08-31,2012-07-31,110000000.0,2848000000.0,191000000.0,1.28,344000000.0,0.1207865169,5580000000.0,2359000000.0,3178000000.0,1781000000.0,3221000000.0,430000000.0,296000000.0,2378452500.0,2922452500.0,28.336336336336338,1.7843907916900619,0.23297491039426524,0.5510809665112336,0.033190786199836654,28.336336336336338,0.04662992793556592,0.8351307935393258,5.405573863636364,1.008246078846969,0.38181818181818183,5.823255813953488,0.01765854058468689,0.5103942652329749,1.5429533969679956,0.01971326164874552,13.591157142857142,0.12078651685393259,-0.08571428571428563,0.35135135135135137,0.558858588561559,0.6690250459883968,0.029940119760479042,-0.05982905982905983,-0.08173076923076923,0.03127517761664101,0.19468176798114964,0.26172926172926186,Information Technology Services,Technology,LDOS
2012Q1,2012,Q1,2012-06-01,2012-04-30,117000000.0,2782000000.0,208000000.0,1.4,334000000.0,0.1200575126,6220000000.0,2266000000.0,3791000000.0,2510000000.0,3954000000.0,453000000.0,229000000.0,2476650000.0,3160650000.0,27.466666666666665,1.5103585657370517,0.29758842443729905,0.8168578993821712,0.03230109462166069,27.466666666666665,0.05163283318623124,0.8902408339324227,5.29198717948718,1.0929611650485438,0.3504273504273504,5.403973509933775,0.01655462015222175,0.4472668810289389,1.3298804780876494,0.018810289389067526,-6.711788617886179,0.12005751258087707,1.7216494845360824,0.7904545454545454,0.6469257370611334,0.7230641821946169,84.5,1.73125,2.873873873873874,0.19811912225705333,0.2475193612226454,0.32859493254359984,Information Technology Services,Technology,LDOS
2011Q4,2011,Q4,2012-03-27,2012-01-31,-160000000.0,2492000000.0,-111000000.0,-1.94,-4000000.0,-0.0016051364,6667000000.0,2181000000.0,4205000000.0,3025000000.0,4486000000.0,168000000.0,164000000.0,2619375000.0,2879375000.0,26.436363636363637,1.3900826446280992,0.2777861106944653,0.8491517652453003,-0.032379924446842956,26.436363636363637,-0.07336084364970197,1.0511135634028892,-4.0927734375,1.2009972489683631,0.0,14.857142857142858,0.0,0.37378131093445327,1.2449586776859505,-0.023998800059997,20.625,-0.0016051364365971107,-0.7798165137614677,-3.331890331890332,0.42096512399260433,0.7383285984848487,-1.0126582278481013,-0.7777777777777778,-6.4,-2.583838383838384,0.17561316099838747,0.24316873146047815,Information Technology Services,Technology,LDOS
2011Q3,2011,Q3,2011-12-08,2011-10-31,-90000000.0,2811000000.0,-15000000.0,-1.09,316000000.0,0.1124155105,6463000000.0,2326000000.0,3991000000.0,2698000000.0,4137000000.0,309000000.0,326000000.0,2524252500.0,2913252500.0,28.279635258358663,1.4792438843587843,0.2865542317809067,0.7962166809974205,-0.0070243719691135765,28.279635258358663,-0.03869303525365434,0.8979909284951975,-7.0118125000000004,1.0852332330180567,0.0,8.074433656957929,0.0,0.4349373356026613,1.3647146034099333,-0.0139254216308216,7.050984636871508,0.11241551049448595,-1.8257575757575757,-1.937907077724707,0.3402467369926694,0.649645390070922,-0.0650887573964497,-1.8035714285714286,-1.0717703349282297,-1.8936170212765957,0.2730051675198331,0.4147035504436698,Information Technology Services,Technology,LDOS
2011Q2,2011,Q2,2011-09-02,2011-07-31,112000000.0,2596000000.0,209000000.0,1.32,338000000.0,0.1302003082,6113000000.0,2423000000.0,3767000000.0,2248000000.0,3690000000.0,307000000.0,437000000.0,3252405000.0,3768405000.0,28.674556213017752,1.675711743772242,0.30296090299362016,0.7643417251341312,0.03008547008547009,28.674556213017752,0.04622368964094098,1.252852465331279,7.259832589285714,1.3423049938093274,0.0,7.355048859934853,0.0,0.4246687387534762,1.5391459074733096,0.018321609684279403,154.87642857142856,0.13020030816640987,-0.08333333333333326,0.06485896478428221,0.27494317271340646,-0.08279106044560536,0.021148036253776436,-0.1450381679389313,-0.09130434782608696,0.19168340480972812,0.17837399691983452,0.5508314066643156,Information Technology Services,Technology,LDOS
2011Q1,2011,Q1,2011-06-03,2011-04-30,131000000.0,2688000000.0,230000000.0,1.44,331000000.0,0.123139881,6183000000.0,2395000000.0,3845000000.0,1805000000.0,3788000000.0,360000000.0,369000000.0,3726780000.0,4295780000.0,27.608069164265128,2.1301939058171744,0.2993692382338671,0.7728601252609604,0.03401894593604438,27.608069164265128,0.054697286012526096,1.3864508928571428,7.112175572519083,1.5560668058455116,0.0,6.5472222222222225,0.0,0.43474041727316837,1.9013850415512465,0.021187125990619442,26.81136690647482,0.12313988095238096,-0.05263157894736847,0.19667228535696818,0.33203153805538915,0.0,-0.07541899441340782,-0.007575757575757576,0.045454545454545456,0.5176368876080691,0.3145005796533758,0.5337816202369515,Information Technology Services,Technology,LDOS
2010Q4,2010,Q4,2011-03-25,2011-01-31,132000000.0,2769000000.0,220000000.0,1.52,358000000.0,0.1292885518,6223000000.0,2491000000.0,3849000000.0,1748000000.0,3732000000.0,116000000.0,434000000.0,3548942499.9999995,4033942499.9999995,28.714697406340058,2.2019450800915332,0.29760565643580267,0.7434765154556403,0.034290370003011036,28.714697406340058,0.05299076676033721,1.2816693752257131,6.721482007575757,1.4247059413890002,0.0,20.78448275862069,0.0,0.44496223686324926,1.9805491990846682,0.021211634260003213,23.502930463576156,0.1292885518237631,-0.1739130434782609,-0.14532729518320295,0.3965706489178872,-0.11513312231976663,-0.07731958762886598,-0.23255813953488372,-0.14728682170542637,0.5446685878962537,0.37265318353168364,0.5180573852378622,Information Technology Services,Technology,LDOS
2010Q3,2010,Q3,2010-12-09,2010-10-31,172000000.0,2869000000.0,258000000.0,1.84,388000000.0,0.1352387591,5538000000.0,2485000000.0,3171000000.0,1807000000.0,3053000000.0,324000000.0,410000000.0,3490377500.0,3950377500.0,27.688022284122564,1.7548422800221362,0.19934994582881907,0.4442655935613682,0.045002004770674627,27.688022284122564,0.06921529175050302,1.216583304287208,5.073223110465117,1.4045784708249496,0.0,7.657407407407407,0.0,0.5180570603105814,1.5755395683453237,0.031058143734200072,12.692281818181819,0.13523875914952946,-0.07999999999999996,1.334811094982149,0.3661603928347298,0.0,-0.04433497536945813,-0.08994708994708994,-0.054945054945054944,0.8343016315161162,0.35841043066540257,0.5536829924926396,Information Technology Services,Technology,LDOS
2010Q2,2010,Q2,2010-09-03,2010-07-31,189000000.0,2794000000.0,273000000.0,2.0,406000000.0,0.1453113815,5174000000.0,2280000000.0,2956000000.0,1619000000.0,2894000000.0,320000000.0,241000000.0,3726195000.0,4227195000.0,25.123966942148762,1.8258184064237184,0.2135678391959799,0.48464912280701755,0.050366357039017755,25.123966942148762,0.08289473684210526,1.3336417322834646,4.928829365079365,1.6342960526315788,0.0,7.4625,0.0,0.5400077309625049,1.62816553428042,0.0365287978353305,37.26195,0.14531138153185397,0.5625,0.6731926502447244,0.2776815294367953,-0.1963632530101237,0.21921921921921922,0.512,0.3188405797101449,1.1299774605559731,0.40291301857458484,0.4798148068019559,Information Technology Services,Technology,LDOS
2010Q1,2010,Q1,2010-06-04,2010-04-30,125000000.0,2685000000.0,207000000.0,1.28,333000000.0,0.1240223464,5190000000.0,2208000000.0,2947000000.0,1692000000.0,2982000000.0,306000000.0,156000000.0,4030312500.0,4568312500.0,23.552,1.741725768321513,0.21310211946050098,0.5009057971014492,0.04131103256027819,23.552,0.05661231884057971,1.5010474860335195,8.060625000000002,1.8253226902173914,0.0,7.686274509803922,0.0,0.5173410404624278,1.5608747044917257,0.024084778420038536,35.35361842105263,0.12402234636871508,-0.022900763358778647,0.056603773584905634,0.23119754350051175,0.0,-0.12827225130890052,0.016260162601626018,-0.009569377990430622,0.6833333333333331,0.39876208897485493,0.4774857142857143,Information Technology Services,Technology,LDOS
2009Q4,2009,Q4,2010-04-01,2010-01-31,123000000.0,2683000000.0,209000000.0,1.31,382000000.0,0.1423779351,5295000000.0,2291000000.0,3193000000.0,1706000000.0,3004000000.0,125000000.0,239000000.0,4305937500.0,4550937500.0,24.437333333333335,1.8716295427901524,0.208876298394712,0.4827586206896552,0.039620730949852585,24.437333333333335,0.053688345700567436,1.604896571002609,8.751905487804878,1.8795013094718462,0.0,18.408,0.0,0.5067044381491974,1.7028135990621336,0.02322946175637394,47.84375,0.14237793514722324,-0.03676470588235297,-0.26306493506493506,0.25215714044849097,-0.24694359339745867,-0.012919896640826873,-0.08888888888888889,-0.10300429184549356,0.5775238095238097,0.3462903275888838,0.6068819444444447,Information Technology Services,Technology,LDOS
2009Q3,2009,Q3,2009-12-09,2009-10-31,135000000.0,2765000000.0,233000000.0,1.36,387000000.0,0.1399638336,5408000000.0,2279000000.0,3428000000.0,1846000000.0,3129000000.0,281000000.0,260000000.0,4198079999.9999995,4313080000.0,23.739583333333332,1.856988082340195,0.20451183431952663,0.4853005704256253,0.04282242748912593,23.739583333333332,0.05923650724001755,1.51829294755877,7.774222222222222,1.842071083808688,0.0,8.462633451957295,0.0,0.5112795857988166,1.7047670639219934,0.02496301775147929,18.0951724137931,0.1399638336347197,0.09677419354838718,0.7132482394366196,0.23091907526350458,0.0,0.018421052631578946,0.0975609756097561,0.05429864253393665,0.2053571428571428,0.12949346405228754,0.38480902777777776,Information Technology Services,Technology,LDOS
2009Q2,2009,Q2,2009-09-03,2009-07-31,123000000.0,2749000000.0,221000000.0,1.24,380000000.0,0.1382320844,5104000000.0,2156000000.0,3242000000.0,1653000000.0,2948000000.0,327000000.0,173000000.0,4288320000.0,4443320000.0,22.458333333333332,1.9612825166364187,0.21669278996865204,0.512987012987013,0.04192441009888849,22.458333333333332,0.05705009276437848,1.5599563477628229,8.71609756097561,1.9890166975881263,0.0,7.244648318042813,0.0,0.5385971786833855,1.7634603750756201,0.024098746081504703,46.11096774193548,0.13823208439432522,0.10714285714285703,0.029353762135922272,0.1883554308759613,-0.2816284950392991,0.07344632768361582,0.0603448275862069,0.08333333333333333,0.029353762135922272,0.1883554308759613,-0.2816284950392991,Information Technology Services,Technology,LDOS
2009Q1,2009,Q1,2009-06-04,2009-04-30,116000000.0,2649000000.0,204000000.0,1.12,354000000.0,0.1336353341,5082000000.0,2026000000.0,3260000000.0,1767000000.0,3056000000.0,346000000.0,85000000.0,4379620000.0,4585620000.0,20.6734693877551,1.8449349179400114,0.21723730814639905,0.5449160908193484,0.04034687357371063,20.6734693877551,0.05725567620927937,1.6533106832767082,9.438836206896552,2.1617077986179662,0.0,6.632947976878612,0.0,0.5212514757969303,1.6491228070175439,0.022825659189295553,29.197466666666667,0.13363533408833522,-0.081967213114754,-0.06199460916442047,0.16201199005702585,0.0,-0.0028169014084507044,-0.03333333333333333,-0.019230769230769232,-0.06199460916442047,0.16201199005702585,0.0,Information Technology Services,Technology,LDOS
2008Q4,2008,Q4,2009-03-30,2009-01-31,120000000.0,2518000000.0,208000000.0,1.22,355000000.0,0.1409849087,5048000000.0,2084000000.0,3217000000.0,1683000000.0,2964000000.0,141000000.0,183000000.0,4776520000.0,4956520000.0,21.26530612244898,1.9114676173499703,0.22107765451664024,0.5355086372360844,0.04273480662983425,21.26530612244898,0.05758157389635317,1.8969499602859412,9.951083333333333,2.291996161228407,0.0,15.340425531914894,0.0,0.49881141045958793,1.6785502079619727,0.02377179080824089,36.461984732824426,0.1409849086576648,0.016666666666666684,-0.3122183938510469,0.12418837034054891,-0.34469220534669154,0.002824858757062147,0.0,0.014634146341463415,-0.3122183938510469,0.12418837034054891,-0.34469220534669154,Information Technology Services,Technology,LDOS
2008Q3,2008,Q3,2008-12-10,2008-10-31,120000000.0,2631000000.0,205000000.0,1.2,354000000.0,0.1345496009,5039000000.0,1959000000.0,3125000000.0,1837000000.0,3080000000.0,299000000.0,96000000.0,4468800000.0,4773800000.0,19.989795918367346,1.7011431682090365,0.22167096646159953,0.5701888718734048,0.04519603007338983,19.989795918367346,0.06125574272588055,1.6985176738882555,9.31,2.2811638591117918,0.0,7.615384615384615,0.0,0.5221274062313951,1.5362003266194884,0.023814248858900575,35.46666666666667,0.1345496009122007,0.111111111111111,0.49180799080195453,0.14736176090989753,0.0,0.0028328611898017,0.10091743119266056,0.10215053763440861,0.49180799080195453,0.14736176090989753,0.0,Information Technology Services,Technology,LDOS
2008Q2,2008,Q2,2008-09-04,2008-07-31,109000000.0,2555000000.0,186000000.0,1.08,353000000.0,0.1381604697,4800000000.0,1812000000.0,2873000000.0,1740000000.0,2988000000.0,296000000.0,0.0,4570720000.0,4998720000.0,18.489795918367346,1.6511494252873564,0.23333333333333334,0.6181015452538632,0.037916921484687394,18.489795918367346,0.06015452538631347,1.788931506849315,10.483302752293579,2.5224724061810155,0.0,7.4391891891891895,0.0,0.5322916666666667,1.4810344827586206,0.022708333333333334,20.31431111111111,0.13816046966731899,0.1250000000000001,-0.10642460867842286,0.08195121077518279,-0.40856953527448864,0.11708860759493671,0.09,0.07514450867052024,-0.10642460867842286,0.08195121077518279,-0.40856953527448864,Information Technology Services,Technology,LDOS
2008Q1,2008,Q1,2008-06-04,2008-04-30,100000000.0,2369000000.0,173000000.0,0.96,316000000.0,0.1333896159,4749000000.0,1809000000.0,2878000000.0,1688000000.0,2940000000.0,289000000.0,0.0,4714455000.0,5180455000.0,18.0,1.7049763033175356,0.23752368919772585,0.6235489220563848,0.03603516994131667,18.0,0.055279159756771695,1.9900612072604476,11.786137499999999,2.606111111111111,0.0,7.103806228373703,0.0,0.49884186144451464,1.5337677725118484,0.021057064645188462,4714.455,0.1333896158716758,-0.03030303030303033,-0.21148972120529425,0.01333659237079693,0.0,-0.018633540372670808,0.010101010101010102,0.011695906432748537,-0.21148972120529425,0.01333659237079693,0.0,Information Technology Services,Technology,LDOS
2007Q4,2007,Q4,2008-03-28,2008-01-31,99000000.0,2337000000.0,171000000.0,0.99,322000000.0,0.1377834831,4981000000.0,1901000000.0,3237000000.0,1832000000.0,3080000000.0,99000000.0,88000000.0,4690335000.0,4822335000.0,18.915422885572138,1.7669213973799127,0.2465368399919695,0.6459758022093635,0.03453346587533601,18.915422885572138,0.05207785376117833,2.00698973042362,11.844280303030304,2.4672987901104686,0.0,20.353535353535353,0.0,0.4691828950010038,1.6277292576419213,0.019875527002609916,45.537233009708736,0.13778348309798888,-0.010000000000000009,-0.44669509594882734,0.017424259582210395,-0.41710577855290704,-0.047337278106508875,-0.05714285714285714,-0.08064516129032258,-0.44669509594882734,0.017424259582210395,-0.41710577855290704,Information Technology Services,Technology,LDOS
2007Q3,2007,Q3,2007-12-11,2007-10-31,105000000.0,2365000000.0,186000000.0,1.0,338000000.0,0.1429175476,4830000000.0,1791000000.0,3072000000.0,1785000000.0,3039000000.0,217000000.0,48000000.0,4891335000.0,5118335000.0,17.82089552238806,1.7210084033613446,0.2563146997929607,0.6912339475153545,0.03760279841680238,17.82089552238806,0.05862646566164154,2.0682177589852007,11.646035714285716,2.7310636515912896,0.0,9.341013824884792,0.0,0.489648033126294,1.5994397759103642,0.021739130434782608,66.09912162162162,0.14291754756871036,0.052631578947368474,0.27286104687828444,0.005705169803158077,0.0,0.08333333333333333,0.06060606060606061,0.07514450867052024,0.27286104687828444,0.005705169803158077,0.0,Information Technology Services,Technology,LDOS
2007Q2,2007,Q2,2007-09-07,2007-07-31,99000000.0,2222000000.0,173000000.0,0.95,312000000.0,0.1404140414,4548000000.0,1719000000.0,2943000000.0,1557000000.0,2829000000.0,229000000.0,42000000.0,4189725000.0000005,4287725000.0000005,16.977777777777778,1.8901734104046244,0.27022867194371153,0.7149505526468877,0.03653900309771895,16.977777777777778,0.05759162303664921,1.8855648064806483,10.580113636363638,2.4373036649214663,0.0,8.34061135371179,0.0,0.48856640281442393,1.7430956968529223,0.021767810026385226,16.7589,0.1404140414041404,0.24999999999999992,-0.21445523193096017,-0.08926532684473172,-0.45693424386891723,0.15129151291512916,0.2375,0.2357142857142857,-0.21445523193096017,-0.08926532684473172,-0.45693424386891723,Information Technology Services,Technology,LDOS
2007Q1,2007,Q1,2007-06-07,2007-04-30,80000000.0,2068000000.0,140000000.0,0.76,271000000.0,0.1310444874,4427000000.0,1610000000.0,2797000000.0,1473000000.0,2758000000.0,0.0,0.0,4561160000.0,4849160000.0,15.94059405940594,1.898845892735913,0.27806641066184773,0.7645962732919255,0.029414252542368253,15.94059405940594,0.049689440993788817,2.205589941972921,14.253624999999998,2.8330186335403726,0.0,0.0,0.0,0.46713349898351025,1.7746096401900882,0.01807092839394624,-31.24082191780822,0.13104448742746616,-0.0843373493975903,-0.37231458994956096,-0.11979488634636239,0.0,-0.007326007326007326,-0.047619047619047616,-0.027777777777777776,-0.37231458994956096,-0.11979488634636239,0.0,Information Technology Services,Technology,LDOS
2006Q4,,,,,,,,,,,,,,,,,,4625800000.0,4740800000.0,15.207920792079207,1.7708959711365002,0.26941641070645017,0.7994791666666666,0.03208959919461398,15.207920792079207,0.0546875,2.1545412203074057,13.767261904761904,3.011588541666667,0.0,37.48,0.0,0.4710399297937692,1.656043295249549,0.018429135585783237,31.045637583892617,0.12715416860735912,-0.2589285714285715,-0.5328532853285328,-0.06992042148069137,-0.5313554868133767,-0.025,-0.14285714285714285,0.0,-0.5328532853285328,-0.06992042148069137,-0.5313554868133767,Information Technology Services,Technology,LDOS
