Quarters,Year,Quarter,FillingDate,Date,NetIncome,Revenue,OperatingIncome,EPSDiluted,GrossProfit,GrossProfitRatio,TotalAssets,CommonStockEquity,CurrentAssets,CurrentLiability,TotalLiability,Inventory,RetainedEarnings,MarketCap,EnterpriseValue,bookValuePerShare,currentRatio,debtToAssets,debtToEquity,roic,shareholdersEquityPerShare,roe,priceToSalesRatio,peRatio,pbRatio,payoutRatio,inventoryTurnover,dividendYield,assetTurnover,quickRatio,returnOnAssets,priceToFreeCashFlowsRatio,grossProfitMargin,epsdilutedGrowth,fiveYNetIncomeGrowthPerShare,fiveYRevenueGrowthPerShare,fiveYShareholdersEquityGrowthPerShare,grossProfitGrowth,netIncomeGrowth,operatingIncomeGrowth,threeYNetIncomeGrowthPerShare,threeYRevenueGrowthPerShare,threeYShareholdersEquityGrowthPerShare,Industry,Sector,Symbol
2023Q1,2023,Q1,2023-03-31,2023-03-31,294000000.0,1089000000.0,439000000.0,1.1,732000000.0,0.6721763085,9857000000.0,1386000000.0,2764000000.0,1831000000.0,7624000000.0,144000000.0,-2222000000.0,3170885550.0,5555885550.0,5.1716417910447765,1.5095576187875477,0.3684691082479456,2.6204906204906204,0.07629244901123579,5.1716417910447765,0.21212121212121213,2.9117406336088156,2.69633125,2.287796212121212,0.09523809523809523,2.4791666666666665,0.008830340786030576,0.1104798620269859,1.1234298197706172,0.029826519224916304,18.119346,0.6721763085399449,4.666666666666667,3.212537313432835,0.9902528175449287,-0.5581629083889363,0.9212598425196851,4.585365853658536,12.303030303030303,7.21278741427995,0.8573777153834787,-0.5212082967515365,Utilities—Independent Power Producers,Utilities,TAC
2022Q4,2022,Q4,2022-12-31,2022-12-31,-82000000.0,854000000.0,33000000.0,-0.3,381000000.0,0.4461358314,10741000000.0,1110000000.0,3714000000.0,2888000000.0,8752000000.0,157000000.0,-2514000000.0,3290911805.9999995,5825911806.0,4.095940959409594,1.28601108033241,0.3415883064891537,3.3054054054054056,-0.07866736438165009,4.095940959409594,-0.07387387387387387,3.8535267049180324,-10.033267701219511,2.9647854108108107,-0.3048780487804878,3.0127388535031847,0.007596678815403053,0.079508425658691,0.8376038781163435,-0.007634298482450424,-36.56568673333333,0.446135831381733,-1.857142857142857,0.3544895448954489,0.42252657636294233,-0.6453304280487182,-0.3172043010752688,-1.8541666666666667,-0.8705882352941177,-2.102835502039231,0.4333460575985069,-0.6168268673568195,Utilities—Independent Power Producers,Utilities,TAC
2022Q3,2022,Q3,2022-09-30,2022-09-30,96000000.0,929000000.0,255000000.0,0.35,558000000.0,0.6006458558,10045000000.0,1538000000.0,3216000000.0,2960000000.0,7628000000.0,171000000.0,-2318000000.0,3272212128.5000005,5665212128.5,5.675276752767528,1.0864864864864865,0.31946241911398704,2.086475942782835,0.040928104968551565,5.675276752767528,0.06241872561768531,3.522295079117331,8.521385751302084,2.1275761563719118,0.2604166666666667,2.1695906432748537,0.00764009147886758,0.09248382279741164,0.6175675675675676,0.009556993529118965,-40.902651606250004,0.6006458557588805,2.590909090909091,7.001302365964836,0.6790420965434145,-0.5182788963168147,1.5596330275229358,2.6271186440677967,0.0,0.6376504748654043,0.6301998095866288,-0.44907812589313495,Utilities—Independent Power Producers,Utilities,TAC
2022Q2,2022,Q2,2022-06-30,2022-06-30,-59000000.0,458000000.0,0.0,-0.22,218000000.0,0.4759825328,9586000000.0,1574000000.0,2815000000.0,2516000000.0,7112000000.0,156000000.0,-2363000000.0,3949859688.0000005,6230859688.0,5.808118081180812,1.118839427662957,0.33162945962862506,2.019695044472681,0.0,5.808118081180812,-0.03748411689961881,8.624147790393014,-16.73669359322034,2.5094407166454893,-0.3898305084745763,1.5384615384615385,0.005822991654583554,0.04777800959732944,0.6049284578696343,-0.006154809096599208,-15.191768030769232,0.4759825327510917,-1.2894736842105263,-6.837638376383763,-0.032344677323512754,-0.5187750266455484,-0.5439330543933054,-1.2864077669902914,-1.0,-7.183025830258302,-0.03426462836056933,-0.4230480814776668,Utilities—Independent Power Producers,Utilities,TAC
2022Q1,2022,Q1,2022-03-31,2022-03-31,206000000.0,735000000.0,300000000.0,0.76,478000000.0,0.6503401361,9425000000.0,1695000000.0,2556000000.0,2245000000.0,6785000000.0,154000000.0,-2270000000.0,3509478075.6,5511478075.6,6.254612546125461,1.1385300668151448,0.3419628647214854,1.9014749262536874,0.051925966007817466,6.254612546125461,0.1215339233038348,4.774800102857142,4.2590753344660195,2.0704885401769912,0.11650485436893204,1.6688311688311688,0.006838623716404561,0.0779840848806366,0.7853006681514476,0.021856763925729442,9.803011384357541,0.6503401360544218,6.846153846153846,0.0,0.35139621292406675,-0.4907185713078505,0.5986622073578596,6.885714285714286,149.0,4.332954868010218,0.19285567855678554,-0.3804085590386665,Utilities—Independent Power Producers,Utilities,TAC
2021Q4,2021,Q4,2021-12-31,2021-12-31,-35000000.0,610000000.0,2000000.0,-0.13,299000000.0,0.4901639344,9226000000.0,1582000000.0,2197000000.0,1931000000.0,6633000000.0,167000000.0,-2453000000.0,3840550428.7999997,6160550428.799999,5.837638376383764,1.1377524598653548,0.35410795577715154,2.0651074589127685,0.000442008486562942,5.837638376383764,-0.022123893805309734,6.295984309508197,-27.43250306285714,2.4276551383059415,-0.6,1.8622754491017963,0.0054679662171657935,0.0661174940385866,0.827550491973071,-0.0037936267071320183,-44.144257802298846,0.4901639344262295,0.9226190476190476,-1.4592045920459205,-0.09586376198490018,-0.521150711364704,-0.37184873949579833,0.92152466367713,1.0048899755501222,0.6391360972433254,0.03137124618834614,-0.44486922346700936,Utilities—Independent Power Producers,Utilities,TAC
2021Q3,2021,Q3,2021-09-30,2021-09-30,-446000000.0,850000000.0,-409000000.0,-1.68,476000000.0,0.56,9320000000.0,1629000000.0,2311000000.0,1473000000.0,6667000000.0,186000000.0,-2361000000.0,3606590275.2000003,5616590275.200001,6.011070110701107,1.5689069925322472,0.3315450643776824,1.8968692449355433,-0.08090701059381349,6.011070110701107,-0.2737875997544506,4.2430473825882355,-2.0216313201793725,2.213990346961326,-0.04932735426008968,2.010752688172043,0.006099944357771555,0.09120171673819742,1.0835030549898168,-0.047854077253218885,7.482552438174275,0.56,-41.0,-235.9889298892989,0.4569694084037616,-0.49202224416610363,0.3041095890410959,-222.0,-6.243589743589744,-5.214896096329384,0.518017709688058,-0.454920340672601,Utilities—Independent Power Producers,Utilities,TAC
2021Q2,2021,Q2,2021-06-30,2021-06-30,-2000000.0,619000000.0,78000000.0,-0.04,365000000.0,0.5896607431340872,9366000000.0,2193000000.0,1890000000.0,1067000000.0,6133000000.0,208000000.0,-1880000000.0,3351543480.0,5800543480.0,8.122222222222222,1.7713214620431115,0.3300234892163143,1.409484724122207,0.005650769995032289,8.122222222222222,-0.0009119927040583675,5.414448271405493,-418.942935,1.5282916005471956,-11.0,1.2211538461538463,0.006564139815366502,0.06609011317531496,1.2530459231490159,-0.00021353833013025838,-81.74496292682927,0.5896607431340872,0.6363636363636365,-1.1333333333333333,0.3420054200542007,-0.317021897810219,0.045845272206303724,0.9333333333333333,0.16417910447761194,0.9775438596491228,0.48041853512705535,-0.2902912621359224,Utilities—Independent Power Producers,Utilities,TAC
2021Q1,2021,Q1,2021-03-31,2021-03-31,-30000000.0,642000000.0,67000000.0,-0.11,349000000.0,0.543613707165109,9419000000.0,2340000000.0,1809000000.0,936000000.0,6042000000.0,216000000.0,-1856000000.0,3204499320.0,5762499320.0,8.666666666666666,1.9326923076923077,0.34037583607601657,1.37008547008547,0.0005620993993087022,8.666666666666666,-0.01282051282051282,4.991431962616822,-26.704161,1.369444153846154,-0.7333333333333333,1.3564814814814814,0.006865347064576691,0.06816010192164773,1.2991452991452992,-0.003185051491665782,20.281641265822785,0.543613707165109,0.7993250022803977,-1.4324324324324325,0.20563380281690136,-0.261101243339254,0.6082949308755761,0.7972972972972973,1.5677966101694916,-1.4266666666666665,0.16462585034013613,-0.25956689409670725,Utilities—Independent Power Producers,Utilities,TAC
2020Q4,2020,Q4,2020-12-31,2020-12-31,-148000000.0,544000000.0,-118000000.0,-0.54815,217000000.0,0.39889705882352944,9747000000.0,2352000000.0,1902000000.0,935000000.0,6311000000.0,238000000.0,-1826000000.0,2613000951.0,5271000951.0,8.71111111111111,2.0342245989304812,0.34482404842515646,1.4289965986394557,-0.017178121462369796,8.71111111111111,-0.06292517006802721,4.803310571691177,-4.41385295777027,1.1109697920918367,-0.14189189189189189,1.3739495798319328,0.008036736455056882,0.05581204473171232,1.3754010695187167,-0.015184159228480558,-24.65095236792453,0.39889705882352944,-0.09630000000000005,-2.6713178294573643,-0.024761904761904905,-0.2535554894376674,-0.1717557251908397,-0.1746031746031746,-0.3409090909090909,-0.16938271604938274,-0.09049111807732503,-0.2457005411906194,Utilities—Independent Power Producers,Utilities,TAC
2020Q3,2020,Q3,2020-09-30,2020-09-30,-126000000.0,514000000.0,-88000000.0,-0.5,262000000.0,0.5097276264591439,9230000000.0,2663000000.0,1392000000.0,1237000000.0,5460000000.0,258000000.0,-1645000000.0,2240980788.0,5033980788.0,9.718978102189782,1.1253031527890056,0.33185265438786565,1.1502065339842282,-0.013826996180147062,9.718978102189782,-0.04731505820503192,4.35988480155642,-4.446390452380953,0.8415248922268118,-0.1746031746031746,0.9767441860465116,0.009817130123473418,0.05568797399783315,0.6103476151980598,-0.013651137594799566,17.927846304,0.5097276264591439,-1.272727272727273,-1.7784275789288544,-0.17764214218203758,-0.2090840293323693,-0.08391608391608392,-1.52,-3.6315789473684212,-6.790468012022327,-0.08118575897512281,-0.17504695153826785,Utilities—Independent Power Producers,Utilities,TAC
2020Q2,2020,Q2,2020-07-13,2020-06-30,-50000000.0,437000000.0,-19000000.0,-0.22,286000000.0,0.6544622425629291,9370000000.0,2923000000.0,1321000000.0,1150000000.0,5379000000.0,297000000.0,-1499000000.0,2226375804.0,5082375804.0,10.590579710144928,1.1486956521739131,0.332230522945571,1.0650017105713308,-0.0020683263041341646,10.590579710144928,-0.017105713308244955,5.0946814736842105,-11.131879020000001,0.7616749243927472,-0.44,0.5084175084175084,0.009881530315086012,0.04663820704375667,0.5956521739130435,-0.005336179295624333,51.776181488372096,0.6544622425629291,-3.1999999999999997,0.5788043478260869,0.008561643835616431,-0.06197722567287788,-0.22282608695652173,-2.3513513513513513,-1.1507936507936507,-5.521739130434783,-0.0934393638170974,-0.1225296442687747,Utilities—Independent Power Producers,Utilities,TAC
2020Q1,2020,Q1,2020-04-06,2020-03-31,37000000.0,606000000.0,126000000.0,0.1,368000000.0,0.6072607260726073,9442000000.0,2992000000.0,1366000000.0,1140000000.0,5345000000.0,263000000.0,-1433000000.0,2057414840.8,4898414840.8,10.8014440433213,1.1982456140350877,0.3366871425545435,1.0625,0.019097090656066358,10.8014440433213,0.012366310160427808,3.3950739947194717,13.901451627027026,0.6876386499999999,0.5675675675675675,0.9049429657794676,0.010206983824338708,0.0641813175174751,0.6745614035087719,0.003918661300571912,14.695820291428571,0.6072607260726073,-0.6296296296296297,0.9473684210526316,0.02192242833052287,-0.11190264173345205,0.1393188854489164,-0.5131578947368421,0.3548387096774194,0.0,0.09007782344196959,-0.12049310588732415,Utilities—Independent Power Producers,Utilities,TAC
2019Q4,2019,Q4,2020-01-17,2019-12-31,76000000.0,609000000.0,93000000.0,0.27,323000000.0,0.5303776683087028,9508000000.0,2961000000.0,1341000000.0,1117000000.0,5446000000.0,251000000.0,-1455000000.0,2590334919.2000003,5391334919.200001,10.689530685920577,1.2005371530886302,0.33782078249894826,1.0847686592367443,0.01081815471350355,10.689530685920577,0.025667004390408647,4.253423512643678,8.52083855,0.8748176018912531,0.27631578947368424,1.1394422310756973,0.008107059764490086,0.06405132519983173,0.7815577439570277,0.007993268826251577,0.0,0.5303776683087028,0.5000000000000001,-0.5279503105590062,-0.1518105849582172,-0.09835566382460419,-0.03869047619047619,0.2459016393442623,-0.4,-0.024468511833132724,-0.11689802576922495,-0.12316011462685095,Utilities—Independent Power Producers,Utilities,TAC
2019Q3,2019,Q3,2019-10-02,2019-09-30,61000000.0,593000000.0,155000000.0,0.18,336000000.0,0.5666104553119731,9261000000.0,2905000000.0,1487000000.0,735000000.0,5255000000.0,244000000.0,-1520000000.0,2421851250.0,5090851250.0,10.301418439716311,2.0231292517006803,0.32339920095022134,1.0309810671256454,0.023180788787762256,10.301418439716311,0.02099827882960413,4.0840661888701515,9.92561987704918,0.8336837349397591,0.5081967213114754,1.0532786885245902,0.012800125523811589,0.06403196199114566,1.0585034013605443,0.0065867616888025055,10.622154605263157,0.5666104553119731,4.111999999999999,18.68439716312057,-0.10160490127526398,-0.0830494835205239,0.05,5.1,2.0392156862745097,32.14893617021277,-0.023198352779684298,-0.12945759664369205,Utilities—Independent Power Producers,Utilities,TAC
2019Q2,2019,Q2,2019-08-09,2019-06-30,10000000.0,497000000.0,51000000.0,0.035211267605633804,320000000.0,0.6438631790744467,9199000000.0,2859000000.0,1215000000.0,698000000.0,5245000000.0,268000000.0,-1562000000.0,2401881720.0,5240881720.0,10.066901408450704,1.7406876790830945,0.3312316556147407,1.0657572577824415,-0.009324894514767933,10.066901408450704,0.003497726477789437,4.83276,60.047043,0.8401125288562435,2.2,0.6604477611940298,0.00915948517231731,0.05402761169692358,1.0200573065902578,0.0010870746820306554,16.564701517241378,0.6438631790744467,1.1530924678505816,1.23943661971831,-0.030549898167006123,-0.04658872454784417,0.1347517730496454,1.1538461538461537,0.4166666666666667,-0.3661971830985915,0.02439024390243907,-0.15349850930399916,Utilities—Independent Power Producers,Utilities,TAC
2019Q1,2019,Q1,2019-04-01,2019-03-31,-65000000.0,648000000.0,36000000.0,-0.23,282000000.0,0.4351851851851852,9328000000.0,2877000000.0,1261000000.0,774000000.0,5311000000.0,226000000.0,-1558000000.0,2835144004.4999995,6034144004.5,10.094736842105263,1.6291989664082687,0.354631217838765,1.1498088286409454,0.013388706378230954,10.094736842105263,-0.02259297879735836,4.375222229166666,-10.904400017307692,0.9854515135557872,-0.16923076923076924,1.6194690265486726,0.0038798734676406457,0.06946826758147513,1.0852713178294573,-0.006968267581475129,63.00320009999999,0.4351851851851852,0.35734443544105726,-2.061705989110708,-0.20787775891341254,-0.0672214416945856,-0.013986013986013986,0.3627450980392157,2.3846153846153846,-1.8876244665718351,0.15285396590066708,-0.13934748060203792,Utilities—Independent Power Producers,Utilities,TAC
2018Q4,2018,Q4,2019-01-25,2018-12-31,-102000000.0,622000000.0,-26000000.0,-0.35789,286000000.0,0.45980707395498394,9428000000.0,2997000000.0,1312000000.0,873000000.0,5294000000.0,242000000.0,-1496000000.0,1599495240.0000002,4777495240.0,10.51578947368421,1.5028636884306987,0.3465210012728044,1.09009009009009,-0.003255863313169903,10.51578947368421,-0.03403403403403404,2.57153575562701,-3.9203314705882355,0.5336987787787789,-0.21568627450980393,1.3884297520661157,0.013754339150143392,0.0659736953754773,0.9679266895761741,-0.010818837505303353,59.24056444444445,0.45980707395498394,-0.19296666666666668,-0.7127819548872181,-0.003580501509309767,-0.03020248487702407,0.0035087719298245615,-0.34210526315789475,-1.6,-1.3970624235006122,0.05638213180008846,-0.09891479666139472,Utilities—Independent Power Producers,Utilities,TAC
2018Q3,2018,Q3,2018-10-02,2018-09-30,-76000000.0,593000000.0,-10000000.0,-0.3,285000000.0,0.4806070826306914,9421000000.0,3165000000.0,1283000000.0,792000000.0,5137000000.0,264000000.0,-1357000000.0,2061372621.0,5149372621.0,11.02787456445993,1.619949494949495,0.33786222269398153,1.0056872037914693,-0.0011963602079881148,11.02787456445993,-0.02401263823064771,3.476176426644182,-6.780830990131579,0.6513025658767773,-0.40789473684210525,1.1666666666666667,0.015038523207396378,0.06294448572338393,0.9406565656565656,-0.008067084173654602,34.35621035,0.4806070826306914,0.16666666666666666,0.0,-0.11780135457855374,-0.0056221579164944194,0.06741573033707865,0.2,0.16666666666666666,-1.4482599387095418,-0.09422342050476434,-0.10256798360462194,Utilities—Independent Power Producers,Utilities,TAC
2018Q2,2018,Q2,2018-07-05,2018-06-30,-95000000.0,446000000.0,-12000000.0,-0.36,267000000.0,0.5986547085201793,9593000000.0,3296000000.0,1196000000.0,740000000.0,5141000000.0,281000000.0,-1265000000.0,1908748800.0,4932748800.0,11.444444444444445,1.6162162162162161,0.32805170436776815,0.9547936893203883,-0.0017049069086899362,11.444444444444445,-0.028822815533980584,4.279705829596413,-5.023023157894737,0.5791106796116505,-0.11578947368421053,0.6370106761565836,0.005762937480301232,0.04649223392056708,0.9256756756756757,-0.009903054310434692,48.942276923076925,0.5986547085201793,-2.5652173913043477,-4.456944444444444,-0.25140938909389093,0.008897861522356788,-0.1414790996784566,-2.2666666666666666,-1.0576923076923077,0.23307291666666669,-0.01355593607305929,0.013650793650793611,Utilities—Independent Power Producers,Utilities,TAC
2018Q1,2018,Q1,2018-04-09,2018-03-31,75000000.0,588000000.0,208000000.0,0.23,311000000.0,0.5289115646258503,9963000000.0,3371000000.0,1451000000.0,906000000.0,5544000000.0,224000000.0,-1168000000.0,2022743520.0,5104743520.0,11.70486111111111,1.6015452538631347,0.34236675700090335,1.0118659151587066,0.02250751160885004,11.70486111111111,0.022248590922574904,3.44004,6.7424783999999995,0.6000425749035895,0.29333333333333333,1.2366071428571428,0.010876317131892235,0.059018367961457395,1.1037527593818985,0.007527853056308341,5.095071838790932,0.5289115646258503,1.4906666666666666,34.59375000000001,-0.024537037037037183,0.01201547140303846,-0.10115606936416185,1.5555555555555556,5.5,2.7966008771929824,-0.04630410342889261,-0.037623470531974616,Utilities—Independent Power Producers,Utilities,TAC
2017Q4,2017,Q4,2018-02-02,2017-12-31,-135000000.0,638000000.0,32000000.0,-0.46875,346000000.0,0.542319749216301,10304000000.0,3326000000.0,1709000000.0,1608000000.0,5919000000.0,219000000.0,-1209000000.0,2148031872.0,5541031872.0,11.54861111111111,1.0628109452736318,0.35976319875776397,1.1145520144317498,0.047515424592304345,11.54861111111111,-0.04058929645219483,3.366821115987461,-3.9778368,0.6458303884546002,-0.15555555555555556,1.3333333333333333,0.009776391250865015,0.06191770186335404,0.775497512437811,-0.013101708074534162,716.010624,0.542319749216301,-4.0,-3.51953125,-0.13533787191124566,-0.010119047619047602,0.17687074829931973,-6.9411764705882355,0.6,-1.8064829192546583,-0.14535940885174872,-0.025893642576803367,Utilities—Independent Power Producers,Utilities,TAC
2017Q3,2017,Q3,2017-10-03,2017-09-30,-17000000.0,588000000.0,20000000.0,-0.09375,294000000.0,0.5,10361000000.0,3393000000.0,1667000000.0,1561000000.0,5885000000.0,233000000.0,-1056000000.0,2095267824.0,5788267824.0,11.78125,1.0679051889814222,0.3648296496477174,1.1140583554376657,0.0024640204384011105,11.78125,-0.0050103153551429415,3.5633806530612246,-30.81276211764706,0.6175266206896551,-1.2941176470588236,1.261802575107296,0.010499851020477466,0.056751278834089376,0.769378603459321,-0.0016407682656114275,36.75908463157895,0.5,-0.5625000000000001,-1.2158203125,-0.11198884758364312,-0.08167471685542976,-0.08978328173374613,-1.125,-0.16666666666666666,-6.371527777777778,-0.12773865414710495,0.048673377893707286,Utilities—Independent Power Producers,Utilities,TAC
2017Q2,2017,Q2,2017-07-05,2017-06-30,-8000000.0,503000000.0,24000000.0,-0.06,323000000.0,0.6421471172962226,10419000000.0,3476000000.0,1246000000.0,1506000000.0,5819000000.0,247000000.0,-963000000.0,2394796032.0000005,6147796032.0,12.069444444444445,0.8273572377158035,0.36500623860255305,1.0940736478711162,-0.0008792416540733615,12.069444444444445,-0.0023014959723820483,4.761025908548708,-74.837376,0.6889516777905639,-2.625,0.728744939271255,0.008769014028498274,0.04827718591035608,0.47875166002656044,-0.000767828006526538,-59.86990080000001,0.6421471172962226,0.0,0.9920283747717377,-0.025892369642369666,0.12331442758872033,-0.01524390243902439,0.0,-0.6129032258064516,0.8111111111111111,-0.03247341027381767,0.14306716186939034,Utilities—Independent Power Producers,Utilities,TAC
2017Q1,2017,Q1,2017-04-10,2017-03-31,0.0,578000000.0,62000000.0,0.0,328000000.0,0.5674740484429066,11049000000.0,3537000000.0,1692000000.0,1240000000.0,6370000000.0,198000000.0,-933000000.0,2246259600.0,6046259600.0,12.28125,1.364516129032258,0.3895375147072133,1.216850438224484,0.016868596692598735,12.28125,0.0,3.8862622837370244,0.0,0.6350748091603053,0.0,1.2626262626262625,0.00979405942216118,0.05231242646393339,0.9362903225806452,0.0,10.3514267281106,0.5674740484429066,-1.0,-1.0,-0.3116425304878048,-0.15804958866544785,-0.2494279176201373,-1.0,-0.7809187279151943,-1.0,-0.30080645161290315,0.13481776180698146,Utilities—Independent Power Producers,Utilities,TAC
2016Q4,2016,Q4,2017-01-13,2016-12-31,81000000.0,717000000.0,283000000.0,0.28,437000000.0,0.6094839609483961,10996000000.0,3511000000.0,1554000000.0,1217000000.0,6333000000.0,213000000.0,-933000000.0,2134931040.0,6190931040.0,12.190972222222221,1.2769104354971241,0.3965987631866133,1.242096268869268,0.024249071988070133,12.190972222222221,0.02307035032754201,2.977588619246862,6.589293333333334,0.6080692224437483,0.2716049382716049,1.3145539906103287,0.010304782490773098,0.06520552928337578,0.828266228430567,0.007366315023644962,164.22546461538462,0.6094839609483961,8.0,1.260044642857143,-0.20091833095577738,-0.1609150351789538,0.36990595611285265,41.5,5.0212765957446805,2.345982142857143,0.13664111300397516,0.12428787183604786,Utilities—Independent Power Producers,Utilities,TAC
2016Q3,2016,Q3,2016-10-18,2016-09-30,-2000000.0,620000000.0,47000000.0,-0.04,319000000.0,0.5145161290322581,10648000000.0,3408000000.0,1165000000.0,1243000000.0,6111000000.0,213000000.0,-1009000000.0,1685650032.0,5650650032.0,11.833333333333334,0.9372485921158488,0.3871149511645379,1.2095070422535212,0.007281983178397521,11.833333333333334,-0.0005868544600938967,2.7187903741935484,-210.706254,0.4946156197183098,-10.5,1.4131455399061033,0.012458101979260665,0.058226897069872274,0.5277554304102977,-0.00018782870022539445,13.169140875,0.5145161290322581,-3.0,-1.0286779835390947,-0.2367735382441265,-0.13594193407552932,0.0031446540880503146,-1.125,0.14634146341463414,0.0,-0.08083645443196007,0.0670056497175142,Utilities—Independent Power Producers,Utilities,TAC
2016Q2,2016,Q2,2016-06-30,2016-06-30,16000000.0,492000000.0,41000000.0,0.02,318000000.0,0.6463414634146342,10544000000.0,3425000000.0,1078000000.0,1177000000.0,5994000000.0,238000000.0,-985000000.0,1940386752.0,5961386752.0,11.89236111111111,0.9158878504672897,0.39017450682852806,1.2011678832116788,-0.027134348113831898,11.89236111111111,0.004671532846715329,3.943875512195122,30.318543,0.5665362779562043,1.375,0.7310924369747899,0.011337945890077899,0.04666160849772382,0.46304163126593034,0.0015174506828528073,51.062809263157895,0.6463414634146342,-0.9090909090909092,-0.17777777777777787,-0.2635922330097088,-0.13890927375516418,-0.11666666666666667,-0.7837837837837838,-0.616822429906542,-0.41777777777777786,-0.17420049200492008,0.04838445865111402,Utilities—Independent Power Producers,Utilities,TAC
2016Q1,2016,Q1,2016-04-06,2016-03-31,74000000.0,568000000.0,107000000.0,0.22,360000000.0,0.6338028169014085,10554000000.0,3378000000.0,985000000.0,785000000.0,6012000000.0,219000000.0,-980000000.0,1742285808.0000002,5742285808.0,11.729166666666666,1.2547770700636942,0.38184574568883833,1.1930136175251629,0.019307600032530903,11.729166666666666,0.021906453522794554,3.067404591549296,5.886100702702704,0.5157743658969806,0.6216216216216216,0.9497716894977168,0.02640209762874909,0.05381845745688838,0.6203821656050955,0.0070115595982565854,9.367128000000001,0.6338028169014085,2.473444511419195,-0.7269965277777778,-0.46716245585438737,-0.1728953945968943,0.11455108359133127,2.7209302325581395,0.11458333333333333,34.145833333333336,-0.05771604938271608,0.014116957104557657,Utilities—Independent Power Producers,Utilities,TAC
2015Q4,2015,Q4,2016-01-07,2015-12-31,-43000000.0,595000000.0,96000000.0,-0.14931,323000000.0,0.5428571428571428,10947000000.0,3361000000.0,1164000000.0,853000000.0,6557000000.0,219000000.0,-1018000000.0,1414278144.0,5855278144.0,11.67013888888889,1.3645955451348182,0.4106147803051064,1.3373995834573045,0.0007954350864207072,11.67013888888889,-0.012793811365664981,2.376938057142857,-8.22254734883721,0.4207908789050878,-0.9767441860465116,1.2420091324200913,0.029697128657600182,0.05435279071891842,0.7280187573270809,-0.00392801680825797,128.57074036363636,0.5428571428571428,-1.2714727272727273,-1.523754409171076,-0.4370162008494314,-0.18819619312419122,-0.05555555555555555,-1.2590361445783131,47.0,-1.8025173611111112,-0.19361447302067575,0.0002976190476191322,Utilities—Independent Power Producers,Utilities,TAC
2015Q3,2015,Q3,2015-10-01,2015-09-30,166000000.0,641000000.0,2000000.0,0.55,342000000.0,0.5335413416536662,10756000000.0,3453000000.0,958000000.0,732000000.0,6498000000.0,122000000.0,-905000000.0,1729429674.0000002,6142429674.0,12.288256227758007,1.3087431693989071,0.41372257344737823,1.2887344338256588,0.00021683442500239325,12.288256227758007,0.04807413843035042,2.698018212168487,2.604562762048193,0.5008484430929627,0.26506024096385544,2.4508196721311477,0.025441913401562224,0.05959464484938639,0.7254098360655737,0.015433246560059502,26.606610369230772,0.5335413416536662,2.170212765957447,2.420116126615471,-0.2830706659888155,-0.11998165035587187,0.4369747899159664,2.3833333333333333,1.08,1.1599199288256226,-0.007831827382291054,-0.042154577849642424,Utilities—Independent Power Producers,Utilities,TAC
2015Q2,2015,Q2,2015-07-08,2015-06-30,-120000000.0,438000000.0,-25000000.0,-0.47,238000000.0,0.54337899543379,10116000000.0,3150000000.0,915000000.0,799000000.0,6153000000.0,131000000.0,-1008000000.0,2720305102.4999995,6862305102.5,11.290322580645162,1.1451814768460575,0.4164689600632661,1.3374603174603175,-0.005023265159563087,11.290322580645162,-0.0380952380952381,6.210742243150684,-5.6673022968749995,0.8635889214285712,-0.35,1.5267175572519085,0.015439444627516742,0.04329774614472123,0.9136420525657072,-0.011862396204033215,-16.0964798964497,0.54337899543379,-16.666666666666668,-2.8469323213156232,-0.40926726526992574,-0.1688804554079696,-0.33146067415730335,-7.315789473684211,-1.3333333333333333,0.8765683835623886,-0.12440886634435022,0.05080083058895109,Utilities—Independent Power Producers,Utilities,TAC
2015Q1,2015,Q1,2015-04-08,2015-03-31,19000000.0,593000000.0,75000000.0,0.03,356000000.0,0.6003372681281619,10050000000.0,3369000000.0,796000000.0,749000000.0,6090000000.0,102000000.0,-813000000.0,3247792314.0000005,7431792314.0,12.16245487364621,1.0627503337783712,0.4223880597014925,1.2600178094390027,0.011208934539822288,12.16245487364621,0.005639655684179281,5.476884172006746,42.73410939473684,0.9640226518254675,2.210526315789474,2.323529411764706,0.012931861381330923,0.059004975124378106,0.5807743658210948,0.001890547263681592,141.20836147826088,0.6003372681281619,-0.9482758620689654,-0.7757961097041867,-0.35422323000268524,-0.12093147942953132,-0.2088888888888889,-0.8819875776397516,-0.5989304812834224,-0.8392373646209386,-0.265733688474069,-0.16619367868056145,Utilities—Independent Power Producers,Utilities,TAC
2014Q4,2014,Q4,2015-01-08,2014-12-31,161000000.0,718000000.0,187000000.0,0.58,450000000.0,0.6267409470752089,9833000000.0,3284000000.0,854000000.0,1451000000.0,5955000000.0,71000000.0,-770000000.0,2923732396.2000003,6936732396.200001,11.855595667870036,0.5885596140592695,0.41248855893420117,1.2350791717417784,0.029922462191174587,11.855595667870036,0.04902557856272838,4.072050691086352,4.539957136956522,0.8902961011571257,0.2670807453416149,3.7746478873239435,0.014707228355059944,0.07301942438726737,0.3397656788421778,0.01637343638767416,40.60739439166667,0.6267409470752089,20.333333333333332,0.6112507425855689,-0.25601487572805426,-0.11356249530094299,0.2430939226519337,52.666666666666664,1.2530120481927711,3.67057761732852,-0.16802710928688772,-0.18399846274984455,Utilities—Independent Power Producers,Utilities,TAC
2014Q3,2014,Q3,2014-10-08,2014-09-30,3000000.0,639000000.0,83000000.0,-0.03,362000000.0,0.5665101721439749,9568000000.0,3067000000.0,866000000.0,1281000000.0,5894000000.0,86000000.0,-869000000.0,3176425980.0,7091425980.0,11.234432234432234,0.6760343481654957,0.43478260869565216,1.3563743071405283,0.004793616803870434,11.234432234432234,0.00097815454841865,4.970932676056338,264.702165,1.0356785066840561,12.666666666666666,3.2209302325581395,0.011963130965198817,0.06678511705685619,0.46604215456674475,0.00031354515050167225,48.127666363636365,0.5665101721439749,0.8333333333333334,-0.9670329670329669,-0.3041283041283041,-0.11483582076498916,0.2974910394265233,1.075,2.772727272727273,-0.9546194546194546,-0.1701636995754642,-0.17967308831748915,Utilities—Independent Power Producers,Utilities,TAC
2014Q2,2014,Q2,2014-07-23,2014-06-30,-40000000.0,491000000.0,22000000.0,-0.18,279000000.0,0.5682281059063137,9296000000.0,2872000000.0,698000000.0,1160000000.0,6424000000.0,118000000.0,-813000000.0,3550468795.2000003,7501468795.200001,10.558823529411764,0.6017241379310345,0.3724182444061962,1.2054317548746518,0.0031476949794758445,10.558823529411764,-0.013927576601671309,7.231097342566192,-22.19042997,1.236235652924791,-1.025,1.7966101694915255,0.011547770833933055,0.0528184165232358,0.38017241379310346,-0.004302925989672977,69.6170352,0.5682281059063137,-2.0,-3.8529411764705883,-0.389027149321267,-0.1823828475465274,-0.3659090909090909,-1.6896551724137931,-0.8533333333333334,-3.176470588235294,-0.22185893774985724,-0.23546678945550822,Utilities—Independent Power Producers,Utilities,TAC
2014Q1,2014,Q1,2014-04-07,2014-03-31,58000000.0,775000000.0,150000000.0,0.18,440000000.0,0.567741935483871,9565000000.0,2922000000.0,922000000.0,1394000000.0,6129000000.0,85000000.0,-734000000.0,3468079800.0,7743079800.0,10.822222222222223,0.6614060258249641,0.45081024568740197,1.4757015742642026,0.016581186486105876,10.822222222222223,0.019849418206707735,4.474941677419355,14.948619827586207,1.1868856262833676,1.0172413793103448,3.9411764705882355,0.017012295968506837,0.08102456874019864,0.33787661406025826,0.006063774176685834,17.16871188118812,0.567741935483871,1.72,0.012698412698412693,-0.24823633156966496,-0.2010439970171513,0.42394822006472493,2.0357142857142856,6.5,-0.7717592592592593,-0.22450873856741835,-0.23685031553570154,Utilities—Independent Power Producers,Utilities,TAC
2013Q4,2013,Q4,2013-12-31,2013-12-31,-56000000.0,587000000.0,20000000.0,-0.25,309000000.0,0.5264054514480409,9783000000.0,2906000000.0,747000000.0,852000000.0,6360000000.0,77000000.0,-735000000.0,3613586468.7999997,7918586468.799999,10.843283582089553,0.8767605633802817,0.44434222631094755,1.4958706125258088,0.001284394900653548,10.843283582089553,-0.019270474879559532,6.156024648722316,-16.13208245,1.2434915584308326,-1.1071428571428572,3.6103896103896105,0.017157469604038276,0.06000204436266994,0.6408450704225352,-0.005724215475825412,106.28195496470587,0.5264054514480409,-7.333333333333334,-1.43534163225401,-0.4633017535187251,-0.144535745032032,-0.1487603305785124,0.0,-0.8305084745762712,-1.7330016583747927,-0.40313690487145043,-0.24571429913698736,Utilities—Independent Power Producers,Utilities,TAC
2013Q3,2013,Q3,2013-10-09,2013-09-30,0.0,623000000.0,118000000.0,-0.03,363000000.0,0.5826645264847512,9535000000.0,2950000000.0,771000000.0,1171000000.0,6071000000.0,103000000.0,-591000000.0,3565983657.6000004,7653983657.6,11.090225563909774,0.6584116140051238,0.4345044572627163,1.404406779661017,-0.0011050241138736711,11.090225563909774,0.0,5.723890301123596,0.0,1.2088080195254238,0.0,2.5242718446601944,0.0028042753305073356,0.06533822758259046,0.46114432109308284,0.0,41.95274891294118,0.5826645264847512,-1.5,-1.0,-0.4136818445146272,-0.036977001514415755,0.022535211267605635,-1.0,0.42168674698795183,-1.0,-0.2639097744360902,-0.20577811716791977,Utilities—Independent Power Producers,Utilities,TAC
2013Q2,2013,Q2,2013-07-05,2013-06-30,25000000.0,542000000.0,83000000.0,0.06,355000000.0,0.6549815498154982,9456000000.0,2972000000.0,821000000.0,1102000000.0,6162000000.0,122000000.0,-509000000.0,3780864150.4,8198864150.4,11.34351145038168,0.7450090744101633,0.4743020304568528,1.509084791386272,0.008572088163106607,11.34351145038168,0.008411843876177659,6.975764115129151,37.808641504,1.2721615580080754,2.12,1.5327868852459017,0.014017959358416201,0.057318104906937395,0.4927404718693285,0.002643824027072758,-53.251607752112676,0.6549815498154982,2.5,-0.594388072006794,-0.41880938588726685,0.2631439270529009,0.0471976401179941,13.5,0.09210526315789473,-0.5902559497081276,-0.2215707877547808,-0.16496503945089483,Utilities—Independent Power Producers,Utilities,TAC
2013Q1,2013,Q1,2013-04-08,2013-03-31,-2000000.0,540000000.0,76000000.0,-0.04,339000000.0,0.6277777777777778,9357000000.0,2984000000.0,775000000.0,1296000000.0,6045000000.0,95000000.0,-448000000.0,3792325900.8,7994325900.8,11.565891472868216,0.5979938271604939,0.4544191514374265,1.4249329758713136,-0.009309019643868755,11.565891472868216,-0.0006702412868632708,7.0228257422222224,-474.04073760000006,1.2708866959785525,-14.5,2.1157894736842104,0.007647022106903413,0.05771080474511061,0.4104938271604938,-0.00021374372127818745,30.58327339354839,0.6277777777777778,-1.2105263157894737,-1.0470978682606198,-0.47896852542236706,0.10715934039958619,-0.14824120603015076,-1.0416666666666667,-0.42424242424242425,-1.0253384241582784,-0.3686334806842206,-0.16404942819863383,Utilities—Independent Power Producers,Utilities,TAC
2012Q4,2012,Q4,2013-01-22,2012-12-31,48000000.0,661000000.0,132000000.0,0.19,398000000.0,0.6021180030257186,9451000000.0,3010000000.0,938000000.0,1385000000.0,6111000000.0,82000000.0,-358000000.0,3883046234.3999996,8073046234.4,11.666666666666666,0.6772563176895307,0.4461961697174902,1.4009966777408638,0.01543507621068879,11.666666666666666,0.015946843853820596,5.874502623903177,20.224199137499998,1.2900485828571429,0.6041666666666666,3.207317073170732,0.007468363302782312,0.06993968892180721,0.4541516245487365,0.005078827637287059,258.86974896,0.6021180030257186,-0.2083333333333333,-0.7126691938899198,-0.18562661806331082,0.015154657411143127,0.20606060606060606,-0.25,0.0,-0.48425080953782745,-0.26463775183638627,-0.12768863093205873,Utilities—Independent Power Producers,Utilities,TAC
2012Q3,2012,Q3,2012-10-01,2012-09-30,64000000.0,538000000.0,132000000.0,0.24,330000000.0,0.6133828996282528,9423000000.0,3002000000.0,989000000.0,1070000000.0,6086000000.0,98000000.0,-323000000.0,3525486353.9999995,7621486354.0,12.82905982905983,0.9242990654205607,0.44221585482330467,1.388074616922052,0.015379944696528354,12.82905982905983,0.021319120586275817,6.552948613382899,13.771431070312497,1.1743791985343104,0.390625,2.122448979591837,0.0070912201862971674,0.057094343627294916,0.6018691588785047,0.0067918921787116626,-20.98503782142857,0.6133828996282528,1.0683760683760684,-0.1636211226904865,-0.3983522071675381,0.18046754893442102,0.2890625,1.0809102402022757,1.3350253807106598,-0.17948717948717935,-0.31647031647031654,0.010805350638219757,Utilities—Independent Power Producers,Utilities,TAC
2012Q2,2012,Q2,2012-07-05,2012-06-30,-791000000.0,407000000.0,-394000000.0,-3.51,256000000.0,0.628992628992629,9083000000.0,2439000000.0,988000000.0,1266000000.0,6308000000.0,99000000.0,-312000000.0,3980853146.0,8194853146.0,10.744493392070485,0.7804107424960506,0.47065947374215567,1.7527675276752768,-0.06496494606602979,10.744493392070485,-0.3243132431324313,9.780965960687961,-1.2581710322376738,1.6321661115211152,-0.03666245259165613,1.5252525252525253,0.007284870588391204,0.04480898381591985,0.6571879936808847,-0.08708576461521524,-36.52158849541284,0.628992628992629,-9.774999999999999,-13.35447131565899,-0.4536284258994458,0.034703998401287024,-0.4541577825159915,-9.239583333333334,-3.2906976744186047,-113.99118942731278,-0.393154862758387,-0.16800559576458501,Utilities—Independent Power Producers,Utilities,TAC
2012Q1,2012,Q1,2012-03-31,2012-03-31,96000000.0,656000000.0,172000000.0,0.4,469000000.0,0.7149390243902439,9623000000.0,3282000000.0,1006000000.0,1079000000.0,5996000000.0,86000000.0,551000000.0,4208046299.9999995,8204046300.0,14.586666666666666,0.9323447636700649,0.41847656655928506,1.2269957343083486,0.02310861963345203,14.586666666666666,0.029250457038391225,6.414704725609756,10.958453906249998,1.2821591407678243,0.5520833333333334,2.1744186046511627,0.012594918454200469,0.06817000935259275,0.7868396663577386,0.009976098929647719,105.2011575,0.7149390243902439,2.3333333333333335,0.3097419578342262,-0.1837899449656173,0.35066638208842066,0.1466992665036675,2.4285714285714284,0.376,1.0114285714285716,-0.2364021164021164,0.07686800894854585,Utilities—Independent Power Producers,Utilities,TAC
2011Q4,2011,Q4,2012-01-12,2011-12-31,28000000.0,701000000.0,125000000.0,0.12,409000000.0,0.5834522111269614,9760000000.0,3269000000.0,1124000000.0,1191000000.0,6133000000.0,85000000.0,527000000.0,4733681850.000001,8721681850.0,14.528888888888888,0.943744752308984,0.4136270491803279,1.2349342306515754,0.013345195729537367,14.528888888888888,0.008565310492505354,6.752755848787448,42.26501651785715,1.4480519577852558,1.8571428571428572,3.4352941176470586,0.010985106656460233,0.07182377049180327,0.8278757346767422,0.0028688524590163933,143.44490454545456,0.5834522111269614,-0.4545454545454546,1.1726880596253197,-0.19054791642582358,0.21238658794796705,0.10242587601078167,-0.48148148148148145,0.12612612612612611,-0.7407298723465008,-0.23658204679201847,0.14623444224729973,Utilities—Independent Power Producers,Utilities,TAC
2011Q3,2011,Q3,2011-10-06,2011-09-30,54000000.0,629000000.0,111000000.0,0.22,371000000.0,0.589825119236884,9709000000.0,3054000000.0,1067000000.0,1126000000.0,6275000000.0,99000000.0,567000000.0,5035790683.0,9235790683.0,13.695067264573991,0.9476021314387212,0.43938613657431247,1.3968565815324165,0.013214285714285715,13.695067264573991,0.01768172888015717,8.006026523052464,23.31384575462963,1.6489163991486575,0.9629629629629629,2.606060606060606,0.010326084476772126,0.06478525079822844,0.8090586145648313,0.005561849830054588,62.9473835375,0.589825119236884,3.3999999999999995,0.37951052849812206,-0.17071920268687485,0.05983164933690192,0.13109756097560976,2.6,0.6567164179104478,-0.20981317112619335,-0.29388942649209554,0.18921519364861775,Utilities—Independent Power Producers,Utilities,TAC
2011Q2,2011,Q2,2011-07-06,2011-06-30,15000000.0,515000000.0,67000000.0,0.05,328000000.0,0.6368932038834951,9491000000.0,3066000000.0,918000000.0,699000000.0,6041000000.0,112000000.0,582000000.0,4544181936.0,8567181936.0,13.81081081081081,1.3133047210300428,0.4278790433041829,1.3245270711024135,0.012926196155465133,13.81081081081081,0.004892367906066536,8.823654244660194,75.73636559999998,1.4821206575342465,3.4,1.6696428571428572,0.01122314218890905,0.05426193235696976,1.0701001430615165,0.0015804446317564007,133.65240988235294,0.6368932038834951,-0.9456521739130435,-0.8432033869675013,-0.22350009918709646,0.06761291874692182,-0.4605263157894737,-0.9278846153846154,-0.8133704735376045,-0.7127829050426487,-0.34825928690675934,0.5378872653022486,Utilities—Independent Power Producers,Utilities,TAC
2011Q1,2011,Q1,2011-04-06,2011-03-31,208000000.0,818000000.0,359000000.0,0.92,608000000.0,0.7432762836185819,9425000000.0,3134000000.0,805000000.0,864000000.0,5860000000.0,85000000.0,635000000.0,4485832253.5,8472832253.5,14.180995475113122,0.9317129629629629,0.4272679045092838,1.2849393746011486,0.035397183804892755,14.180995475113122,0.06636885768985322,5.483902510391198,5.3916253046875005,1.431344050255265,0.24519230769230768,2.4705882352941178,0.011369127760006642,0.08679045092838196,0.6921296296296297,0.022068965517241378,81.56058642727272,0.7432762836185819,2.172413793103449,1.713357312316896,0.006433744137137469,0.11399794057332224,0.26666666666666666,2.3015873015873014,0.7095238095238096,4.718235299407015,-0.07859421383641728,0.35749342221193914,Utilities—Independent Power Producers,Utilities,TAC
2010Q4,2010,Q4,2010-12-31,2010-12-31,63000000.0,811000000.0,210000000.0,0.29,480000000.0,0.591861898890259,9893000000.0,3177000000.0,860000000.0,1173000000.0,6281000000.0,53000000.0,533000000.0,4685535036.0,8862535036.0,14.375565610859729,0.7331628303495311,0.4280804609319721,1.3330185709789109,0.022594219432053392,14.375565610859729,0.019830028328611898,5.777478466091245,18.593393000000003,1.4748300396600567,0.746031746031746,6.245283018867925,0.010030871530975358,0.08197715556454059,0.6564364876385337,0.006368139088244213,41.83513425,0.591861898890259,0.7058823529411762,-0.1898642328187886,-0.09628249972477647,0.12772794316256866,0.2631578947368421,0.6578947368421053,1.1428571428571428,-0.5597402976514665,0.16646146788198984,0.25086477566717597,Utilities—Independent Power Producers,Utilities,TAC
2010Q3,2010,Q3,2010-10-01,2010-09-30,38000000.0,700000000.0,98000000.0,0.17,380000000.0,0.5428571428571428,10095000000.0,3072000000.0,918000000.0,1057000000.0,6584000000.0,69000000.0,600000000.0,4798048288.0,9402048288.0,13.963636363636363,0.8684957426679281,0.46399207528479447,1.5247395833333333,0.011432009626955475,13.963636363636363,0.012369791666666666,6.854354697142857,31.566107157894738,1.5618646770833335,1.2105263157894737,4.63768115942029,0.009587231565602783,0.06934125804853888,0.7407757805108799,0.003764239722634968,104.30539756521739,0.5428571428571428,-0.2608695652173913,-0.3498676852751115,-0.13687308710496127,0.10032491330788636,0.0764872521246459,-0.2549019607843137,0.7818181818181819,-0.4717982260627704,-0.16737150670870854,0.28486575103932316,Utilities—Independent Power Producers,Utilities,TAC
2010Q2,2010,Q2,2010-07-09,2010-06-30,51000000.0,582000000.0,55000000.0,0.23,353000000.0,0.6065292096219931,9964000000.0,2975000000.0,895000000.0,974000000.0,6528000000.0,103000000.0,625000000.0,4291551375.0,8985551375.0,13.584474885844749,0.9188911704312115,0.4754114813327981,1.5922689075630252,0.02424792531120332,13.584474885844749,0.017142857142857144,7.373799613402062,21.037016544117648,1.4425382773109243,1.2549019607843137,2.2233009708737863,0.014913021983804165,0.05841027699718988,0.7587268993839835,0.0051184263348052995,-23.197575,0.6065292096219931,-0.2580645161290322,0.8338641786754731,-0.16449441554620728,0.07089999841062393,-0.12623762376237624,-0.23880597014925373,-0.5895522388059702,-0.17434312718203,-0.19016150987041144,0.30819667039292836,Utilities—Independent Power Producers,Utilities,TAC
2010Q1,2010,Q1,2010-04-06,2010-03-31,67000000.0,726000000.0,134000000.0,0.31,404000000.0,0.5564738292011019,9707000000.0,3030000000.0,801000000.0,791000000.0,6208000000.0,76000000.0,638000000.0,4880281738.5,9144281738.5,13.835616438356164,1.0126422250316056,0.4479241784279386,1.434983498349835,0.014486439737185197,13.835616438356164,0.022112211221122113,6.722151154958678,18.210006486940298,1.6106540391089108,0.8805970149253731,4.2368421052631575,0.012089465969670473,0.07479138765839086,0.820480404551201,0.006902235500154528,101.67253621875,0.5564738292011019,-0.13888888888888887,0.15450654078510329,-0.09199779182652565,0.08441639562141369,-0.07126436781609195,-0.1518987341772152,-0.15723270440251572,-0.06086567663855796,-0.07194626009392467,0.28112216627680076,Utilities—Independent Power Producers,Utilities,TAC
2009Q4,2009,Q4,2010-01-06,2009-12-31,79000000.0,763000000.0,159000000.0,0.36,435000000.0,0.5701179554390564,9762000000.0,2929000000.0,838000000.0,843000000.0,6355000000.0,90000000.0,634000000.0,5131716186.0,9491716186.0,13.374429223744292,0.9940688018979834,0.45502970702724854,1.516558552406965,0.01812883727777345,13.374429223744292,0.026971662683509732,6.725709287024902,16.239608183544302,1.7520369361556845,0.9493670886075949,3.6444444444444444,0.014614993752891072,0.07816021307109199,0.8137603795966786,0.00809260397459537,223.11809504347826,0.5701179554390564,0.058823529411764594,0.13330348936840677,-0.20303412616548577,0.05526403101449509,0.14473684210526316,0.19696969696969696,0.325,1.5005757109980524,-0.09481766786132834,0.1160508374957348,Utilities—Independent Power Producers,Utilities,TAC
2009Q3,2009,Q3,2009-10-05,2009-09-30,66000000.0,666000000.0,120000000.0,0.34,380000000.0,0.5705705705705706,7870000000.0,2513000000.0,830000000.0,984000000.0,4873000000.0,91000000.0,618000000.0,4405426898.4,7419426898.4,12.691919191919192,0.8434959349593496,0.39390088945362134,1.2335853561480303,0.01720744091460156,12.691919191919192,0.02626343016315161,6.614755102702702,16.6872231,1.7530548740151213,1.4848484848484849,3.142857142857143,0.022245290243175408,0.08462515883100381,0.7022357723577236,0.008386277001270648,-58.739025311999995,0.5705705705705706,12.333333333333334,0.7970495983826925,-0.04965249482134205,-0.003933856749113391,0.09826589595375723,12.0,7.571428571428571,0.8989558509572914,-0.011071562562422872,-0.01779981138042094,Utilities—Independent Power Producers,Utilities,TAC
2009Q2,2009,Q2,2009-07-16,2009-06-30,-6000000.0,585000000.0,14000000.0,-0.03,346000000.0,0.5914529914529915,7807000000.0,2557000000.0,839000000.0,959000000.0,4762000000.0,90000000.0,610000000.0,4470761394.0,7494761394.0,12.914141414141413,0.8748696558915537,0.3942615601383374,1.2037543996871334,0.0005685971895053203,12.914141414141413,-0.0023464998044583495,7.642327169230769,-186.28172475,1.7484401228001565,-6.833333333333333,2.6555555555555554,0.009170697424162289,0.07493275265787114,0.7299270072992701,-0.0007685410529012425,-19.958756223214287,0.5914529914529915,-1.1428571428571428,-1.2320470777884103,-0.13488207590318307,0.009854938619316194,-0.09186351706036745,-1.1428571428571428,-0.7666666666666667,-1.0703209052388176,-0.011042050420988709,-0.0017020436287777598,Utilities—Independent Power Producers,Utilities,TAC
2009Q1,2009,Q1,2009-04-13,2009-03-31,42000000.0,756000000.0,60000000.0,0.21,381000000.0,0.503968253968254,7878000000.0,2682000000.0,873000000.0,1519000000.0,4729000000.0,57000000.0,673000000.0,3670678440.0,6457678440.0,13.545454545454545,0.5747202106649111,0.35998984513835997,1.0574198359433258,0.009842365917292881,13.545454545454545,0.015659955257270694,4.855394761904762,21.84927642857143,1.3686347651006712,1.6666666666666667,6.578947368421052,0.01907004417417724,0.09596344249809596,0.5049374588545096,0.005331302361005331,-76.4724675,0.503968253968254,-0.5625000000000001,-0.13982382024029721,0.042361300820804484,0.04942402710784906,-0.07070172498150745,-0.5580622824088081,-0.5200742848218981,-0.38846681786797227,0.038199379093232934,0.06407258180480735,Utilities—Independent Power Producers,Utilities,TAC
2008Q4,2008,Q4,2009-01-06,2008-12-31,95036016.0,808050161.0,125019348.0,0.48,409986772.0,0.5073778730427108,7814473045.0,2509713453.0,913064594.0,1642787761.0,4836085478.0,50995629.0,688440991.0,4817371482.0,7575992172.0,12.67532046969697,0.5558019213901363,0.3593847110134859,1.1190130624844685,0.025000371055563714,12.67532046969697,0.037867277591550605,5.961723311877417,12.672489032999868,1.919490639953947,0.5220322998388316,7.805833496043357,0.010298535245906118,0.10340430587536821,0.35994087187504925,0.012161538654331618,41.26954169857235,0.5073778730427108,0.5483870967741935,0.84847095554373,0.08277735271362673,-0.014038828386170607,0.029790303012863773,0.5662602327852972,0.003787821367935969,0.3640571377884641,0.005025874171409229,-0.005652127425204086,Utilities—Independent Power Producers,Utilities,TAC
2008Q3,2008,Q3,2008-10-03,2008-09-30,60677028.0,790930381.0,124547584.0,0.31,398126464.0,0.5033647379894994,7406855440.0,2280178838.0,813285076.0,1527570790.0,4652969981.0,78773685.0,648286140.0,5785457832.0,8663890875.0,11.516054737373738,0.5324041814127645,0.3975280253343246,1.2913165265504494,0.020280626171630026,11.516054737373738,0.026610644300699364,7.314749782003886,23.837101217284403,2.5372824866116925,0.9566384991697352,4.9864865024405045,0.010033083411124584,0.10678355847592996,0.3498257838512348,0.008192009212481673,-55.364718947719126,0.5033647379894994,0.2916666666666667,-0.5316913150365034,0.20345187040083382,-0.10928637529502604,0.05729476877249603,0.29611406909309906,0.3302223505250988,0.15345311883821264,0.0836084096308363,-0.09254283049449247,Utilities—Independent Power Producers,Utilities,TAC
2008Q2,2008,Q2,2008-07-09,2008-06-30,46814574.0,708324852.0,93629147.0,0.24,376552004.0,0.5316091944773385,7554447384.0,1787095461.0,1058416446.0,1748422552.0,5281905149.0,68186444.0,640138408.0,7350946968.000001,10009200581.0,8.980379201005025,0.6053550640772105,0.35848039880927446,1.5153758543399938,0.019162327534401717,8.980379201005025,0.026195900007380746,10.377931745927222,39.255654489134095,4.113348798886576,1.1404332761844633,4.86567165755117,0.007262859905317168,0.09376262961341184,0.3376018625044594,0.006196955464823448,-109.59391335076842,0.5316091944773385,0.41542816702052376,0.522228620270453,0.23889010189531543,-0.27983701495917507,-0.13053158381071217,0.42213898210922857,-0.5053429680277683,0.8525464474709747,0.1190510275630383,-0.292053012508842,Utilities—Independent Power Producers,Utilities,TAC
2008Q1,2008,Q1,2008-04-03,2008-03-31,32918424.0,803415286.0,189280938.0,0.16956,433083016.0,0.5390524969424094,7222507972.0,2089291225.0,890854850.0,1702499743.0,4638411686.0,38061928.0,698487810.0,6371214200.000001,8790718366.0,10.446456125,0.5232628396349779,0.3429710867199026,1.1856228458529041,0.028835322942644175,10.446456125,0.015755785314227794,7.9301630315258915,48.38638538710116,3.04946200116262,1.5625000151890625,9.729729665822498,0.008073035434909722,0.11123771536350753,0.33413897261304903,0.00455775530156798,73.73163487558273,0.5390524969424094,-0.7391384615384615,-0.4764642912018888,0.12389571138584879,-0.2306227200147196,0.5401297485198439,-0.7458034224605521,0.0315077123320828,-0.3788810936825467,0.10028322985718217,-0.18122128142519703,Utilities—Independent Power Producers,Utilities,TAC
2007Q4,2007,Q4,2007-12-31,2007-12-31,129499871.0,629199225.0,183499295.0,0.65,281199046.0,0.4469157539092646,7178699970.0,2298500348.0,818500348.0,1503099613.0,4383799782.0,30100308.0,762499752.0,6679929600.0,9139130117.0,11.49250174,0.5445416530753907,0.34965945345115185,1.092060007815148,0.04907442914096087,11.49250174,0.0563410273627681,10.616557259745512,12.895629834256745,2.906212133407952,0.389961546757062,11.561349438683484,0.007559955422284691,0.08764807383362479,0.3973786080670091,0.018039460005458342,-279.49158271684496,0.4469157539092646,0.9697566592927058,3.250559566935046,0.04785515928976999,-0.02858057698651434,-0.35207711773892025,0.9651017162699552,0.4246888011568797,1.0342418729921408,-0.28035637007326875,-0.09322308191943451,Utilities—Independent Power Producers,Utilities,TAC
2007Q3,2007,Q3,2007-10-11,2007-09-30,65899831.0,770100368.0,128799563.0,0.32999,434000795.0,0.5635639366426065,7213999801.0,2190100368.0,843999801.0,1495099871.0,4517899235.0,36800159.0,718500447.0,6280544707.53528,8729243902.53528,10.867778483737487,0.5645106506734492,0.34772657640665217,1.1453810472123531,0.020229335799799384,10.867778483737487,0.03008986800919071,8.155488516186868,23.8261032396854,2.867697206621939,0.7526512776641263,9.133101109699009,0.007897339213347425,0.10675081636310126,0.3819812174941991,0.009134992073449325,-67.82521570689798,0.5635639366426065,0.17735835592978463,-0.2461839862971362,0.43589440140709496,-0.12975479439262533,0.05957115400942272,0.15209923771219638,0.4231912407232174,0.7629596760186411,0.07968605087009911,-0.1470930411459329,Utilities—Independent Power Producers,Utilities,TAC
2007Q2,2007,Q2,2007-07-17,2007-06-30,57199787.0,665500531.0,90500531.0,0.28028,409600425.0,0.6154772324291353,7156500531.0,2105900106.0,724199787.0,1330700319.0,4534200850.0,41800213.0,722000000.0,5381903358.0,7765803464.0,10.384122810650888,0.5442245535375122,0.34052956321928346,1.1572248812071622,0.018087219218408657,10.384122810650888,0.02716168104889207,8.0870008471864,23.522392478489476,2.5556308880303553,0.5192382796810066,6.121980909523116,0.005518553014492833,0.09299245184391924,0.3316296499662897,0.007992703522095218,61.08917644147932,0.6154772324291353,-0.15105255187036204,-0.6331829845444849,-0.46030308493495203,-0.3066323679707457,-0.05404159604347396,-0.13333352727340606,-0.4049926817159111,1.1598147582568707,-0.03912899157873722,-0.18798645862106833,Utilities—Independent Power Producers,Utilities,TAC
2007Q1,2007,Q1,2007-04-18,2007-03-31,65999769.0,723700415.0,152099862.0,0.33015,433000461.0,0.5983145125044594,7252900138.0,2188000461.0,725299815.0,1236800046.0,4534700184.0,38700415.0,725299815.0,5044385652.6,7533385883.6,10.799607408687068,0.5864325582342353,0.3539963257660394,1.173445822231022,0.02345484125700187,10.799607408687068,0.030164421889488806,6.970267735164972,19.107588287922646,2.305477417630215,1.136367613650284,7.511546168174165,0.014868014692996987,0.0997808326642095,0.393030460802554,0.009099776330051547,18.243694171090947,0.5983145125044594,1.4581407934723785,-0.032429178333355485,-0.43443953586727374,-0.258377223865049,0.001850582645368515,1.4520534321629703,1.8879132238641776,0.32101055027049386,-0.024828378011620852,-0.16330843974436507,Utilities—Independent Power Producers,Utilities,TAC
