Quarters,Year,Quarter,FillingDate,Date,NetIncome,Revenue,OperatingIncome,EPSDiluted,GrossProfit,GrossProfitRatio,TotalAssets,CommonStockEquity,CurrentAssets,CurrentLiability,TotalLiability,Inventory,RetainedEarnings,MarketCap,EnterpriseValue,bookValuePerShare,currentRatio,debtToAssets,debtToEquity,roic,shareholdersEquityPerShare,roe,priceToSalesRatio,peRatio,pbRatio,payoutRatio,inventoryTurnover,dividendYield,assetTurnover,quickRatio,returnOnAssets,priceToFreeCashFlowsRatio,grossProfitMargin,epsdilutedGrowth,fiveYNetIncomeGrowthPerShare,fiveYRevenueGrowthPerShare,fiveYShareholdersEquityGrowthPerShare,grossProfitGrowth,netIncomeGrowth,operatingIncomeGrowth,threeYNetIncomeGrowthPerShare,threeYRevenueGrowthPerShare,threeYShareholdersEquityGrowthPerShare,Industry,Sector,Symbol
2023Q1,2023,Q1,2023-05-15,2023-03-31,1707000.0,0.0,1707000.0,0.0658,0.0,0.0,209196000.0,198083000.0,275000.0,2113000.0,11113000.0,0.0,-10838000.0,62013807.449999996,-146907192.55,33.31525308562553,0.13014671083767157,0.0,0.0,0.00861759969305796,33.31525308562553,0.00861759969305796,0.0,9.082279942882248,0.3130698113921942,0.0,0.0,0.0,0.0,98.88121154756271,0.008159811851087018,29.700099353448273,0.0,0.06472491909385107,7.465909090909091,0.0,0.008784974383523946,0.0,0.06487835308796007,2.4830582102519547,7.465909090909091,0.0,0.008784974383523946,Shell Companies,Financial Services,SHAP
2022Q4,2022,Q4,2023-03-30,2022-12-31,1603000.0,0.0,-1151000.0,0.0618,0.0,0.0,207199000.0,196376000.0,373000.0,1823000.0,10823000.0,-15000.0,-10450000.0,61240864.50000001,61233864.50000001,33.0281555708607,0.20460778935820076,0.0,0.0,0.49450061428880787,33.0281555708607,0.008162911964802216,0.0,9.550976996257019,0.31185513759318856,0.0,0.0,0.0,0.0,0.012068019747668678,0.007736523824921935,39.896328664495115,0.0,0.3176972281449894,0.0,0.0,-0.14292299077962298,0.0,0.3160919540229885,0.30620855937311636,0.0,0.0,-0.14292299077962298,Shell Companies,Financial Services,SHAP
2022Q3,2022,Q3,2022-11-14,2022-09-30,1218000.0,0.0,-1659000.0,0.0469,0.0,0.0,205757000.0,196395000.0,477000.0,362000.0,9362000.0,-15000.0,-8809000.0,60111178.65,60017178.65,33.03135114952533,1.3176795580110496,0.0,0.0,-0.039724961347202235,33.03135114952533,0.006201787214542121,0.0,12.338090855911329,0.3060728564881998,0.0,0.0,0.0,0.0,0.3011049723756906,0.005919604193295976,98.3816344517185,0.0,4.043010752688172,0.0,0.0,0.0,0.0,4.033057851239669,-0.8071895424836601,0.0,0.0,0.0,Shell Companies,Financial Services,SHAP
2022Q2,2022,Q2,2022-08-11,2022-06-30,242000.0,0.0,-918000.0,0.0093,0.0,0.0,205237000.0,196136000.0,825000.0,101000.0,9101000.0,0.0,-8109000.0,59338235.7,58896235.7,32.98779036667583,8.168316831683168,0.0,0.0,0.00510208581138956,32.98779036667583,0.001233837745237998,0.0,61.299830268595045,0.3025361774483012,0.0,0.0,0.0,0.0,4.524752475247524,0.0011791246217787241,-459.986323255814,0.0,1.9117647058823528,0.0,0.0,0.0,0.0,1.9166666666666667,-1.790273556231003,0.0,0.0,0.0,Shell Companies,Financial Services,SHAP
2022Q1,2022,Q1,2022-05-16,2022-03-31,-264000.0,0.0,-329000.0,-0.0102,0.0,0.0,205473000.0,196358000.0,1200000.0,115000.0,9115000.0,0.0,-7642000.0,59159864.24999999,58356864.24999999,33.02512818054683,10.434782608695652,0.0,0.0,-0.0015252928236988669,33.02512818054683,-0.001344483036087147,0.0,-56.0225987215909,0.30128573447478585,0.0,0.0,0.0,0.0,7.113043478260869,-0.0012848403439868013,-303.3839192307692,0.0,0.0,0.0,0.0,0.0,0.0,0.0,0.0,0.0,0.0,0.0,Shell Companies,Financial Services,SHAP
2021Q4,2021,Q4,2022-03-31,2021-12-31,0.0,0.0,0.0,0.0,0.0,0.0,205745000.0,196648000.0,1394000.0,97000.0,9097000.0,0.0,-7352000.0,49243892.1,48232892.1,38.535808586096714,14.371134020618557,0.0,0.0,,38.535808586096714,0.0,0.0,0.0,0.25041644003498637,0.0,0.0,,0.0,10.422680412371134,0.0,0.0,0.0,0.0,0.0,0.0,0.0,0.0,0.0,0.0,0.0,0.0,0.0,Shell Companies,Financial Services,SHAP
2021Q3,2021,Q3,2021-09-30,2021-09-30,,,,,,,154288.0,-121096.0,0.0,275384.0,275384.0,0.0,-146096.0,0.0,199598.0,0.0,0.0,1.2936715752359225,-1.6482625355090177,,0.0,,0.0,0.0,0.0,0.0,0.0,,,0.0,,0.0,0.0,0.0,0.0,0.0,0.0,0.0,0.0,0.0,0.0,0.0,0.0,Shell Companies,Financial Services,SHAP
