Quarters,Year,Quarter,FillingDate,Date,NetIncome,Revenue,OperatingIncome,EPSDiluted,GrossProfit,GrossProfitRatio,TotalAssets,CommonStockEquity,CurrentAssets,CurrentLiability,TotalLiability,Inventory,RetainedEarnings,MarketCap,EnterpriseValue,bookValuePerShare,currentRatio,debtToAssets,debtToEquity,roic,shareholdersEquityPerShare,roe,priceToSalesRatio,peRatio,pbRatio,payoutRatio,inventoryTurnover,dividendYield,assetTurnover,quickRatio,returnOnAssets,priceToFreeCashFlowsRatio,grossProfitMargin,epsdilutedGrowth,fiveYNetIncomeGrowthPerShare,fiveYRevenueGrowthPerShare,fiveYShareholdersEquityGrowthPerShare,grossProfitGrowth,netIncomeGrowth,operatingIncomeGrowth,threeYNetIncomeGrowthPerShare,threeYRevenueGrowthPerShare,threeYShareholdersEquityGrowthPerShare,Industry,Sector,Symbol
2023Q1,2023,Q1,2023-05-01,2023-04-02,76160000.0,1733310000.0,101522000.0,0.73,650062000.0,0.3750408179,3169394000.0,1050930000.0,655948000.0,515131000.0,2118464000.0,306940000.0,297004000.0,3660940020.0,4990739020.0,10.121933601086422,1.2733615332798842,0.512622917819621,1.5459678570409066,0.01914677906852489,10.121933601086422,0.07246914637511537,2.1121092130086367,12.017266347163865,3.483524135765465,0.2561974789915966,3.529184856975305,0.005329778661601782,0.546890036391815,0.5965647573141589,0.02402983030825451,27.572302373922998,0.3750408178571635,0.7380952380952381,0.4579725546005658,0.71745227635043,1.0669420991092555,0.1348669451771882,0.6879432624113475,0.6408921933085502,-0.06085899614457049,0.19178544019394445,0.7738834944130406,Grocery Stores,Consumer Defensive,SFM
2022Q4,2022,Q4,2023-03-02,2023-01-01,45120000.0,1576554000.0,61870000.0,0.42,572809000.0,0.3633297686,3070380000.0,1046462000.0,673804000.0,522380000.0,2023918000.0,310545000.0,320012000.0,3422480099.9999995,4669918100.0,9.897493615813865,1.2898732723304873,0.501785121059934,1.4722665514849083,0.01193202974592729,9.897493615813865,0.04311671135693412,2.1708613215912678,18.963209773936168,3.2705249688951916,0.0,3.2322046724307265,0.0,0.5134719480976296,0.5921761935755581,0.014695249447951067,160.84594886737474,0.363329768596572,-0.3114754098360656,0.423329718145502,0.7259342836841592,1.014014782190526,-0.01857448813501242,-0.3136598722239124,-0.31513521292022273,0.5909472393393606,0.28830846247514585,1.0057513542137364,Grocery Stores,Consumer Defensive,SFM
2022Q3,2022,Q3,2022-11-08,2022-10-02,65740000.0,1591026000.0,90339000.0,0.61,583650000.0,0.3668387569,3017517000.0,1040828000.0,673031000.0,525138000.0,1976689000.0,301667000.0,319777000.0,2975604750.0,4173068750.0,9.706590567850116,1.2816269247321657,0.5015733134229236,1.454136514390466,0.017599241378426868,9.706590567850116,0.06316125238752224,1.870242692451286,11.315807537268027,2.858882303320049,0.0,3.339364265895839,0.0,0.5272633095356215,0.6236398813264323,0.021786124154395816,42.40202847127223,0.36683875687763745,0.0701754385964913,1.6154151549333824,0.6524835702096733,1.1144299847937977,0.005674093704392296,0.06037388905914802,0.044260779100682004,1.7555700114290134,0.21597405299157463,1.0461086084157967,Grocery Stores,Consumer Defensive,SFM
2022Q2,2022,Q2,2022-08-03,2022-07-03,61997000.0,1595482000.0,86510000.0,0.57,580357000.0,0.3637502648,2987324000.0,1013690000.0,644607000.0,515349000.0,1973634000.0,292862000.0,298058000.0,2805203240.0,4031386240.0,9.294195311139024,1.2508164370164685,0.5071923902462538,1.4946857520543757,0.016858845750389293,9.294195311139024,0.06115972338683424,1.7582167896598018,11.31185073471297,2.7673186477128118,0.0,3.4662229992283056,0.0,0.5340840163303344,0.5864472425482538,0.020753356515731135,93.31082194059142,0.36375026481025796,-0.27848101265822794,0.8980425444011227,0.6901661813711628,0.9489432823427841,-0.051313612794810934,-0.297937875819584,-0.2769201193570766,0.9018607623922543,0.22185898773252336,1.0672434063404628,Grocery Stores,Consumer Defensive,SFM
2022Q1,2022,Q1,2022-05-04,2022-04-03,88307000.0,1641161000.0,119641000.0,0.79,611748000.0,0.3727531912,2997754000.0,1011974000.0,640710000.0,523693000.0,1985780000.0,272178000.0,301415000.0,3558877270.0000005,4755350270.0,9.124856856892961,1.2234457974423947,0.5073044686121676,1.502779715684395,0.023822274962972942,9.124856856892961,0.0872621233351845,2.1685119680518854,10.075297739703535,3.5167674960028616,0.0,3.7821315462675162,0.0,0.5474635343660621,0.6453704746865052,0.02945772068021592,28.289512646857766,0.37275319118599576,1.46875,1.357936185620914,0.7939935263821286,0.9423341592732507,0.14725408268132956,1.4375345036987965,1.3284160130782554,0.7404015271674921,0.29005524521814596,1.0209688519694904,Grocery Stores,Consumer Defensive,SFM
2021Q4,2021,Q4,2022-02-24,2022-01-02,36228000.0,1492796000.0,51383000.0,0.32,533228000.0,0.3572008499,2923115000.0,959876000.0,567716000.0,513473000.0,1963239000.0,265387000.0,258822000.0,3334805630.0,4597916630.0,8.56886778135852,1.10563943965895,0.5160241728430116,1.5714508957406998,0.010317597005077792,8.56886778135852,0.03774237505677817,2.2339325869040376,23.01262580048581,3.4742046160129014,0.0,3.615730989083866,0.0,0.5106867160546198,0.5197176872006902,0.012393628030371709,93.22390780498714,0.3572008499486869,-0.4285714285714286,1.6937408796732485,0.9148898644921558,0.8036276744939628,-0.01204493366115217,-0.4327587016769224,-0.40118636956927095,2.222484777739158,0.3288501035387724,0.8408065746503256,Grocery Stores,Consumer Defensive,SFM
2021Q3,2021,Q3,2021-11-04,2021-10-03,63867000.0,1509633000.0,85808000.0,0.56,539729000.0,0.3575233186,2926420000.0,968083000.0,586903000.0,507160000.0,1958337000.0,271084000.0,273451000.0,2584368630.0,3816033630.0,8.47700983353911,1.1572344033441122,0.5097979784173153,1.5410693091398155,0.0178585742036261,8.47700983353911,0.06597264903939022,1.7119184795244937,10.11621271548687,2.669573404346528,0.0,3.577872541352496,0.0,0.515863409900151,0.5514886820727186,0.021824276761367133,29.11472573649524,0.35752331858140357,0.07692307692307698,2.459300404195177,0.8855239853230813,0.6493410292246196,-0.018819046649493437,0.04675976005506933,0.025797967722653914,0.8918335881472144,0.2616778096762955,0.6768430791345695,Grocery Stores,Consumer Defensive,SFM
2021Q2,2021,Q2,2021-08-05,2021-07-04,61014000.0,1521993000.0,83650000.0,0.52,550081000.0,0.3614215046,2878363000.0,949123000.0,551379000.0,483542000.0,1929240000.0,274097000.0,259582000.0,2988600540.0,4248740540.0,8.09514183852754,1.1402918464166505,0.5145455941450053,1.5604394793930818,0.01727155298595641,8.09514183852754,0.06428460800128118,1.9636099114779109,12.245552414200018,3.1488021468239626,0.0,3.5458687982721444,0.0,0.5287703462002534,0.4838131951309297,0.021197465364861903,60.92843244786039,0.3614215045667096,-0.25714285714285706,1.086243295015703,0.8770103783254777,0.5204484317120366,-0.061573867145250386,-0.26531644350255273,-0.26127080849560647,0.6147792035809913,0.27114616774761546,0.7427583822396084,Grocery Stores,Consumer Defensive,SFM
2021Q1,2021,Q1,2021-05-06,2021-04-04,83048000.0,1575447000.0,113235000.0,0.7,586174000.0,0.3720683717,2896738000.0,966870000.0,577327000.0,490373000.0,1929868000.0,270958000.0,282840000.0,3156496560.0,4370426560.0,8.190759377859104,1.1773221608856932,0.507449759004784,1.5203171057122467,0.02332692495553288,8.190759377859104,0.08589365685148986,2.0035561716769905,9.50202461227242,3.264654565763753,0.0,3.651019715232619,0.0,0.5438693454499509,0.5516351838294523,0.028669489612108516,35.53292762824626,0.37206837170656964,0.20689655172413793,1.2948643405614837,1.0252785887683102,0.5091331699055646,-0.003154606320436577,0.21420530140210828,0.21847157061076916,0.39835673849256803,0.37302555683113386,0.6725880695318708,Grocery Stores,Consumer Defensive,SFM
2020Q4,2020,Q4,2021-02-25,2021-01-03,68397000.0,1601834000.0,92932000.0,0.58,588029000.0,0.3670973397,2806404000.0,881293000.0,465960000.0,496132000.0,1925111000.0,254224000.0,203001000.0,2386148730.0,3683143730.0,7.471687395613433,0.9391855393322744,0.5226232573784815,1.6642501415533766,0.01990931024933976,7.471687395613433,0.07760983010190708,1.4896354616021386,8.72168636782315,2.707554388835495,0.0,3.987841431178803,0.0,0.5707781203276506,0.3719010263397644,0.02437175830707197,41.370888395720996,0.3670973396743982,0.13725490196078421,2.147888655699961,1.2359950717463375,0.3906007613207671,0.005574850924040091,0.13538951876628874,0.1856444801673875,0.9340606302628721,0.5719166620609839,0.5203938943318726,Grocery Stores,Consumer Defensive,SFM
2020Q3,2020,Q3,2020-10-28,2020-09-27,60241000.0,1577598000.0,78381000.0,0.51,584769000.0,0.370670475,2782223000.0,807946000.0,437979000.0,509581000.0,1974277000.0,257255000.0,134604000.0,2498117460.0,3851652460.0,6.85007672937845,0.8594884817134076,0.5359214556130116,1.845485960695393,0.01784776843808108,6.85007672937845,0.07456067608478785,1.5834943122392398,10.367181238691256,3.091936169001394,0.0,3.8593185749548113,0.0,0.5670278766295872,0.31746866543297336,0.021652110560512222,-173.63713491346354,0.37067047498792466,-0.10526315789473675,1.452416010092455,1.2747690762639836,0.2882835537658873,-0.045522876510424234,-0.10090743559893735,-0.15504026389832154,1.1788556826577974,0.48964086350119856,0.49218281470628095,Grocery Stores,Consumer Defensive,SFM
2020Q2,2020,Q2,2020-07-29,2020-06-28,67002000.0,1642788000.0,92763000.0,0.57,612659000.0,0.3729385654,2963189000.0,743277000.0,612858000.0,572756000.0,2219912000.0,255352000.0,74363000.0,3053027120.0,4392894120.0,6.307938420802499,1.070015853173079,0.5629013201655378,2.2440933864494665,0.01924196078833195,6.307938420802499,0.0901440512756348,1.858442550103848,11.391552192471867,4.107522659789015,0.0,4.034152855665904,0.0,0.5543986563125065,0.5986109268170041,0.022611450029005914,38.286792490688605,0.3729385654144053,-0.26923076923076933,1.7847138410225523,1.3705199590459844,0.23753136462161117,0.03170425305473602,-0.2702102167519878,-0.2729545650487111,0.8986860215787649,0.6108278846553998,0.3227411087349257,Grocery Stores,Consumer Defensive,SFM
2020Q1,2020,Q1,2020-05-05,2020-03-29,91810000.0,1646539000.0,127589000.0,0.78,593832000.0,0.3606546823,2855200000.0,670722000.0,530782000.0,547395000.0,2184478000.0,253191000.0,7361000.0,2186337000.0,3586533000.0,5.706087030498958,0.9696508006101627,0.5769462734659568,2.4560056178267597,0.027151789373499553,5.706087030498958,0.1368823446972069,1.327837968004402,5.953428275786952,3.25967688550547,0.0,4.15775837213803,0.0,0.5766807929391986,0.47408544104348777,0.03215536564864108,8.779200597503975,0.3606546823367075,1.8888888888888888,2.17359437945615,1.4868248910268753,0.17392712514900546,0.26626620863479633,1.9022570651830308,1.71957796014068,1.3129488982101376,0.6981687294985557,0.21460839648700294,Grocery Stores,Consumer Defensive,SFM
2019Q4,2019,Q4,2020-02-20,2019-12-29,31634000.0,1364991000.0,46915000.0,0.27,468963000.0,0.3435649026,2722983000.0,581952000.0,387839000.0,416812000.0,2141031000.0,275979000.0,-84449000.0,2303840690.0,3953779690.0,4.93455661641257,0.9304890454209571,0.637261782390856,2.9817802842846146,0.010154921224423538,4.93455661641257,0.05435843505993621,1.6878065056839202,18.206997929443006,3.958815658336083,0.0,3.2467252943158718,0.0,0.5012851714461677,0.24238025776609118,0.011617406351784055,-474.6272538112897,0.3435649026257316,0.22727272727272735,1.287531804220213,1.384092411824946,0.08940689135053465,-0.016281923540825423,0.20464584920030465,0.18601006143034102,1.2341803655204273,0.6631284321209029,0.038655642940491966,Grocery Stores,Consumer Defensive,SFM
2019Q3,2019,Q3,2019-10-31,2019-09-29,26260000.0,1440222000.0,39557000.0,0.22,476725000.0,0.3310079974,2764867000.0,559921000.0,411950000.0,472116000.0,2204946000.0,285715000.0,-103084000.0,2282680860.0,3922323860.0,4.7439273398910435,0.872560980775911,0.6219304581377694,3.071067168404114,0.008798687825391595,4.7439273398910435,0.04689947331855744,1.5849506951011718,21.731539032749428,4.076790940150485,0.0,3.3722310694223263,0.0,0.520901005364815,0.19936625744520414,0.009497744376130931,108.3842581074023,0.331007997378182,-0.26666666666666666,0.28243904045814516,1.3920220716783647,0.09556749181100933,0.02569591765601938,-0.2569957275839629,-0.22938907504091016,0.3762193565280708,0.7404890705866863,-0.07699127935586271,Grocery Stores,Consumer Defensive,SFM
2019Q2,2019,Q2,2019-08-01,2019-06-30,35343000.0,1415736000.0,51332000.0,0.3,464782000.0,0.3282970836,2692491000.0,531649000.0,380048000.0,449605000.0,2160842000.0,269463000.0,-129344000.0,2182913460.0,3805958460.0,4.4959366094155655,0.8452930906017504,0.6245829605372869,3.163147113979336,0.011695446332313505,4.4959366094155655,0.06647807105816056,1.5418930224279104,15.440918003565063,4.105929776976915,0.0,3.529070781517314,0.0,0.5258089999186627,0.15971575049209863,0.013126506272444365,29.777288426911113,0.3282970836370623,-0.3478260869565218,0.4837596069239632,1.4092513815515801,0.100230994251502,-0.04039855558698376,-0.37326216484607744,-0.35476896777112976,0.19820762768524358,0.7311293022342086,-0.1555626938704724,Grocery Stores,Consumer Defensive,SFM
2019Q1,2019,Q1,2019-05-02,2019-03-31,56392000.0,1413887000.0,79556000.0,0.46,484349000.0,0.3425655657,2616596000.0,556521000.0,333202000.0,377732000.0,2060075000.0,257866000.0,-103371000.0,2671000860.0,4306122860.0,4.515090298398481,0.8821121853589318,0.6323574598447754,2.9731564487234086,0.017878668882268915,4.515090298398481,0.10132950957825491,1.8891190455814362,11.841222425166691,4.7994610445967005,0.0,3.604732690622261,0.0,0.540353573879957,0.11831669014009932,0.02155166483477006,32.39029455634648,0.3425655657064532,3.5999999999999996,1.0040167998702423,1.3455892618412295,0.1751266066861266,0.15055740446446175,3.4392663150436906,0.9725769259378642,0.49236184861719356,0.7407021915628045,-0.1681024652181924,Grocery Stores,Consumer Defensive,SFM
2018Q4,2018,Q4,2019-02-21,2018-12-30,12703000.0,1269338000.0,40331000.0,0.1,420969000.0,0.3316445265,1675614000.0,589196000.0,333841000.0,310000000.0,1086418000.0,264366000.0,-69202000.0,2975754740.0,3554236740.0,4.654952833915338,1.0769064516129032,0.3461835482396304,0.9845110964772333,0.018526617350316077,4.654952833915338,0.021559888390280994,2.344335976705968,58.56401519326143,5.050534525013748,0.0,3.2090700014374014,0.0,0.7575360435040528,0.1359741935483871,0.007581101614094893,98.32980008591349,0.33164452651697185,-0.6551724137931034,0.6816832956651228,1.563840766058722,0.40888677187664363,0.10093233082706767,-0.6612533333333334,-0.2359527147349676,-0.4551891731570109,0.6511545983609546,-0.13363867999144557,Grocery Stores,Consumer Defensive,SFM
2018Q3,2018,Q3,2018-11-01,2018-09-30,37500000.0,1329109000.0,52786000.0,0.29,382375000.0,0.2876927325,1694964000.0,641295000.0,342374000.0,296759000.0,1053669000.0,253045000.0,-16908000.0,3455530200.0,4001423200.0,5.055338772614403,1.1537105867050368,0.33220056591172437,0.878017137198949,0.03274652583763082,5.055338772614403,0.05847542862489182,2.599884734811065,23.036868,5.3883629219002165,0.0,3.74136616016914,0.0,0.7841517577954458,0.17457263301197268,0.02212436370329989,173.98571068929056,0.2876927324997423,-0.09375000000000008,2.6029410452299446,1.3098524295214165,0.4541096939880405,0.005160194736233347,-0.10091347191253686,-0.14448712338535843,0.41942531748381306,0.7818899438532042,-0.04925009503286244,Grocery Stores,Consumer Defensive,SFM
2018Q2,2018,Q2,2018-08-02,2018-07-01,41709000.0,1321693000.0,61701000.0,0.32,380412000.0,0.2878217559,1683769000.0,601172000.0,330014000.0,318350000.0,1082597000.0,250564000.0,-39101000.0,2856365610.0,3427200610.0,4.645016728093152,1.036638919428302,0.35278532862880835,0.9880849407490702,0.03497526708003719,4.645016728093152,0.0693794787515054,2.1611415131955756,17.12079892828886,4.751328421816052,0.0,3.756648999856324,0.0,0.7849610011824663,0.15942830218313178,0.024771212678223676,417.4142349846559,0.28782175588430897,-0.36,2.7132500120677028,1.3572478066050067,4.195124822068225,-0.017155317631739404,-0.3739643371757925,-0.22564006024096386,0.578244814510868,0.7363787851652137,-0.0887111593781187,Grocery Stores,Consumer Defensive,SFM
2018Q1,2018,Q1,2018-05-03,2018-04-01,66624000.0,1287196000.0,79680000.0,0.5,387052000.0,0.3006939114,1627144000.0,648483000.0,315014000.0,315918000.0,978661000.0,239611000.0,14185000.0,3019244400.0,3500685400.0,4.8970571577445,0.9971384979646617,0.30900584090897915,0.7753433783152373,0.055914103690478806,4.8970571577445,0.10273823677721698,2.3455980285830598,11.329417327089336,4.655857439593636,0.0,3.7566889667001933,0.0,0.7910768807186088,0.15226102976088732,0.04094536193477652,50.04631934890351,0.30069391141675395,0.7241379310344829,2.910478623902559,1.385886999483634,5.264572692210762,0.19297012735633884,0.678228670747374,5.877265665458312,1.0442446614977186,0.7256733932285375,0.0074834470897772,Grocery Stores,Consumer Defensive,SFM
2017Q4,2017,Q4,2018-02-22,2017-12-31,39699000.0,1143933000.0,11586000.0,0.29,324444000.0,0.2836215058,1581603000.0,650694000.0,299507000.0,299714000.0,930909000.0,229542000.0,30558000.0,3224134800.0,3687382800.0,4.914310313576219,0.9993093415722989,0.30521376097541547,0.7418648396942341,0.011481001580644792,4.914310313576219,0.06101024444669845,2.8184647177763034,20.30362729539787,4.954917057787532,0.0,3.5701048174190344,0.0,0.7232744247450213,0.1513843197181313,0.02510048349680672,309.032378031247,0.28362150580497286,0.2608695652173912,11.636819593076218,1.540114337412269,0.789268676051338,-0.06340770591988083,0.2608460903258591,-0.7814127235680326,1.5569215357682127,0.7795848072040059,0.08493709526775597,Grocery Stores,Consumer Defensive,SFM
2017Q3,2017,Q3,2017-11-02,2017-10-01,31486000.0,1206059000.0,53004000.0,0.23,346409000.0,0.2872239252,1551216000.0,616615000.0,289933000.0,290160000.0,934601000.0,222216000.0,2250000.0,2502381600.0,2968071600.0,4.590641751042287,0.9992176730079956,0.3123884745902569,0.7858744921871833,0.028373935905575853,4.590641751042287,0.05106265660095846,2.0748417780556343,19.869002096169726,4.058256124161754,0.0,3.86853331893293,0.0,0.7774926251405349,0.14517162944582299,0.020297624573238027,65.20014590932777,0.28722392519768936,-0.20689655172413784,24.255160910258727,1.4789287157351059,0.0,0.012933277970443234,-0.2314489357547354,-0.16490995887885807,0.35116237844935,0.7601607820978125,0.06016755920798108,Grocery Stores,Consumer Defensive,SFM
2017Q2,2017,Q2,2017-08-03,2017-07-02,40968000.0,1183975000.0,63471000.0,0.29,341986000.0,0.288845626,1530209000.0,652358000.0,276409000.0,281843000.0,877851000.0,218404000.0,42761000.0,3076542040.0,3511347040.0,4.768838270124857,0.9807197624209223,0.2938284900951439,0.6892212558135257,0.03579885080060977,4.768838270124857,0.06279987368898672,2.598485643700247,18.774055604374148,4.716033282338838,0.0,3.855190381128551,0.0,0.7737341761811621,0.12274919015196403,0.0267728133869295,641.2134305960817,0.28884562596338603,-0.12121212121212131,6.9479117848487215,1.8335866242115277,0.0,0.013934761596982976,-0.11491347462570484,-0.12467073961192095,0.4867444281243009,0.741701784535554,0.1670146016685338,Grocery Stores,Consumer Defensive,SFM
2017Q1,2017,Q1,2017-05-04,2017-04-02,46287000.0,1130645000.0,72511000.0,0.33,337286000.0,0.2983129099,1497639000.0,643934000.0,273509000.0,300124000.0,853705000.0,204267000.0,41791000.0,3144362860.0,3538028860.0,4.697882088583122,0.9113199877384015,0.2770974847743682,0.6444635630359633,0.041595464156573475,4.697882088583122,0.07188159034932151,2.7810345952973745,16.982969624300562,4.883051461795775,0.0,3.8839313251773415,0.0,0.7549516271945376,0.1533499486878757,0.03090664706247634,54.84481371659806,0.29831290988771897,1.7500000000000002,3.9813525423539016,2.091516921828086,0.0,0.2124826549906894,1.721964128197589,6.275107855924551,0.479172303403555,0.686706047634365,0.22270118037869513,Grocery Stores,Consumer Defensive,SFM
2016Q4,2016,Q4,2017-02-23,2017-01-01,17005000.0,985700000.0,9967000.0,0.12,278178000.0,0.2822136553,1439893000.0,672909000.0,264026000.0,259155000.0,766984000.0,204464000.0,75500000.0,2679790960.0000005,3052061960.0000005,4.750907242406699,1.0187957014142115,0.2671976320462701,0.5717504149892482,0.005385261609647478,4.750907242406699,0.025270876151158625,2.718667911129147,39.397103204939725,3.982397263225786,0.0,3.460374442444636,0.0,0.6845647558533863,0.14544577569408268,0.011809905319353591,134.8865435143706,0.28221365527036624,-0.25000000000000006,4.06021878438822,1.0461236433043684,0.7297746721813533,-0.045744100606147926,-0.28804689135440653,-0.759524211643786,1.0117743551920364,0.7791937440420947,0.43792871959344076,Grocery Stores,Consumer Defensive,SFM
2016Q3,2016,Q3,2016-11-03,2016-10-02,23885000.0,1035801000.0,41447000.0,0.16,291513000.0,0.2814372645,1455352000.0,759345000.0,291769000.0,244955000.0,696007000.0,195217000.0,164919000.0,3070099540.0,3349654540.0,5.139634365079902,1.1911126533444918,0.2266427640873136,0.43438094673699046,0.021538626284048137,5.139634365079902,0.03145474059880555,2.963985881457925,32.1341798199707,4.043089162370201,0.0,3.812618778077729,0.0,0.7117185395698086,0.29414382233471453,0.01641183713630792,-326.8497327797296,0.2814372644938555,-0.36,16.417734416410276,0.9355552836355672,0.0,-0.046726313104557854,-0.35808540944395173,-0.3469005073902493,0.9703882545771721,0.5456125600304639,0.47835634563254703,Grocery Stores,Consumer Defensive,SFM
2016Q2,2016,Q2,2016-08-04,2016-07-03,37209000.0,1031643000.0,63462000.0,0.25,305802000.0,0.2964223089,1445129000.0,794208000.0,305282000.0,253389000.0,650921000.0,189165000.0,204602000.0,3390634100.0,3594357100.0,5.3241804652410005,1.204795788293888,0.19525384931033837,0.35528098432652405,0.03289629072771849,5.3241804652410005,0.04685044723800314,3.28663510536106,22.781007955064638,4.269201644909142,0.0,3.837078740781857,0.0,0.7138760622754093,0.3795073977165544,0.025747874411211732,-2352.9730048577376,0.2964223088801068,-0.16666666666666663,5.619850514219895,1.264202711121495,0.0,-0.0023196406025193057,-0.19473239985283616,-0.18467033249396167,1.8741033759145806,0.5963718423712642,4.954721739721059,Grocery Stores,Consumer Defensive,SFM
2016Q1,2016,Q1,2016-05-05,2016-04-03,46207000.0,993241000.0,77836000.0,0.3,306513000.0,0.3085988194,1449436000.0,818043000.0,351896000.0,245242000.0,631393000.0,172552000.0,232347000.0,4313692260.0,4449056260.0,5.427459644513445,1.4348928813172295,0.19387817054357695,0.3435198394216441,0.03965555108783598,5.427459644513445,0.05648480581094148,4.34304691409235,23.338954379206612,5.273185223759631,0.0,3.979832166535305,0.0,0.685260335744386,0.654875592272123,0.03187929649877608,67.60319484712188,0.3085988194204629,0.6666666666666666,3.5222621315423783,1.469788218377823,0.0,0.1405601717651699,0.6376169549191948,1.6457731398076074,1.3828180332120958,0.6174978811159186,5.943091408137658,Grocery Stores,Consumer Defensive,SFM
2015Q4,2015,Q4,2016-02-25,2016-01-03,28216000.0,930303000.0,29419000.0,0.18,268739000.0,0.2888725501,1426364000.0,822992000.0,345215000.0,230422000.0,603372000.0,165434000.0,245446000.0,4101946160.0,4256349160.0,5.372992452928734,1.4981859371067,0.20364507236581966,0.35294632268600423,0.015132008440162166,5.372992452928734,0.03428465890312421,4.4092582309204635,36.344150127587184,4.98418716099306,0.0,3.9989603104561335,0.0,0.6522199102052492,0.6791582400986017,0.019781766786037786,150.93447253192036,0.2888725501261417,-0.14285714285714285,6.764053287732525,0.7857141551747169,0.9562718833865357,0.02785161613573169,-0.1178640655286688,-0.45920955882352943,6.764053287732525,0.7857141551747169,0.9562718833865357,Grocery Stores,Consumer Defensive,SFM
2015Q3,2015,Q3,2015-11-05,2015-09-27,31986000.0,903069000.0,54400000.0,0.21,261457000.0,0.2895205128,1424555000.0,816644000.0,361871000.0,217794000.0,607911000.0,161789000.0,242964000.0,3272896350.0,3432189350.0,5.317211967314516,1.6615287840803694,0.20447999550736898,0.35669520623429546,0.02759361499857159,5.317211967314516,0.03916761771347123,3.624193001863645,25.580694288126054,4.007739418889994,0.0,3.9657331462583985,0.0,0.6339305958702893,0.7208508958006189,0.022453327530351584,92.711357713444,0.2895205128290308,0.049999999999999906,21.43801648631375,0.6233355513740186,0.0,-0.008276468959448337,0.02119915714194496,-0.09402791193418379,21.43801648631375,0.6233355513740186,0.0,Grocery Stores,Consumer Defensive,SFM
2015Q2,2015,Q2,2015-08-06,2015-06-28,31322000.0,902153000.0,60046000.0,0.2,263639000.0,0.2922331356,1379303000.0,781874000.0,318092000.0,208816000.0,597429000.0,158179000.0,210978000.0,4167687810.0000005,4359142810.0,5.097194787245833,1.5233123898551835,0.20931803961856096,0.36925770648467654,0.031214479877062048,5.097194787245833,0.040060163146491634,4.619712853584703,33.26486024200243,5.330382913359442,0.0,4.036654676031585,0.0,0.654064407892972,0.5554172094092407,0.022708570923140166,345.2931077050539,0.2922331356211197,-0.1666666666666666,4.419080691282845,0.9254933207579662,0.0,0.022677109153468093,-0.1640109963434489,-0.09805629825457386,4.419080691282845,0.9254933207579662,0.0,Grocery Stores,Consumer Defensive,SFM
2015Q1,2015,Q1,2015-05-07,2015-03-29,37467000.0,857506000.0,66574000.0,0.24,257793000.0,0.3006311326,1442653000.0,739966000.0,401982000.0,229517000.0,702687000.0,148753000.0,179656000.0,5107484250.0,5309296250.0,4.860682497454593,1.7514258203096067,0.26307850883060585,0.5129032955568229,0.03299120706638556,4.860682497454593,0.050633407480884254,5.9562081781351965,34.07988529906317,6.902322876997051,0.0,4.0316027239786765,0.0,0.5943951872002484,0.8890452559069698,0.0259709022197299,148.78045530018352,0.30063113261015084,1.1818181818181819,2.6304620240750967,1.1110924948142435,0.0,0.22033344694387638,1.1116496646564842,3.9357947805456703,2.6304620240750967,1.1110924948142435,0.0,Grocery Stores,Consumer Defensive,SFM
2014Q4,2014,Q4,2015-02-26,2014-12-28,17743000.0,734593000.0,13488000.0,0.11,211248000.0,0.2875714852,1369073000.0,685389000.0,334129000.0,220840000.0,683684000.0,142793000.0,142189000.0,4987309440.0,5263851440.0,4.52958087156509,1.5129913059228401,0.2973216183505189,0.5939036080240564,0.007126578146284619,4.52958087156509,0.025887488710790513,6.789214490200696,70.27150763681452,7.276611442553062,0.0,3.6650606122148846,0.0,0.5365623308618314,0.6547907987683391,0.01295986408321543,-4754.34646329838,0.28757148516253217,-0.35294117647058826,3.9422007739786027,0.42736346541594095,0.6491911686453647,-0.06547281993204983,-0.3192787262612699,-0.7283711938134364,3.9422007739786027,0.42736346541594095,0.6491911686453647,Grocery Stores,Consumer Defensive,SFM
2014Q3,2014,Q3,2014-11-06,2014-09-28,26065000.0,766415000.0,49656000.0,0.17,226048000.0,0.2949420353,1297083000.0,650560000.0,287809000.0,197189000.0,646523000.0,140104000.0,124446000.0,4402061300.0,4668119300.0,4.330109623870981,1.4595591031954116,0.2964382387248927,0.5910369527791441,0.02612718814410704,4.330109623870981,0.04006548204623709,5.743704520396913,42.22195760598504,6.766572337678308,0.0,3.856899160623537,0.0,0.590875834468573,0.6720658860281253,0.02009509029106079,-176.83222061540934,0.2949420353202899,-0.15,17.691432882584106,0.40835356687168345,0.0,0.008926658573162894,-0.1355178932705383,-0.10647256761376928,17.691432882584106,0.40835356687168345,0.0,Grocery Stores,Consumer Defensive,SFM
2014Q2,2014,Q2,2014-08-07,2014-06-29,30151000.0,743810000.0,55573000.0,0.2,224048000.0,0.3012167086,1330928000.0,611650000.0,340772000.0,226899000.0,719278000.0,134655000.0,98381000.0,4897562320.0,5145848320.0,4.086356985856589,1.5018664692219887,0.3250055600302946,0.7072001961906319,0.029174982464418135,4.086356985856589,0.04929453118613586,6.584426560546376,40.608622599582105,8.007132052644485,0.0,3.8599532137685197,0.0,0.5588656937114554,0.8618636485837311,0.02265411802892418,221.91039057544177,0.3012167085680483,-0.09090909090909087,4.3458493837275896,0.6269068846175283,0.0,0.0008442814450167293,-0.10618682002786589,-0.09885031377191134,4.3458493837275896,0.6269068846175283,0.0,Grocery Stores,Consumer Defensive,SFM
2014Q1,2014,Q1,2014-05-07,2014-03-30,33733000.0,722606000.0,61669000.0,0.22,223859000.0,0.3097939956,1266911000.0,567722000.0,303727000.0,210311000.0,699189000.0,121454000.0,68230000.0,5323756770.0,5608164770.0,3.842216040985659,1.4441802853868795,0.34213610900844654,0.7635004456406481,0.03344408973209716,3.842216040985659,0.05941816593332652,7.367440583111682,39.45510901787567,9.377400858166498,0.0,4.106468292522272,0.0,0.5703683999902124,0.775694091131705,0.026626179739539714,91.74778151173612,0.30979399562140364,2.678929765886288,2.367662124886924,0.8328723764072539,0.0,0.2849582412536234,2.635021551724138,1.7168157187541302,2.367662124886924,0.8328723764072539,0.0,Grocery Stores,Consumer Defensive,SFM
2013Q4,2013,Q4,2014-02-27,2013-12-29,9280000.0,608236000.0,22699000.0,0.0598,174215000.0,0.2864266502,1172404000.0,513771000.0,231627000.0,175621000.0,658633000.0,118256000.0,34497000.0,5913665000.0,6266825000.0,3.303993569131833,1.3189026369283856,0.367460363492448,0.8385292280023591,0.013336077900593685,3.303993569131833,0.018062522018564692,9.72264877448885,159.3120959051724,11.510312960443466,0.0,3.6701816398322284,0.0,0.518793862866384,0.49638710632555333,0.007915360234185485,1138.1187451886067,0.28642665018183733,-0.2525,1.5153013663429418,0.15002857342328768,0.2029627398153845,-0.08358538702296099,-0.19029753075647848,-0.3811782666775715,1.5153013663429418,0.15002857342328768,0.2029627398153845,Grocery Stores,Consumer Defensive,SFM
2013Q3,2013,Q3,2013-11-07,2013-09-29,11461000.0,633614000.0,36681000.0,0.08,190105000.0,0.3000328276,1181803000.0,485634000.0,239268000.0,172919000.0,696169000.0,114765000.0,25217000.0,6200705930.0,6581056930.0,3.4765869408033674,1.3836998826039937,0.39946251617232315,0.9721024475222081,0.020980910899515277,3.4765869408033674,0.02360007742456253,9.786251455933739,135.2566514702033,12.76826978753547,0.0,3.864497015640657,0.0,0.5361418104371033,0.582336238354374,0.009697893811405116,332.4062361959901,0.3000328275574719,-0.0783410138248848,7.839747382755267,0.2522900846492976,0.0,0.01645751682912093,-0.08076676291305743,0.24144583206416895,7.839747382755267,0.2522900846492976,0.0,Grocery Stores,Consumer Defensive,SFM
2013Q2,2013,Q2,2013-08-23,2013-06-30,12468000.0,622367000.0,29547000.0,0.0868,187027000.0,0.3005091851,1143735000.0,128447000.0,202382000.0,162614000.0,1015288000.0,109143000.0,13756000.0,5762160243.84,6498760243.84,0.8941107070924871,1.244554589395747,0.7014107288838761,6.245595459605908,0.01702017028069308,0.8941107070924871,0.09706727288297898,9.258460432252996,115.53898467757459,44.860216617281836,0.0,3.9887120566596117,0.0,0.5441531473636813,0.4649169198224015,0.010901126572151766,433.89760872289156,0.3005091850949681,-0.3323076923076923,1.3032750212449695,0.4183429267696362,0.0,0.07536223551057958,-0.3118065904951151,-0.26217350047445437,1.3032750212449695,0.4183429267696362,0.0,Grocery Stores,Consumer Defensive,SFM
2013Q1,2013,Q1,2013-03-31,2013-03-31,18117000.0,573694000.0,40046000.0,0.13,173920000.0,0.3031581296,1145441000.0,110076000.0,232921000.0,448899000.0,1035365000.0,102299000.0,0.0,5648089650.0,6084677650.0,0.7817064943365408,0.5188717283843359,0.4691494367671491,4.881927032232276,0.031815171122804256,0.7817064943365408,0.16458628583887497,9.845125885925249,77.9390855274052,51.31081843453614,0.0,3.907897437902619,0.0,0.5008498910026793,0.24224602861668215,0.015816615609184584,156.91317266286984,0.30315812959521976,4.485232067510549,0.8978629792583281,0.5269189822208025,0.0,0.2752416007977592,4.422627955701886,1.582779748468236,0.8978629792583281,0.5269189822208025,0.0,Grocery Stores,Consumer Defensive,SFM
2012Q4,2012,Q4,2012-12-31,2012-12-31,3341000.0,478941000.0,15505000.0,0.0237,136382000.0,0.2847574127,1103236000.0,386755000.0,203121000.0,136846000.0,716481000.0,98382000.0,-8851000.0,5648089650.0,6115061650.0,2.746546887760537,1.4843035236689417,0.48419649104996576,1.3811922276376518,0.008695266239921434,2.746546887760537,0.008638543780946594,11.792871460158976,422.63466402274764,14.60379219402464,0.0,3.481927588379988,0.0,0.4341237958152199,0.563341274132967,0.003028363831492083,-354.9578714177979,0.28475741270845467,1.6043956043956042,0.0,0.0,0.0,-0.06848622693960071,1.5562356541698545,0.16622790522752914,0.0,0.0,0.0,Grocery Stores,Consumer Defensive,SFM
2012Q3,2012,Q3,2012-09-30,2012-09-30,1307000.0,510050000.0,13295000.0,0.0091,146409000.0,0.2870483286,,,,,,,,5648089650.0,,,0.0,0.0,0.0,0.0,,0.0,11.073599941182238,1080.353796863045,0.0,0.0,0.0,0.0,0.0,0.0,0.0,949.2587647058823,0.28704832859523577,-0.7533875338753387,0.0,0.0,0.0,0.11992564885145834,-0.7536750848096494,-0.2468275549512803,0.0,0.0,0.0,Grocery Stores,Consumer Defensive,SFM
2012Q2,2012,Q2,2012-06-30,2012-06-30,5306000.0,430112000.0,17652000.0,0.0369,130731000.0,0.303946414,,,,,,,,5648089650.0,,,0.0,0.0,0.0,0.0,,0.0,13.131671866862584,266.1180573878628,0.0,0.0,0.0,0.0,0.0,0.0,0.0,259.08668119266054,0.3039464139572948,-0.4442771084337349,0.0,0.0,0.0,0.11939685067687328,-0.444165095327886,-0.2715718235464037,0.0,0.0,0.0,Grocery Stores,Consumer Defensive,SFM
2012Q1,2012,Q1,2012-03-31,2012-03-31,9546000.0,375720000.0,24233000.0,0.0664,116787000.0,0.3108351964,,,,,,,,5648089650.0,,,0.0,0.0,0.0,0.0,,0.0,15.03270959757266,147.9177050597109,0.0,0.0,0.0,0.0,0.0,0.0,0.0,216.33559253868546,0.3108351964228681,0.0,0.0,0.0,0.0,0.0,0.0,0.0,0.0,0.0,0.0,Grocery Stores,Consumer Defensive,SFM
