Year,Date,FillingDate,NetIncome,Revenue,OperatingIncome,EPSDiluted,GrossProfit,GrossProfitRatio,TotalAssets,CommonStockEquity,CurrentAssets,CurrentLiability,TotalLiability,Inventory,RetainedEarnings,EnterpriseValue,bookValuePerShare,currentRatio,debtToAssets,debtToEquity,roic,shareholdersEquityPerShare,roe,priceToSalesRatio,peRatio,pbRatio,payoutRatio,inventoryTurnover,dividendYield,assetTurnover,quickRatio,returnOnAssets,priceToFreeCashFlowsRatio,grossProfitMargin,epsdilutedGrowth,fiveYNetIncomeGrowthPerShare,fiveYRevenueGrowthPerShare,fiveYShareholdersEquityGrowthPerShare,grossProfitGrowth,netIncomeGrowth,operatingIncomeGrowth,threeYNetIncomeGrowthPerShare,threeYRevenueGrowthPerShare,threeYShareholdersEquityGrowthPerShare,Industry,Sector,Price,MarketCap,AvgVolume,Symbol
2022,2022-12-31,2023-03-08,-21198000.0,0.0,-27656000.0,-11.15,0.0,0.0,27501000.0,15509000.0,24411000.0,7392000.0,11992000.0,-5640000.0,-406157000.0,2696184.6999999993,8.15632116204831,3.302353896103896,0.0038544052943529326,0.006834741118060481,-1.4389737564309186,8.15632116204831,-1.3668192662325103,0.0,-0.9876018822530427,1.3498732800309499,-0.009482026606283611,0.0,0.0096010616997327,0.0,3.2447240259740258,-0.7708083342423911,-1.0048567101852741,0.0,0.0,-1.8377510040160643,0.0,-0.28746669116971435,0.0,-0.12235929475300471,-0.2056848897026768,0.0,0.0,0.0,Biotechnology,Healthcare,13.75,26145199,2462,CYCCP
2021,2021-12-31,2022-03-30,-18887000.0,0.0,-22938000.0,0.0,0.0,0.0,42587000.0,37263000.0,40942000.0,5294000.0,5324000.0,577000.0,-384959000.0,-36529000.0,0.0,7.733660748016622,0.0007044403221640406,0.0008050881571532082,-0.5105827384201261,0.0,-0.5068566674717548,0.0,0.0,0.0,-0.010642240694657702,0.0,,0.0,7.609746883264073,-0.4434921454904079,0.0,0.0,0.0,1.0,-1.0,-1.0,0.0,-1.236471284783896,-1.1566378337720948,1.0,-1.0,-1.0,Biotechnology,Healthcare,13.75,26145199,2462,CYCCP
2020,2020-12-31,2021-03-01,-8445000.0,0.0,-10636000.0,0.0,0.0,0.0,36802000.0,33259000.0,35469000.0,2486000.0,3543000.0,684000.0,-366072000.0,-32349000.0,0.0,14.267497988736928,0.028721265148633227,0.0317808713430951,-0.2622924974746311,0.0,-0.2539162332000361,0.0,0.0,0.0,-0.023801065719360567,0.0,,0.0,13.96580852775543,-0.2294712243899788,0.0,0.0,0.0,1.0,-1.0,-1.0,0.0,-0.07881962187020951,-0.09864683400475158,1.0,0.0,-1.0,Biotechnology,Healthcare,13.75,26145199,2462,CYCCP
2019,2019-12-31,2020-03-05,-7828000.0,0.0,-9681000.0,0.0,0.0,0.0,15308000.0,11697000.0,14017000.0,2420000.0,3611000.0,703000.0,-357627000.0,-10694000.0,0.0,5.792148760330578,0.07780245623203554,0.10182097973839446,-0.5898836448338972,0.0,-0.6692314268615884,0.0,0.0,0.0,-0.025677056719468575,0.0,,0.0,5.459090909090909,-0.5113666056963679,0.0,0.0,1.0,1.0,-1.0,-1.0,0.0,-0.07409440175631174,-0.013929618768328446,1.0,-1.0,-1.0,Biotechnology,Healthcare,13.75,26145199,2462,CYCCP
2018,2018-12-31,2019-03-28,-7288000.0,150000.0,-9548000.0,-3.832824078213172,0.0,0.0,19823000.0,15272000.0,19787000.0,4451000.0,4551000.0,0.0,-349797000.0,-5519812.5,8.031680752260094,4.445517861154797,0.0,0.0,-0.5282819292292041,8.031680752260094,-0.47721320062860134,79.22791666666667,-1.6306514132821075,0.7781683800419067,-0.027579582875960483,0.0,0.016913230290249125,0.00756696766382485,4.270501011008762,-0.3676537355597034,-1.7632325667655786,0.0,0.02436412315930388,0.28218260612626805,-0.8616236162361623,-0.45501909146058594,0.0,0.02436412315930388,-0.0060056896006743235,0.49184214196067494,-0.9228395061728395,-0.189169100079639,Biotechnology,Healthcare,13.75,26145199,2462,CYCCP
2017,2017-12-31,2018-03-30,-7470000.0,0.0,-9491000.0,-3.9285394983880892,0.0,0.0,26003000.0,21766000.0,25974000.0,4113000.0,4237000.0,0.0,-342509000.0,-9839122.0,11.446933162237638,6.3150984682713345,0.0,0.0,-0.3848837802799738,11.446933162237638,-0.3431958099788661,0.0,-1.8836516733601072,0.6464613617568685,-0.026907630522088354,0.0,0.014284822880277976,0.0,6.175054704595186,-0.28727454524477947,-1.8778697450954225,0.0,0.3664659486048681,0.4334900652206886,-1.0,1.1724723026250126,0.0,0.36646594860486814,0.3292579505300353,0.614690256357353,-1.0,0.00359645887126526,Biotechnology,Healthcare,13.75,26145199,2462,CYCCP
2016,2016-12-31,2017-03-31,-11791000.0,843000.0,-14150000.0,-6.200991864189285,0.0,0.0,19662000.0,14273000.0,19617000.0,5259000.0,5389000.0,0.0,-335039000.0,-4730886.0,7.506297759102169,3.7301768397033657,0.0,0.0,-0.8486560952708052,7.506297759102169,-0.8261052336579556,13.984714116251483,-0.9998400474938514,0.8259730960554894,-0.01696208972945467,0.0,0.016964803292257587,0.04287458040891059,3.5324206122837043,-0.5996846709388669,-1.1693229517952788,0.0,0.17786919537024135,0.22646460670471705,0.20600858369098707,-0.26805128205128204,-1.0,0.17786919537024126,0.12492269635126778,-0.16133162612035853,-0.22232472324723243,-0.49066837954537346,Biotechnology,Healthcare,13.75,26145199,2462,CYCCP
2015,2015-12-31,2016-03-29,-14342000.0,1944000.0,-16170000.0,-7.542585473344308,1944000.0,1.0,24764000.0,18835000.0,24566000.0,5753000.0,5929000.0,0.0,-323159000.0,-12986237.600000001,9.905494170299821,4.270119937423953,0.0,0.0,-0.7468593425844732,9.905494170299821,-0.7614547385187151,3.834239917695473,-0.5197156881885371,0.3957399734536766,-0.014014781759866127,0.0,0.02696624727399414,0.07850104991116136,4.078915348513819,-0.579147149087385,-0.5142653787774251,1.0,0.26022592458864185,0.104799950065539,1.833819241982507,-0.2443026801476488,0.12110726643598616,0.26022592458864185,0.279315416499532,-0.08766873957227364,27.173913043478265,0.8799281365405729,Biotechnology,Healthcare,13.75,26145199,2462,CYCCP
2014,2014-12-31,2015-03-31,-19387000.0,1734000.0,-22437000.0,-10.195795884236933,1734000.0,1.0,29387000.0,21688000.0,29000000.0,7493000.0,7699000.0,0.0,-308817000.0,-12455028.629999999,11.405912267876959,3.870278926998532,0.0,0.0,-0.8864051663349455,11.405912267876959,-0.8939044632976761,6.766996176470589,-0.6052494645896734,0.5410351978052379,-0.010316191262186001,0.0,0.017044527695996927,0.05900568278490489,3.689977312158014,-0.6597134787491068,-0.6172201025721951,1.0,-0.9094848813158675,0.009351047521716824,0.9034028540065862,3.6701119724375544,0.5996309963099631,-0.9094848813158672,-0.24830310448425502,-0.27186249425966014,1.48068669527897,0.11220512820512818,Biotechnology,Healthcare,13.75,26145199,2462,CYCCP
2013,2013-12-31,2014-03-26,-10153000.0,1084000.0,-17974000.0,-5.339553082615029,1084000.0,1.0,35520000.0,28023000.0,35173000.0,7497000.0,7497000.0,0.0,-289430000.0,-13594636.746999998,14.737545162426965,4.691609977324263,0.0,0.0,-0.5512383346483907,14.737545162426965,-0.36230953145630374,16.172844329335796,-1.7267175468334486,0.6256062253506048,-0.03004038215305821,0.0,0.017397392068058813,0.03051801801801802,4.154461784713885,-0.28583896396396397,-0.9524291439669692,1.0,0.2300166843622024,0.7486010003466548,0.23603192702394518,0.35757194070342024,14.710144927536232,0.23001668436220232,-0.19009468317552805,0.36626927158104994,0.5801749271137024,0.12433798748194516,Biotechnology,Healthcare,13.75,26145199,2462,CYCCP
2012,2012-12-31,2013-04-01,-13186000.0,69000.0,-15103000.0,-6.934634782562965,69000.0,1.0,19354000.0,10019000.0,18872000.0,9335000.0,9335000.0,0.0,-270250000.0,-6884840.147,5.269081289738992,2.021638993036958,0.0,0.0,-1.3726277787170946,5.269081289738992,-1.3160994111188742,137.7849254057971,-0.7210040841043531,0.9489130505040423,0.0,0.0,0.0,0.003565154490027901,1.758114622388859,-0.6813061899348972,-0.7886486812940688,1.0,0.13494718887358137,0.4517939550160063,-0.4651162790697675,-0.8271662440269799,-0.7964601769911505,0.13494718887358131,0.07841103246277764,0.32621359223300966,-0.9242590559824369,1.1574074074074077,Biotechnology,Healthcare,13.75,26145199,2462,CYCCP
2011,2011-12-31,2012-03-30,-15243000.0,699000.0,-16388000.0,-8.016429394100355,339000.0,0.48497854077253216,25998000.0,19500000.0,25831000.0,6498000.0,6498000.0,182000.0,-257064000.0,-19030000.647,10.255223590169711,3.9752231455832563,0.0,0.0,-0.8103728199937714,10.255223590169711,-0.7816923076923077,7.7525026509299,-0.3555074035950928,0.2778974027179487,-0.02387981368497015,1.978021978021978,0.06717107279196975,0.026886683591045464,3.762542320714066,-0.5863143318716825,-0.3875419690338268,0.48497854077253216,0.04856126334186378,0.4790142866908195,0.8062015503875969,-0.6383464085016414,0.26492537313432835,0.0485612633418638,-0.007500307389647117,0.6225672262665279,-0.20296465222348914,-0.05532409650227689,Biotechnology,Healthcare,13.75,26145199,2462,CYCCP
2010,2010-12-31,2011-03-31,-16021000.0,686000.0,-16266000.0,-8.425586519903023,268000.0,0.39067055393586003,31459000.0,24924000.0,31051000.0,6535000.0,6535000.0,174000.0,-241821000.0,-22098281.7,13.10775347494307,4.751491966335118,0.0,0.0,-0.6269150218102052,13.10775347494307,-0.6427940940458995,10.782388192419825,-0.4616889270332688,0.2967709155833735,0.0,2.4022988505747125,0.0,0.02180616039924982,4.513389441469013,-0.5092660287993896,-0.46079730251682033,0.39067055393586003,0.18134900357690334,0.4553644275224368,-0.15621156211562112,0.7067725809765117,-0.2677595628415301,0.18134900357690342,0.11134178321678322,0.3339292395958923,4.317829457364342,-0.5700460591005537,Biotechnology,Healthcare,13.75,26145199,2462,CYCCP
2009,2009-12-31,2010-03-29,-19570000.0,911000.0,-18304000.0,-10.29203721331391,366000.0,0.40175631174533477,14466000.0,4644000.0,13369000.0,9822000.0,9822000.0,145000.0,-222285000.0,-7024545.5,2.442320941166571,1.3611280798208105,0.0,0.0,-3.759322605667392,2.442320941166571,-4.214039621016365,4.904999451152579,-0.22833185998978028,0.9621995047372955,0.0,3.7586206896551726,0.0,0.06297525231577492,1.1701282834453268,-1.352827319231301,-0.29382262624934247,0.40175631174533477,0.5154261377705145,0.5056582802869557,13.693548387096774,-0.8947416137805984,-0.18303571428571427,0.5154261377705145,0.5662353666050524,0.33112311162758906,1.354005167958656,-0.9138708062093139,Biotechnology,Healthcare,13.75,26145199,2462,CYCCP
2008,2008-12-31,2009-03-31,-40386000.0,877000.0,-42198000.0,-21.23935691859456,448000.0,0.5108323831242874,30957000.0,20642000.0,29014000.0,8627000.0,10315000.0,508000.0,-202715000.0,-19239795.0,10.855811556322214,3.363162165295004,0.020221597700035534,0.030326518748183314,-1.9017483969183926,10.855811556322214,-1.9564964635209767,3.2522291904218927,-0.07062360719061062,0.13817483770952427,-0.030381815480612095,0.844488188976378,0.4301934818850679,0.028329618503084925,2.981569491132491,-1.3045837774978195,-0.09422235803244029,0.5108323831242874,-0.6790421153286492,-1.188112911090643,4.158823529411765,1.31835286859963,1.023045267489712,-0.6790421153286492,-0.2969235024741064,-0.3729262986129996,0.07872078720787208,0.41354516195302343,Biotechnology,Healthcare,13.75,26145199,2462,CYCCP
TTM,,,,,,,,,,,,,,,,14790199.0,1.167699123125108,2.58571817934042,0.003626473254759746,0.005463734462505122,-1.5813528851774958,1.167699123125108,-1.0535786191741736,0.0,-7.530962206254914,11.77529359035651,-0.008779592906438368,0.0,0.04363636363636363,0.0,2.504633415099482,-1.0378059836808704,-1.2498904173072436,0.0,,,,,,,,,,,Biotechnology,Healthcare,13.75,26145199,2462,CYCCP
