Quarters,Year,Quarter,FillingDate,Date,NetIncome,Revenue,OperatingIncome,EPSDiluted,GrossProfit,GrossProfitRatio,TotalAssets,CommonStockEquity,CurrentAssets,CurrentLiability,TotalLiability,Inventory,RetainedEarnings,MarketCap,EnterpriseValue,bookValuePerShare,currentRatio,debtToAssets,debtToEquity,roic,shareholdersEquityPerShare,roe,priceToSalesRatio,peRatio,pbRatio,payoutRatio,inventoryTurnover,dividendYield,assetTurnover,quickRatio,returnOnAssets,priceToFreeCashFlowsRatio,grossProfitMargin,epsdilutedGrowth,fiveYNetIncomeGrowthPerShare,fiveYRevenueGrowthPerShare,fiveYShareholdersEquityGrowthPerShare,grossProfitGrowth,netIncomeGrowth,operatingIncomeGrowth,threeYNetIncomeGrowthPerShare,threeYRevenueGrowthPerShare,threeYShareholdersEquityGrowthPerShare,Industry,Sector,Symbol
2023Q1,2023,Q1,2023-05-11,2023-03-31,-5804000.0,0.0,-7319000.0,-0.46,0.0,0.0,22060000.0,14642000.0,18974000.0,7338000.0,7418000.0,0.0,-411961000.0,194482821.39,183127821.39,1.167699123125108,2.58571817934042,0.003626473254759746,0.005463734462505122,-0.40284208979453356,1.167699123125108,-0.39639393525474664,0.0,-8.377102919968987,13.282531169922143,-0.00861474844934528,0.0,0.00025709211560508,0.0,2.504633415099482,-0.2631006346328196,-28.32136615552643,0.0,0.882051282051282,0.3475676550276914,0.0,-0.891132882978735,0.0,0.21768432403288854,0.17252685132843415,0.27858095625602913,0.0,-0.7863203876769609,Biotechnology,Healthcare,CYCCP
2022Q4,2022,Q4,2023-03-08,2022-12-31,-7419000.0,0.0,-8845000.0,-3.9,0.0,0.0,27501000.0,15509000.0,24411000.0,7392000.0,11992000.0,-5640000.0,-406157000.0,20935184.7,2696184.6999999993,8.15632116204831,3.302353896103896,0.0038544052943529326,0.006834741118060481,-0.4637890931450502,8.15632116204831,-0.47836739957444063,0.0,-0.7054584411645775,1.3498732800309499,-0.0067394527564361775,0.0,0.0023883238059036567,0.0,3.2447240259740258,-0.2697720082906076,-4.053284234847946,0.0,-0.4552238805970148,-2.9652592196686265,0.0,-0.28746669116971435,0.0,-0.45584772370486654,-0.36771300448430494,-2.2186550976138832,0.0,0.3258955287680601,Biotechnology,Healthcare,CYCCP
2022Q3,2022,Q3,2022-11-10,2022-09-30,-5096000.0,0.0,-6467000.0,-2.68,0.0,0.0,31021000.0,26561000.0,27915000.0,4353000.0,4460000.0,0.0,-398738000.0,13327593.377,-10271406.623,13.968666347615265,6.4128187456926256,0.0034492762967022338,0.004028462783780731,-0.20144736476150743,13.968666347615265,-0.19186024622566922,0.0,-0.6538262057005495,0.5017730272580099,-0.009811616954474097,0.0,0.0037516150579959277,0.0,6.373765219388927,-0.1642758131588279,-1.9126856166762343,0.0,-0.11203319502074689,-1.7442110931610124,0.0,0.1322789666638246,0.0,-0.11387978142076503,-0.11789109766637856,-1.6806943713834823,0.0,0.9174848397343343,Biotechnology,Healthcare,CYCCP
2022Q2,2022,Q2,2022-08-11,2022-06-30,-4575000.0,0.0,-5785000.0,-2.41,0.0,0.0,35346000.0,30207000.0,32077000.0,5026000.0,5139000.0,921000.0,-393642000.0,12872951.899999999,-16091048.100000001,15.886130204525973,6.382212495025866,0.0031969671249929272,0.0037408547687622076,-0.1564418783122512,15.886130204525973,-0.1514549607706823,0.0,-0.7034399945355191,0.426157907107624,-0.011147540983606558,0.0,0.003961795274011705,0.0,6.18324711500199,-0.1294347309455101,-6.711653753910323,0.0,-0.11574074074074073,-1.091906721536351,0.0,1.5959951873496045,0.0,-0.11368062317429406,0.11800579356609239,-1.5659001682557485,0.0,0.9202212192486177,Biotechnology,Healthcare,CYCCP
2022Q1,2022,Q1,2022-05-12,2022-03-31,-4108000.0,0.0,-6559000.0,-2.16,0.0,0.0,39629000.0,33410000.0,36577000.0,6204000.0,6219000.0,667000.0,-389067000.0,12758863.7,-16865136.3,17.570616417824105,5.895712443584784,0.0003785106866183855,0.0004489673750374139,-0.15359373831417694,17.570616417824105,-0.12295719844357976,0.0,-0.7764644413339825,0.38188756958994313,-0.012171372930866602,0.0,0.003918844277645195,0.0,5.540135396518375,-0.10366146004188852,-1.8821159020504499,0.0,0.22302158273381284,-1.6418006430868164,0.0,1.6064908722109534,0.0,0.22417374881964117,-6.46128226477935,-1.2301845819761128,0.0,0.903161492452293,Biotechnology,Healthcare,CYCCP
2021Q4,2021,Q4,2022-03-30,2021-12-31,-5295000.0,0.0,1201000.0,-2.78,0.0,0.0,42587000.0,37263000.0,40942000.0,5294000.0,5324000.0,-3727000.0,-384959000.0,11789114.0,-24769886.0,19.596943417461226,7.733660748016622,0.0,0.0,-0.14209805973754125,19.596943417461226,-0.14209805973754125,0.0,-0.5566153918791312,0.31637586882430296,-0.06647780925401323,0.0,0.02985805379437335,0.0,7.609746883264073,-0.12433371686195317,-2.626222766763199,0.0,-0.059973250451172896,-0.8650933427263123,-1.0,1.610733552862047,0.0,-0.06176057750150391,1.2002334111370456,-1.6238850346878098,-1.0,1.4399554740701934,Biotechnology,Healthcare,CYCCP
2021Q3,2021,Q3,2021-11-12,2021-09-30,-4987000.0,0.0,-5998000.0,-2.6227076945731462,0.0,0.0,44999000.0,41364000.0,43375000.0,3591000.0,3635000.0,0.0,-379664000.0,15249789.399999999,-24925210.6,21.753695824809228,12.078808131439711,0.0009777995066557034,0.001063726912290881,-0.12056914617593552,21.753695824809228,-0.12056377526351417,0.0,-0.7644771104872667,0.3686729861715501,-0.010026067776218167,0.0,0.003278733803366491,0.0,11.900027847396268,-0.11082468499299984,-2.45212886316128,0.0,0.02730641700799683,-0.6928038017651054,-1.0,1.4416504338586862,0.0,0.02730641700799688,0.016721311475409836,-1.4115087040618957,0.0,1.4921074828292566,Biotechnology,Healthcare,CYCCP
2021Q2,2021,Q2,2021-08-12,2021-06-30,-5127000.0,0.0,-6100000.0,-2.696334940861544,0.0,0.0,46334000.0,43216000.0,46203000.0,3118000.0,3118000.0,0.0,-374677000.0,18482288.400000002,-25156711.599999998,22.72767911142432,14.818152661962797,0.0,0.0,-0.11881191233221965,22.72767911142432,-0.11863661606812292,0.0,-0.9012233469865418,0.4276723528322844,-0.00994733762434172,0.0,0.00275939856019128,0.0,14.504490057729313,-0.11065308412828592,-4.450346352034674,0.0,-0.4741230592294422,-0.7291736930860035,-1.0,2.28339158182647,0.0,-0.4741230592294422,-0.4169570267131243,-1.7683585313174948,0.0,1.3204467353951892,Biotechnology,Healthcare,CYCCP
2021Q1,2021,Q1,2021-05-14,2021-03-31,-3478000.0,0.0,-4305000.0,-1.8291111613646285,0.0,0.0,51817000.0,48049000.0,50463000.0,2772000.0,3768000.0,0.0,-369550000.0,13595510.5,-33185489.5,25.269396835080226,18.204545454545453,0.01922149101646178,0.020728839309871173,-0.07183924308117763,25.269396835080226,-0.072384440883265,0.0,-0.9772506109833238,0.28295095631542805,-0.01437607820586544,0.0,0.003677684629790106,0.0,17.96067821067821,-0.06712082907154023,-3.730930433589462,0.0,-0.2403708987161199,-0.14370272936534037,-1.0,2.0221397572174347,-1.0,-0.24037089871611983,-0.35890151515151514,-1.5782060785767233,0.0,1.3559205687668545,Biotechnology,Healthcare,CYCCP
2020Q4,2020,Q4,2021-03-01,2020-12-31,-2804000.0,5.877,-3168000.0,-1.4746485613761984,5.877,1.0,36802000.0,33259000.0,35469000.0,2486000.0,3543000.0,0.0,-366072000.0,13367334.1,-18981665.9,17.491204173613045,14.267497988736928,0.0,0.0,-0.08135164660698889,17.491204173613045,-0.08430800685528729,2274516.6071124724,-1.191809388373752,0.40191629634084014,-0.01783166904422254,0.0,0.0037404616078235077,1.596924080213032e-07,13.96580852775543,-0.07619151133090593,-11.195422194304857,1.0,-0.24290780141843962,0.1689389448725548,-0.9999860403800475,0.7658083355455267,0.0,-0.2429078014184397,-0.2317262830482115,-0.498663816141101,0.0,0.5280253606542311,Biotechnology,Healthcare,CYCCP
2020Q3,2020,Q3,2020-11-12,2020-09-30,-2256000.0,0.0,-2572000.0,-1.1864504830473266,0.0,0.0,27213000.0,24438000.0,25934000.0,1712000.0,2775000.0,0.0,-363269000.0,10534143.8,-11532856.2,12.852161748541917,15.148364485981308,0.0,0.0,-0.08968759554777675,12.852161748541917,-0.09231524674686963,0.0,-1.167347495567376,0.43105588837057046,-0.022163120567375887,0.0,0.004746470235198422,0.0,14.77570093457944,-0.08290155440414508,-4.8343936668196426,0.0,-0.041551246537396155,0.16722037652270202,-1.0,0.13138888888888883,0.0,-0.04155124653739612,-0.040453074433656956,-0.21486268174474968,0.0,0.04177679256543602,Biotechnology,Healthcare,CYCCP
2020Q2,2020,Q2,2020-08-13,2020-06-30,-2166000.0,0.0,-2472000.0,-1.1391186818619279,0.0,0.0,29171000.0,26578000.0,27933000.0,1512000.0,2593000.0,0.0,-361013000.0,11465864.1,-12795135.9,13.977606798950285,18.474206349206348,0.0,0.0,-0.07894960810009244,13.977606798950285,-0.08149597411392881,0.0,-1.3233915166204986,0.43140432312438864,-0.023545706371191136,0.0,0.004447985738815795,0.0,17.95436507936508,-0.07425182544307703,-6.211193986998916,0.0,-0.7754098360655738,0.3528533014639976,-1.0,0.10282157676348541,0.0,-0.7754098360655738,-0.019801980198019802,0.00960219478738003,0.0,1.2841182536954279,Biotechnology,Healthcare,CYCCP
2020Q1,2020,Q1,2020-05-12,2020-03-31,-1220000.0,0.0,-2424000.0,-0.6416088605131819,0.0,0.0,12987000.0,10391000.0,11811000.0,1523000.0,2596000.0,0.0,-358847000.0,11598967.0,3748967.0,5.464719401305306,7.755088640840446,0.0,0.0,-0.17083597140255935,5.464719401305306,-0.11740929650659224,0.0,-2.3768374999999997,1.1162512751419498,-0.040983606557377046,0.0,0.004310728705409715,0.0,6.860144451739987,-0.09394009394009394,-4.126277837068659,0.0,0.4707158351409978,0.751628664495114,-1.0,-0.6155610640423249,0.0,0.47071583514099785,0.1324266284896206,0.21543408360128619,0.0,-0.189343111249805,Biotechnology,Healthcare,CYCCP
2019Q4,2019,Q4,2020-03-05,2019-12-31,-2305000.0,0.0,-2794000.0,-1.2122200192482657,0.0,0.0,15308000.0,11697000.0,14017000.0,2420000.0,3611000.0,0.0,-357627000.0,9507350.0,-1186650.0,6.151556427395646,5.792148760330578,0.0,0.0,-0.18151210473400387,6.151556427395646,-0.1970590749764897,0.0,-1.0311659436008678,0.8128024279729845,-0.021691973969631236,0.0,0.0052590890205998515,0.0,5.459090909090909,-0.1505748628168278,-8.488705357142857,0.0,-0.2125197264597579,0.5196916024171703,-1.0,-0.4606694946514202,0.0,-0.21251972645975803,-0.1899488926746167,0.18809439943642128,-1.0,-0.18048062775870533,Biotechnology,Healthcare,CYCCP
2019Q3,2019,Q3,2019-11-13,2019-09-30,-1901000.0,0.0,-2348000.0,-0.9997528228160318,0.0,0.0,17077000.0,13852000.0,15836000.0,2071000.0,3225000.0,0.0,-355323000.0,8556615.0,-3256385.0,7.2848901113349145,7.646547561564462,0.0,0.0,-0.13682193482619218,7.2848901113349145,-0.1372365001443835,0.0,-1.125278143082588,0.6177169361825007,-0.026301946344029457,0.0,0.005843432245110946,0.0,7.192660550458716,-0.11131931838144873,-4.24645905707196,0.0,-0.0661805945036456,0.6125942531078052,-1.0,-0.4378931136631092,0.0,-0.06618059450364554,-0.004706889174154899,0.3547182620502376,-1.0,-0.18233870491706514,Biotechnology,Healthcare,CYCCP
2019Q2,2019,Q2,2019-08-13,2019-06-30,-1783000.0,0.0,-2337000.0,-0.9376955723729535,0.0,0.0,19464000.0,15731000.0,18150000.0,2500000.0,3733000.0,0.0,-353422000.0,9317203.0,-4608797.0,8.273072938305626,7.26,0.0,0.0,-0.1175264195837174,8.273072938305626,-0.11334308054160575,0.0,-1.306394139091419,0.5922829445044817,-0.02860347728547392,0.0,0.005473745715318212,0.0,6.7476,-0.09160501438553227,-3.534599013657056,0.0,0.032030401737242156,0.6294679966749792,-1.0,-0.46834972455980267,0.0,0.03203040173724213,-0.0603448275862069,0.3986509274873524,-1.0,0.19518310287190382,Biotechnology,Healthcare,CYCCP
2019Q1,2019,Q1,2019-05-14,2019-03-31,-1842000.0,0.0,-2204000.0,-0.9687241975944927,0.0,0.0,21510000.0,17555000.0,20124000.0,2487000.0,3955000.0,0.0,-351639000.0,8480556.2,-7985443.800000001,9.232330775663039,8.09167671893848,0.0,0.0,-0.1011439133421179,9.232330775663039,-0.10492737111933922,0.0,-1.150998398479913,0.4830849444602678,-0.02714440825190011,0.0,0.005895839709192659,0.0,7.790510655408122,-0.08563458856345886,-2.300747748236571,0.0,0.08721506442021805,0.6216882316697474,-1.0,-0.2970970970970972,0.0,0.08721506442021804,0.10588235294117647,0.394278197961197,-1.0,0.10415749418202394,Biotechnology,Healthcare,CYCCP
2018Q4,2018,Q4,2019-03-28,2018-12-31,-2018000.0,150000.0,-2465000.0,-1.06128416435705,0.0,0.0,19823000.0,15272000.0,19787000.0,4451000.0,4551000.0,0.0,-349797000.0,11884187.5,-5519812.5,8.031680752260094,4.445517861154797,0.0,0.0,-0.13743388523825625,8.031680752260094,-0.1321372446306967,79.22791666666667,-1.4722729806739345,0.7781683800419067,-0.024777006937561942,0.0,0.004207271216479881,0.00756696766382485,4.270501011008762,-0.10180093830399031,-5.819876346718903,0.0,0.024177949709864643,0.43298679404327056,-0.49832775919732447,-0.45501909146058594,0.0,0.024177949709864602,-0.004073319755600814,0.40189685832839356,-0.6437054631828979,-0.189169100079639,Biotechnology,Healthcare,CYCCP
2018Q3,2018,Q3,2018-11-13,2018-09-30,-2068000.0,0.0,-2455000.0,-1.0875796094600494,0.0,0.0,20707000.0,16598000.0,20669000.0,4003000.0,4109000.0,0.0,-347778000.0,9507350.0,-9359650.0,8.729035956391634,5.163377466899825,0.0,0.0,-0.1291163409202012,8.729035956391634,-0.12459332449692734,0.0,-1.1493411508704061,0.5728009398722738,-0.024177949709864602,0.0,0.0052590890205998515,0.0,4.9435423432425685,-0.09986960931086106,-13.113586206896551,0.0,-0.1166306695464364,0.5867306155075939,-1.0,-0.42787218641205055,0.0,-0.11663066954643629,0.004056795131845842,0.2366186784791435,-1.0,-0.23157407407407407,Biotechnology,Healthcare,CYCCP
2018Q2,2018,Q2,2018-08-09,2018-06-30,-1852000.0,0.0,-2465000.0,-0.9739832866150925,0.0,0.0,22730000.0,18624000.0,22687000.0,3994000.0,4106000.0,0.0,-345710000.0,12834922.5,-6877077.5,9.794527391965163,5.680270405608413,0.0,0.0,-0.10413062725725314,9.794527391965163,-0.09944158075601374,0.0,-1.732575931425486,0.6891603576030928,-0.0275377969762419,0.0,0.003973533926675443,0.0,5.387330996494742,-0.08147822261328641,-7.083290562913907,0.0,-0.37286879169755355,-2.241286863270777,-1.0,-0.3978856163719247,0.0,-0.37286879169755377,-0.14014801110083255,0.4466686585001494,-1.0,-0.2272199170124482,Biotechnology,Healthcare,CYCCP
2018Q1,2018,Q1,2018-05-14,2018-03-31,-1349000.0,0.0,-2162000.0,-0.70945110887892,0.0,0.0,24777000.0,20395000.0,24732000.0,4258000.0,4382000.0,0.0,-343857000.0,11066555.4,-10534444.6,10.725912057513398,5.808360732738374,0.0,0.0,-0.093404701943923,10.725912057513398,-0.06614366266241727,0.0,-2.0508812824314306,0.542611198823241,-0.037064492216456635,0.0,0.004518117715291968,0.0,5.402301550023485,-0.05444565524478347,-5.121034428505322,0.0,0.2789951897381079,0.5622972096041531,-1.0,0.9928669142075435,0.0,0.27899518973810794,0.01637852593266606,0.7253664495114006,-1.0,-0.24544008287395022,Biotechnology,Healthcare,CYCCP
2017Q4,2017,Q4,2018-03-30,2017-12-31,-1871000.0,0.0,-2198000.0,-0.9839755557542322,0.0,0.0,26003000.0,21766000.0,25974000.0,4113000.0,4237000.0,0.0,-342509000.0,14070878.0,-9839122.0,11.446933162237638,6.3150984682713345,0.0,0.0,-0.09123106650416685,11.446933162237638,-0.08595975374437195,0.0,-1.8801280064136827,0.6464613617568685,-0.02672367717797969,0.0,0.003553438527432332,0.0,6.175054704595186,-0.07195323616505787,-6.332528352835284,0.0,-0.007539041464728065,0.6072628043660789,-1.0,1.1724723026250126,0.0,-0.007539041464728056,-0.04071969696969697,0.6101271098145447,-1.0,0.00359645887126526,Biotechnology,Healthcare,CYCCP
2017Q3,2017,Q3,2017-11-13,2017-09-30,-1857000.0,0.0,-2112000.0,-0.9766128311253924,0.0,0.0,27851000.0,23458000.0,27817000.0,4265000.0,4393000.0,0.0,-340635000.0,14070878.0,-11826122.0,12.336771024523133,6.522157092614303,0.0,0.0,-0.08053552357996113,12.336771024523133,-0.07916275897348453,0.0,-1.8943023694130319,0.5998328075709779,-0.026925148088314487,0.0,0.003553438527432332,0.0,6.388276670574443,-0.06667624142759686,-11.185117647058824,0.0,0.15089163237311393,0.017460317460317502,-1.0,0.7732254894549853,0.0,0.15089163237311384,0.15146645239051829,0.6215610352557571,-1.0,-0.048086677758389734,Biotechnology,Healthcare,CYCCP
2017Q2,2017,Q2,2017-08-10,2017-06-30,-2187000.0,0.0,-2489000.0,-1.1501627688051876,0.0,0.0,16083000.0,11636000.0,16051000.0,4319000.0,4447000.0,0.0,-338780000.0,11789114.0,-1673886.0,6.119475984369988,3.7163695299837927,0.0,0.0,-0.1905541759228856,6.119475984369988,-0.1879511859745617,0.0,-1.3476353452217649,1.0131586455826744,-0.023319615912208505,0.0,0.004326024839525685,0.0,3.3894420004630703,-0.13598209289311697,-58.65230845771144,0.0,-0.40643086816720264,0.38859379368185626,-1.0,-0.22715196599362375,0.0,-0.4064308681672026,0.07575194949870033,0.5455112219451371,-1.0,-0.6067457501098381,Biotechnology,Healthcare,CYCCP
2017Q1,2017,Q1,2017-05-12,2017-03-31,-1555000.0,0.0,-2693000.0,-0.8177883427032769,0.0,0.0,17073000.0,12818000.0,17034000.0,4128000.0,4255000.0,0.0,-336594000.0,11979261.0,-622739.0,6.74110030660489,4.126453488372093,0.0,0.0,-0.17554970596912978,6.74110030660489,-0.12131377750039007,0.0,-1.9259262057877813,0.9345655328444374,-0.03215434083601286,0.0,0.004173880175079248,0.0,3.8905038759689923,-0.09107948222339367,-3.1425133788037773,0.0,0.45227192673476574,0.47377326565143824,-1.0,-0.30848079413034096,0.0,0.45227192673476574,0.1502051120227201,0.6806325734237009,-1.0,-0.4867667667667668,Biotechnology,Healthcare,CYCCP
2016Q4,2016,Q4,2017-03-31,2016-12-31,-2839000.0,277000.0,-3169000.0,-1.4930553729482978,0.0,0.0,19662000.0,14273000.0,19617000.0,5259000.0,5389000.0,0.0,-335039000.0,11789114.0,-4730886.0,7.506297759102169,3.7301768397033657,0.0,0.0,-0.19400934729724167,7.506297759102169,-0.1989070272542563,42.55997833935018,-1.0381396618527652,0.8259730960554894,-0.017611835153222965,0.0,0.004241200823064397,0.014088088699013325,3.5324206122837043,-0.14439019428338928,-4.001735913102512,0.0,0.03632043448744062,0.2238928376161837,0.5828571428571431,-0.26805128205128204,0.0,0.0363204344874406,0.08858211101524302,0.2023040179825794,-0.07357859531772576,-0.49066837954537346,Biotechnology,Healthcare,CYCCP
2016Q3,2016,Q3,2016-11-14,2016-09-30,-2946000.0,205000.0,-3477000.0,-1.5493276254687163,0.0,0.0,22652000.0,16941000.0,22579000.0,5570000.0,5711000.0,0.0,-332200000.0,12872951.899999999,-5015048.1000000015,8.909422709798209,4.053680430879712,0.0,0.0,-0.17783591495744747,8.909422709798209,-0.173897644767133,62.79488731707316,-1.092409360149355,0.7598696594061743,-0.01697216564833673,0.0,0.0038841130137369662,0.009049973512272647,3.5971274685816876,-0.1300547413031962,-4.359279343040975,0.0,0.006408094435075837,0.14484760522496373,0.24999999999999992,-0.2637868845334839,0.0,0.0064080944350758855,0.07526595744680852,0.41127098321342925,-0.3365695792880259,-0.41604908482989206,Biotechnology,Healthcare,CYCCP
2016Q2,2016,Q2,2016-08-11,2016-06-30,-2965000.0,222000.0,-3760000.0,-1.559319894607856,0.0,0.0,18877000.0,13162000.0,18768000.0,5565000.0,5715000.0,0.0,-329254000.0,11872208.239,-3908791.761,6.922012968913525,3.3725067385444745,0.0,0.0,-0.2358713816738913,6.922012968913525,-0.2252697158486552,53.47841549099099,-1.0010293624789208,0.9020064001671477,-0.016863406408094434,0.0,0.004211516425036318,0.011760343274884781,3.133153638814016,-0.15706944959474492,-11.459660462355213,0.0,0.02499177902005928,0.16525900900900908,0.3214285714285714,-0.20972680876613634,0.0,0.024991779020059193,-0.004273504273504274,-2.9872654155495977,-0.15909090909090898,-0.5744722123436036,Biotechnology,Healthcare,CYCCP
2016Q1,2016,Q1,2016-05-13,2016-03-31,-3041000.0,139000.0,-3744000.0,-1.599288971164415,0.0,0.0,21461000.0,15899000.0,21310000.0,5396000.0,5562000.0,0.0,-326289000.0,10857393.7,-6257606.300000001,8.361425633851704,3.9492216456634543,0.0,0.0,-0.20263567419590836,8.361425633851704,-0.19126989118812504,78.11074604316546,-0.892584158171654,0.6828978992389458,-0.01644195988161789,0.0,0.004605156760595317,0.006476865010950096,3.1717939214232764,-0.14169889567121755,-3.450077438830632,0.0,0.09869590989922934,0.3371839581517,-0.2760416666666667,-0.22002551020408162,-1.0,0.0986959098992294,0.030303030303030304,0.013303049967553509,-0.34433962264150947,0.553547000195427,Biotechnology,Healthcare,CYCCP
2015Q4,2015,Q4,2016-03-29,2015-12-31,-3374000.0,421000.0,-3861000.0,-1.7744166355503899,421000.0,1.0,24764000.0,18835000.0,24566000.0,5753000.0,5929000.0,0.0,-323159000.0,7453762.399999999,-12986237.600000001,9.905494170299821,4.270119937423953,0.0,0.0,-0.17862568477447693,9.905494170299821,-0.1791345898593045,17.704898812351544,-0.5522941908713693,0.3957399734536766,-0.015115589804386485,0.0,0.006842182144147766,0.017000484574382167,4.078915348513819,-0.13624616378614118,-2.7833317401045554,1.0,-0.24547803617571062,-0.06368221941992426,2.0507246376811596,-0.2443026801476488,-0.4111888111888112,-0.2454780361757106,-0.1375957572186211,0.2917716204869858,83.2,0.8799281365405729,Biotechnology,Healthcare,CYCCP
2015Q3,2015,Q3,2015-11-12,2015-09-30,-2709000.0,715000.0,-3394000.0,-1.4246872156804997,715000.0,1.0,27049000.0,21600000.0,26794000.0,5263000.0,5449000.0,0.0,-319785000.0,8936909.0,-13791091.0,11.35963228449568,5.0910127303819115,0.0,0.0,-0.13356265035038176,11.35963228449568,-0.12541666666666668,12.499173426573426,-0.8247424326319676,0.41374578703703707,-0.01845699520118125,0.0,0.0055947755538296295,0.026433509556730378,4.318449553486604,-0.10015157676808754,-2.171260689990282,1.0,0.1906184642963849,0.2884160756501183,3.49685534591195,0.7382906808305167,1.4155405405405406,0.19061846429638482,0.06165330384296378,-0.4333333333333332,17.81578947368421,0.6327764759241061,Biotechnology,Healthcare,CYCCP
2015Q2,2015,Q2,2015-08-12,2015-06-30,-3347000.0,296000.0,-3617000.0,-1.7602170951947704,296000.0,1.0,30788000.0,24100000.0,30479000.0,6490000.0,6688000.0,0.0,-317076000.0,12226452.1,-14675547.9,12.674404539645643,4.696302003081664,0.0,0.0,-0.13388266506825683,12.674404539645643,-0.13887966804979254,41.30558141891892,-0.9132396250373468,0.5073216639004149,-0.014938751120406334,0.0,0.004089493795178734,0.009614135377419774,4.472573189522342,-0.10871118617643237,-4.388532699210337,1.0,0.3186074918566775,0.1489956775997966,1.487394957983193,0.7026988837077859,-0.421875,0.3186074918566775,0.31728954322385805,0.06429969247973157,1.0273972602739723,0.6006907545164719,Biotechnology,Healthcare,CYCCP
2015Q1,2015,Q1,2015-05-12,2015-03-31,-4912000.0,512000.0,-5298000.0,-2.583264526918647,512000.0,1.0,35357000.0,27029000.0,35024000.0,8136000.0,8328000.0,0.0,-313729000.0,12282545.465,-17080454.535,14.21479171377934,4.304818092428712,0.0,0.0,-0.16965804879503707,14.21479171377934,-0.18173073365644307,23.989346611328124,-0.625129553389658,0.4544210094713086,-0.01017915309446254,0.0,0.0040708174166730025,0.014480866589359957,4.1627335299901675,-0.13892581384167207,-2.4995005016280016,1.0,-0.023546572202542207,0.038935629035413734,0.88929889298893,0.565537214016797,1.0728744939271255,-0.023546572202542197,0.08370805949498443,-0.6622673434856176,2.1801242236024847,0.4581894691411307,Biotechnology,Healthcare,CYCCP
2014Q4,2014,Q4,2015-03-31,2014-12-31,-4799000.0,247000.0,-5782000.0,-2.523836820985869,247000.0,1.0,29387000.0,21688000.0,29000000.0,7493000.0,7699000.0,0.0,-308817000.0,11733971.370000001,-12455028.629999999,11.405912267876959,3.870278926998532,0.0,0.0,-0.2165919751975115,11.405912267876959,-0.22127443747694578,47.50595696356276,-0.6112716904563451,0.5410351978052379,-0.010418837257762034,0.0,0.004261131923999232,0.008405077074897063,3.689977312158014,-0.16330350154830367,-3.192917379591837,1.0,0.02200937436315476,-0.10652524786718938,0.3208556149732622,3.6701119724375544,-0.6639455782312925,0.022009374363154678,-0.019753086419753086,-0.31191908146528163,0.41142857142857164,0.11220512820512818,Biotechnology,Healthcare,CYCCP
2014Q3,2014,Q3,2014-11-12,2014-09-30,-4907000.0,735000.0,-5670000.0,-2.5806349824083474,735000.0,1.0,31630000.0,24643000.0,31176000.0,6766000.0,6987000.0,0.0,-304018000.0,14831466.0,-11875534.0,12.959973073464214,4.607744605379841,0.0,0.0,-0.19960263081445329,12.959973073464214,-0.19912348334212554,20.17886530612245,-0.7556279804361116,0.6018531023008562,-0.010189525168127165,0.0,0.0033712109106409306,0.023237432816945937,3.9472361809045227,-0.1551375276636105,-2.3015931098696463,1.0,-0.019742310889443174,-0.5707426376440463,2.1956521739130435,2.1009185856297976,1.0646067415730338,-0.01974231088944306,-0.017040358744394617,-0.4243831640058056,3.4817073170731705,0.07092260223371433,Biotechnology,Healthcare,CYCCP
2014Q2,2014,Q2,2014-08-12,2014-06-30,-4812000.0,356000.0,-5575000.0,-2.5306736367126486,356000.0,1.0,37610000.0,29589000.0,37281000.0,7783000.0,8021000.0,0.0,-299111000.0,15554024.6,-18029975.4,15.561118503052901,4.790055248618785,0.0,0.0,-0.1611304388009849,15.561118503052901,-0.16262800365000507,43.69108033707865,-0.8080852348295927,0.5256691540775288,-0.010390689941812137,0.0,0.0032146020908312054,0.009465567668173358,4.56610561480149,-0.12794469555969157,-3.7615537122128173,1.0,0.011706715958102278,0.3169623846699788,0.3383458646616542,2.587415130940834,-0.10101010101010101,0.01170671595810228,-0.030499075785582256,-0.35472972972972966,1.119047619047619,0.7765836085259681,Biotechnology,Healthcare,CYCCP
2014Q1,2014,Q1,2014-05-13,2014-03-31,-4869000.0,396000.0,-5410000.0,-2.5606504441300677,396000.0,1.0,33785000.0,24975000.0,33452000.0,8810000.0,8810000.0,0.0,-294299000.0,16162495.0,-11971505.0,13.13457482894813,3.7970488081725313,0.0,0.0,-0.19398443614381916,13.13457482894813,-0.19495495495495496,40.814381313131314,-0.8298672725405628,0.647146946946947,-0.010269049086054631,0.0,0.003093581776823442,0.011721178037590646,3.195686719636776,-0.1441172117803759,-3.3976235022072734,1.0,-0.36808092160719297,0.03831720323918624,0.7368421052631577,0.6429840142095916,0.32441471571906355,-0.368080921607193,-0.36134876698540513,-0.06124673060156937,1.0625,0.22522566718995302,Biotechnology,Healthcare,CYCCP
2013Q4,2013,Q4,2014-03-26,2013-12-31,-3559000.0,299000.0,-3974000.0,-1.8717097824314872,299000.0,1.0,35520000.0,28023000.0,35173000.0,7497000.0,7497000.0,0.0,-289430000.0,17531363.253000002,-13594636.746999998,14.737545162426965,4.691609977324263,0.0,0.0,-0.12589080586153248,14.737545162426965,-0.12700281911287156,58.63332191638797,-1.2314809815257095,0.6256062253506048,-0.014048890137679123,0.0,0.002852031486567019,0.008417792792792794,4.154461784713885,-0.10019707207207207,-3.1950725811919085,1.0,0.28876898481215024,0.551932519199295,0.19123505976095628,0.35757194070342024,-0.032362459546925564,0.2887689848121503,0.31423641069887837,-0.12200504413619166,1.166666666666667,0.12433798748194516,Biotechnology,Healthcare,CYCCP
2013Q3,2013,Q3,2013-11-14,2013-09-30,-5004000.0,309000.0,-5795000.0,-2.6316481459081658,309000.0,1.0,37989000.0,29011000.0,37719000.0,8978000.0,8978000.0,0.0,-285871000.0,16067421.499999998,-18399578.5,15.25714315766223,4.201269770550234,0.0,0.0,-0.17437436833824319,15.25714315766223,-0.17248629830064457,51.9981278317152,-0.8027288918864908,0.5538389404019165,-0.012589928057553957,0.0,0.003920977612991606,0.008133933507067835,3.841278681220762,-0.13172234067756455,-7.48714888164026,1.0,-4.353887399463806,0.7164390547968493,0.14869888475836424,-0.025593658684042616,0.17045454545454544,-4.353887399463807,-0.39504092441020705,-0.31442080378250586,0.9433962264150946,1.3347014324802833,Biotechnology,Healthcare,CYCCP
2013Q2,2013,Q2,2013-08-14,2013-06-30,1492000.0,264000.0,-4154000.0,0.7846560818734979,264000.0,1.0,37510000.0,30931000.0,37155000.0,6579000.0,6579000.0,0.0,-280206000.0,13690584.0,-19957416.0,16.266888249617402,5.647514819881441,0.0,0.0,-0.15904952628223779,16.266888249617402,0.0482363971420258,51.85827272727273,2.293998659517426,0.4426169215350296,0.04222520107238606,0.0,0.00460170289302487,0.007038123167155425,5.11749506003952,0.03977605971740869,-2.5763236733157697,1.0,1.4841012329656067,1.174625468164794,0.46666666666666645,-0.28743549576114996,0.24528301886792453,1.4841012329656067,-0.025425820784991362,1.379354182557844,1.2184873949579829,1.1853186378408933,Biotechnology,Healthcare,CYCCP
2013Q1,2013,Q1,2013-05-13,2013-03-31,-3082000.0,212000.0,-4051000.0,-1.6208512361488743,212000.0,1.0,17486000.0,10234000.0,17030000.0,7252000.0,7252000.0,0.0,-281698000.0,18786523.6,4667523.6000000015,5.382151703681888,2.3483177054605626,0.0,0.0,-0.365406519622013,5.382151703681888,-0.3011530193472738,88.61567735849057,-1.523890622972096,1.8356970490521791,-0.0418559377027904,0.0,0.006866624328516,0.01212398490220748,2.1773303916161058,-0.1762552899462427,-3.4407552380952384,1.0,0.35306465155331657,0.5070377479206654,0.19774011299435035,-0.802953578373799,41.4,0.35306465155331657,0.12956596476149548,0.39698689101936996,-0.21771217712177113,-0.4072400810889082,Biotechnology,Healthcare,CYCCP
2012Q4,2012,Q4,2013-04-01,2012-12-31,-4764000.0,5000.0,-4654000.0,-2.5054300094137694,5000.0,1.0,19354000.0,10019000.0,18872000.0,9335000.0,9335000.0,0.0,-270250000.0,9507159.853,-6884840.147,5.269081289738992,2.021638993036958,0.0,0.0,-0.4061204177820972,5.269081289738992,-0.4754965565425691,1901.4319706,-0.49890637347816963,0.9489130505040423,0.0,0.0,0.0,0.0002583445282628914,1.758114622388859,-0.24615066652888293,-3.8662707820252136,1.0,-1.5206349206349208,0.5804121895367271,-0.5833333333333334,-0.8271662440269799,-0.868421052631579,-1.5206349206349206,-0.32140829074389554,-0.09845515333179626,-0.9732620320855615,1.1574074074074077,Biotechnology,Healthcare,CYCCP
2012Q3,2012,Q3,2012-11-16,2012-09-30,-1890000.0,38000.0,-3522000.0,-0.993967824893372,38000.0,1.0,20526000.0,13229000.0,19953000.0,7297000.0,7297000.0,0.0,-265486000.0,6084704.0,-11732296.0,6.957248865351544,2.734411401946005,0.0,0.0,-0.23500378423086749,6.957248865351544,-0.14286794164335928,160.1237894736842,-0.8048550264550265,0.4599519238037645,0.0,0.0,0.0,0.0018513105329825588,2.4444292174866384,-0.0920783396667641,-2.883745971563981,1.0,0.47162426614481406,0.5514950166112957,0.15151515151515169,-0.8070871308786001,-0.3333333333333333,0.47162426614481406,0.12169576059850375,0.3950064020486555,-0.8347826086956521,0.6646533282999877,Biotechnology,Healthcare,CYCCP
2012Q2,2012,Q2,2012-08-14,2012-06-30,-3577000.0,146000.0,-4010000.0,-1.881176142668567,57000.0,0.3904109589041096,21802000.0,15056000.0,21653000.0,6746000.0,6746000.0,50000.0,-263596000.0,4753675.0,-15189325.0,7.918084429415137,3.20975392825378,0.0,0.0,-0.25720696727896203,7.918084429415137,-0.23757970244420828,32.55941780821918,-0.3322389572267263,0.3157329303931987,0.0,1.78,0.0,0.006696633336391157,3.090868662911355,-0.16406751674158335,-1.2826969778737183,0.3904109589041096,-0.21049069373942464,0.005006954102920704,3.709677419354839,-0.7932720032953453,-0.14925373134328357,-0.2104906937394247,-0.22405372405372406,0.49226401703335704,-0.45112781954887216,0.8254122211445197,Biotechnology,Healthcare,CYCCP
2012Q1,2012,Q1,2012-05-15,2012-03-31,-2955000.0,161000.0,-3276000.0,-1.5540608055872562,67000.0,0.4161490683229814,25338000.0,18536000.0,25172000.0,6802000.0,6802000.0,109000.0,-260019000.0,4810719.1,-18800280.9,9.748247408583886,3.7006762716847987,0.0,0.0,-0.1672296856090617,9.748247408583886,-0.15941950798446267,29.880242857142854,-0.40699823181049066,0.2595338314630988,0.0,0.8623853211009175,0.0,0.006354092667140264,3.4754483975301382,-0.11662325361117688,-1.2726770105820104,0.4161490683229814,0.19218151995626018,0.39570552147239263,2.0961538461538463,-0.7565728994300422,-0.23863636363636365,0.19218151995626026,0.12476623029655357,0.4163539403515702,-0.29385964912280704,0.21939346095651618,Biotechnology,Healthcare,CYCCP
2011Q4,2011,Q4,2012-03-30,2011-12-31,-3658000.0,175000.0,-3743000.0,-1.9237747637354257,88000.0,0.5028571428571429,25998000.0,19500000.0,25831000.0,6498000.0,6498000.0,182000.0,-257064000.0,5418999.353,-19030000.647,10.255223590169711,3.9752231455832563,0.0,0.0,-0.18575354768688102,10.255223590169711,-0.1875897435897436,30.96571058857143,-0.3703526075041006,0.2778974027179487,0.0,0.47802197802197804,0.0,0.006731287022078622,3.762542320714066,-0.1407031310100777,-1.6627797953359926,0.5028571428571429,-0.06182873730043536,0.33911472448057817,0.4957264957264955,-0.6383464085016414,0.2753623188405797,-0.061828737300435414,0.07534584980237154,0.5394687145914642,-0.30278884462151395,-0.05532409650227689,Biotechnology,Healthcare,CYCCP
2011Q3,2011,Q3,2011-11-14,2011-09-30,-3445000.0,164000.0,-4048000.0,-1.811756167596649,69000.0,0.42073170731707316,28946000.0,23011000.0,28781000.0,5935000.0,5935000.0,165000.0,-253406000.0,5704410.0,-21970590.0,12.101689745302318,4.849368155012637,0.0,0.0,-0.1697088097140689,12.101689745302318,-0.14971100777888835,34.78298780487805,-0.41396298984034835,0.2478992655686411,0.0,0.5757575757575758,0.0,0.0056657223796034,4.66301600673968,-0.11901471705935189,-2.515171957671958,0.42073170731707316,0.030123873873873896,0.3657952871870398,0.9759036144578315,-0.6121915868949711,-0.28125,0.030123873873873875,-0.06610481959441665,0.804782682608942,-0.39033457249070636,-0.22711853021193704,Biotechnology,Healthcare,CYCCP
2011Q2,2011,Q2,2011-08-12,2011-06-30,-3552000.0,168000.0,-3797000.0,-1.8680284201170674,96000.0,0.5714285714285714,22695000.0,16655000.0,22449000.0,6040000.0,6040000.0,147000.0,-249961000.0,7605880.0,-13008120.0,8.759012763809054,3.7167218543046356,0.0,0.0,-0.2201695183365713,8.759012763809054,-0.21326928850195137,45.27309523809524,-0.5353237612612612,0.4566724707295106,-0.051238738738738736,0.4897959183673469,0.023928855043729325,0.007402511566424323,3.4129139072847683,-0.1565102445472571,-1.6664943032427695,0.5714285714285714,0.22580645161290314,0.4883318928262748,3.6666666666666674,-0.7407620707903994,0.11627906976744186,0.22580645161290322,0.20895833333333333,0.5842696629213484,-0.0666666666666667,-0.6163149649834132,Biotechnology,Healthcare,CYCCP
2011Q1,2011,Q1,2011-05-16,2011-03-31,-4588000.0,192000.0,-4800000.0,-2.4128700426512117,86000.0,0.4479166666666667,27197000.0,20384000.0,26866000.0,6813000.0,6813000.0,115000.0,-246409000.0,8176321.0,-17173679.0,10.720127059590737,3.9433436078086013,0.0,0.0,-0.2260675384162067,10.720127059590737,-0.22507849293563578,42.585005208333335,-0.44552751743679164,0.401114648744113,-0.03966870095902354,0.9217391304347826,0.022259400040678442,0.0070596021620031625,3.720827829150154,-0.16869507666286723,-2.100801901336074,0.4479166666666667,-0.4464060529634299,0.5957353070755133,0.27152317880794696,-0.19722747321991177,1.8666666666666667,-0.44640605296343,-0.3981939994174192,0.2661548304542547,0.08474576271186438,-0.6075245008375532,Biotechnology,Healthcare,CYCCP
2010Q4,2010,Q4,2011-03-31,2010-12-31,-3172000.0,138000.0,-3433000.0,-1.668183037334273,30000.0,0.21739130434782608,31459000.0,24924000.0,31051000.0,6535000.0,6535000.0,174000.0,-241821000.0,7396718.3,-22098281.7,13.10775347494307,4.751491966335118,0.0,0.0,-0.13147975865288317,13.10775347494307,-0.1272668913497031,53.59940797101449,-0.5829696011979824,0.2967709155833735,0.0,0.6206896551724138,0.0,0.004386662004513812,4.513389441469013,-0.10082965129215804,-1.9766751202565473,0.21739130434782608,0.16679800367743633,0.11544896820970442,-0.8217054263565892,0.7067725809765117,-0.6385542168674698,0.1667980036774363,0.14132066033016508,0.7206270917738242,10.5,-0.5700460591005537,Biotechnology,Healthcare,CYCCP
2010Q3,2010,Q3,2010-11-12,2010-09-30,-3807000.0,159000.0,-3998000.0,-2.0021351901423636,83000.0,0.5220125786163522,20391000.0,12426000.0,19683000.0,7965000.0,7965000.0,144000.0,-238049000.0,6655145.0,-11826855.0,6.534944016997375,2.471186440677966,0.0,0.0,-0.31009675506848644,6.534944016997375,-0.30637373249637856,41.85625786163522,-0.4370334252692408,0.5355822469016578,0.0,0.5277777777777778,0.0,0.00779755774606444,2.3204017576898934,-0.1867000147123731,-2.634657561361837,0.5220125786163522,0.03203661327231119,0.6989085732363177,13.454545454545453,-0.3171026599252583,2.074074074074074,0.032036613272311214,0.08846329229366165,0.09658281917418134,3.818181818181818,-0.8187969376594969,Biotechnology,Healthcare,CYCCP
2010Q2,2010,Q2,2010-08-13,2010-06-30,-3933000.0,119000.0,-4386000.0,-2.0683997118019217,27000.0,0.226890756302521,22309000.0,14154000.0,21507000.0,8155000.0,8155000.0,39000.0,-234240000.0,7035439.0,-12507561.0,7.44371459975703,2.637277743715512,0.0,0.0,-0.29275678663353466,7.44371459975703,-0.2778719796523951,59.121336134453784,-0.4472056318332062,0.4970636569167727,0.0,2.358974358974359,0.0,0.005334170065892689,2.396443899448191,-0.17629656192568022,-1.4048400559105432,0.226890756302521,0.2304832713754646,0.33271123176111295,8.916666666666666,-0.5477810792677082,-0.7906976744186046,0.23048327137546468,0.014603459896652437,-0.09401947148817809,2.838709677419355,-0.8056570094741178,Biotechnology,Healthcare,CYCCP
2010Q1,2010,Q1,2010-05-19,2010-03-31,-5111000.0,271000.0,-4451000.0,-2.687920398428584,129000.0,0.47601476014760147,26776000.0,17265000.0,25865000.0,9511000.0,9511000.0,107000.0,-227815000.0,7605880.0,-16594120.0,9.079817194065644,2.719482704237199,0.0,0.0,-0.25126627968957893,9.079817194065644,-0.2960324355632783,28.0659778597786,-0.37203482684406186,0.44053750362004057,0.0,1.3271028037383177,0.0,0.010121003884075292,2.544422247923457,-0.19087989244099193,-1.5925209380234506,0.47601476014760147,-0.17846437629697948,0.2990948985189249,15.937499999999998,-0.5352249172207715,0.13157894736842105,-0.17846437629697948,-0.031996290285184324,-0.04519427402862978,4.211538461538462,-0.7732645181624773,Biotechnology,Healthcare,CYCCP
2009Q4,2009,Q4,2010-03-29,2009-12-31,-4337000.0,187000.0,-4313000.0,-2.2808669082341555,114000.0,0.6096256684491979,14466000.0,4644000.0,13369000.0,9822000.0,9822000.0,145000.0,-222285000.0,4468454.5,-7024545.5,2.442320941166571,1.3611280798208105,0.0,0.0,-0.8972780913973079,2.442320941166571,-0.9338931955211025,23.89547860962567,-0.257577501729306,0.9621995047372955,-0.07078625778187687,0.503448275862069,0.06870384380102784,0.012926862989077838,1.1701282834453268,-0.29980644269321166,-1.733975358944509,0.6096256684491979,-0.3882842509603073,0.48295183595612784,13.384615384615383,-0.8947416137805984,0.7014925373134329,-0.3882842509603073,-0.22702702702702704,0.2164408310749775,0.5982905982905982,-0.9138708062093139,Biotechnology,Healthcare,CYCCP
2009Q3,2009,Q3,2009-11-12,2009-09-30,-3124000.0,230000.0,-3515000.0,-1.6429394100353936,67000.0,0.29130434782608694,17542000.0,7947000.0,16225000.0,9328000.0,9595000.0,140000.0,-217948000.0,2776146.1999999997,-11656853.8,4.179398044670702,1.7393867924528301,0.0,0.0,-0.4150680898380428,4.179398044670702,-0.39310431609412355,12.070200869565216,-0.2221627880921895,0.3493326034981754,0.0,1.1642857142857144,0.0,0.013111389807319575,1.5472770154373927,-0.17808687720898414,-1.2717114979386164,0.29130434782608694,0.5565649396735274,0.542606149341142,16.692307692307693,-0.7043856712420489,-0.0945945945945946,0.5565649396735273,0.33174904942965777,0.4248895434462445,1.7710843373493976,-0.8660678171767561,Biotechnology,Healthcare,CYCCP
2009Q2,2009,Q2,2009-08-13,2009-06-30,-7045000.0,266000.0,-5260000.0,-3.7050282150125957,74000.0,0.2781954887218045,19460000.0,8248000.0,17967000.0,10686000.0,11212000.0,306000.0,-214824000.0,2414866.9,-13449133.1,4.337696624190758,1.6813587871982032,0.0,0.0,-0.6173138744536303,4.337696624190758,-0.8541464597478177,9.078446992481203,-0.08569435415188076,0.2927821168768186,0.0,0.6274509803921569,0.0,0.013669064748201438,1.4845592363840538,-0.3620246659815005,-0.427183247833009,0.2781954887218045,-0.3914675093817896,-0.15757476174827484,10.083333333333332,-0.7507931232437984,-0.3392857142857143,-0.3914675093817895,-0.00862895493767977,-0.014837222702391357,6.388888888888889,-0.8716184665193163,Biotechnology,Healthcare,CYCCP
2009Q1,2009,Q1,2009-05-15,2009-03-31,-5063000.0,228000.0,-5215000.0,-2.662676771129705,112000.0,0.49122807017543857,25167000.0,15201000.0,23431000.0,8549000.0,9966000.0,460000.0,-207778000.0,3232499.0,-16572501.0,7.994341220213834,2.7407883963036612,0.025310923034132,0.04190513781988027,-0.30752646369989595,7.994341220213834,-0.33307019275047695,14.177627192982456,-0.15961381591941537,0.21265041773567528,-0.06063598656922773,0.25217391304347825,0.09497296054847967,0.009059482655858863,2.391156860451515,-0.20117614336233958,-0.674139520333681,0.49122807017543857,0.36258340677325945,0.7230912273025596,18.0,-0.6063548788067122,-0.18248175182481752,0.36258340677325945,0.395081777056026,0.553881399242224,0.5099337748344371,-0.4013468809073724,Biotechnology,Healthcare,CYCCP
2008Q4,2008,Q4,2009-03-31,2008-12-31,-7943000.0,251000.0,-8621000.0,-4.177294409062462,137000.0,0.545816733067729,30957000.0,20642000.0,29014000.0,8627000.0,10315000.0,508000.0,-202715000.0,2852205.0,-19239795.0,10.855811556322214,3.363162165295004,0.020221597700035534,0.030326518748183314,-0.3935583792011366,10.855811556322214,-0.38479798469140586,11.363366533864541,-0.0897710248017122,0.13817483770952427,-0.03852448696965882,0.22440944881889763,0.10728541602023699,0.008108020803049391,2.981569491132491,-0.25658171011402914,-0.44670399373531716,0.545816733067729,0.549895166317221,-0.5006612507084829,9.04,1.31835286859963,-0.08053691275167785,0.549895166317221,0.3812087281079529,-1.2150027886224202,-0.6757105943152455,0.41354516195302343,Biotechnology,Healthcare,CYCCP
2008Q3,2008,Q3,2008-11-07,2008-09-30,-17647000.0,269000.0,-13932000.0,-9.280714394652557,149000.0,0.5539033457249071,41625000.0,29773000.0,37309000.0,9875000.0,11852000.0,571000.0,-194772000.0,4753675.0,-21969325.0,15.657885741031938,3.778126582278481,0.0,0.0,-0.457290422252414,15.657885741031938,-0.5927182346421254,17.671654275092937,-0.06734395364651216,0.15966395727672725,0.0,0.21015761821366025,0.0,0.006462462462462463,3.58126582278481,-0.42395195195195196,-1.0287113178965592,0.5539033457249071,-1.0654260299625464,-3.439496855345911,2.684931506849315,0.0,0.8395061728395061,-1.0654260299625469,-0.4178709546102178,-0.39568174628282177,23.45454545454546,0.6362387337876456,Biotechnology,Healthcare,CYCCP
2008Q2,2008,Q2,2008-08-08,2008-06-30,-8544000.0,180000.0,-9826000.0,-4.493365659200514,81000.0,0.45,57218000.0,43408000.0,45814000.0,11615000.0,13810000.0,612000.0,-177125000.0,7815041.7,-23865958.3,22.828653620619836,3.9443822643133877,0.0,0.0,-0.21563745574561058,22.828653620619836,-0.19683007740508662,43.416898333333336,-0.22867046172752808,0.18003689872834502,0.0,0.16176470588235295,0.0,0.0031458631899052747,3.7234610417563494,-0.14932363941417037,-0.8494610543478261,0.45,-0.36660268714011524,-0.5982042648709317,2.050847457627119,0.0,0.0,-0.3666026871401152,-0.01487296013220409,-0.44960977265015284,14.000000000000002,0.3868813700118214,Biotechnology,Healthcare,CYCCP
2008Q1,2008,Q1,2008-05-09,2008-03-31,-6252000.0,177000.0,-9682000.0,-3.2879824556790274,81000.0,0.4576271186440678,66121000.0,51937000.0,54308000.0,11181000.0,14184000.0,349000.0,-168581000.0,7700953.5,-22723046.5,27.31413064628945,4.857168410696717,0.0,0.0,-0.16825268358866302,27.31413064628945,-0.12037661012380384,43.50821186440678,-0.30793959932821496,0.1482749003600516,-0.049104286628278954,0.27507163323782235,0.03986519331664579,0.0026769105125451823,4.662194794741079,-0.09455392386685017,-0.7651220566318927,0.4576271186440678,0.44935705478245547,-0.6268540202966433,12.615384615384615,0.0,1.004141739530603,0.4493570547824555,0.2522397281433426,0.14262205156335706,10.0625,0.3981478988882009,Biotechnology,Healthcare,CYCCP
2007Q4,2007,Q4,2008-03-13,2007-12-31,-11354000.0,12000.0,-12948000.0,-5.971169673989071,-19557000.0,-1629.75,75912000.0,57969000.0,63777000.0,14712000.0,17943000.0,213000.0,-162329000.0,9031982.5,-21955017.5,30.48641314351528,4.335032626427406,0.0,0.0,-0.21408391772105387,30.48641314351528,-0.19586330624989218,752.6652083333333,-0.1988722586753567,0.15580711242215667,-0.02659855557512771,0.0,0.0334367344046559,0.00015807777426493836,4.161228928765634,-0.1495679207503425,-1.3931794693814592,-1629.75,-1.6943521594684383,-1.145097298318534,-0.52,1.8940314620604564,-593.6363636363636,-1.6943521594684385,-2.998148148148148,-0.3536003814973771,-0.07692307692307693,0.3138939256572982,Biotechnology,Healthcare,CYCCP
2007Q3,2007,Q3,2007-11-07,2007-09-30,-4214000.0,33000.0,6480000.0,-2.2161801132807777,33000.0,1.0,80440000.0,68575000.0,75166000.0,10901000.0,11865000.0,0.0,-150976000.0,11028526.0,-20084474.0,36.06420295876348,6.895330703605174,0.0,0.0,0.08569017867418609,36.06420295876348,-0.06145096609551586,334.1977575757576,-0.6542789511153297,0.16082429456799124,-0.07285239677266256,0.0,0.027836902229726804,0.0004102436598707111,6.287771764058343,-0.052386872202884134,-1.8313726336765195,1.0,-0.17218358831710723,-0.060125786163522,-0.5479452054794521,0.0,0.06451612903225806,-0.1721835883171071,2.0012360939431395,0.3830161054172767,1.5384615384615385,1.5508685786556555,Biotechnology,Healthcare,CYCCP
2007Q2,2007,Q2,2007-08-09,2007-06-30,-3595000.0,31000.0,-6472000.0,-1.8906425029056466,31000.0,1.0,85539000.0,72830000.0,80246000.0,11652000.0,12709000.0,0.0,-146761000.0,13272260.600000001,-30569739.4,38.30194533702872,6.88688637143838,0.0,0.0,-0.07683208314816169,38.30194533702872,-0.049361526843333794,428.13743870967744,-0.9229666620305982,0.18223617465330222,0.0,0.0,0.0,0.0003624077905984405,6.407140405080673,-0.04202761313552882,-2.139651878123489,1.0,0.26482617586912066,0.3275346053123831,-0.4745762711864407,0.0,0.0,0.26482617586912066,0.024860629802621666,0.40930003286230693,0.29166666666666674,1.2005015560322687,Biotechnology,Healthcare,CYCCP
2007Q1,2007,Q1,2007-05-09,2007-03-31,-4890000.0,52000.0,-6637000.0,-2.5716945310733275,0.0,0.0,90246000.0,76146000.0,85231000.0,6579000.0,14100000.0,0.0,-143166000.0,11903202.2,-63292797.8,40.04585925625963,12.955008359933121,0.00021053564700928572,0.000249520657683923,-0.07830088899867844,40.04585925625963,-0.06421873768812544,228.9077346153846,-0.6085481697341513,0.15632078113098521,0.0,0.0,0.0,0.0005762028233938346,12.955008359933121,-0.054185227046074064,-1.9183242868654309,0.0,0.11653116531165315,-0.27244340359094454,3.0,0.0,1.0,0.11653116531165311,0.017468541820873425,0.7325530518486109,3.3333333333333335,0.9718769422001245,Biotechnology,Healthcare,CYCCP
