Quarters,Year,Quarter,FillingDate,Date,NetIncome,Revenue,OperatingIncome,EPSDiluted,GrossProfit,GrossProfitRatio,TotalAssets,CommonStockEquity,CurrentAssets,CurrentLiability,TotalLiability,Inventory,RetainedEarnings,MarketCap,EnterpriseValue,bookValuePerShare,currentRatio,debtToAssets,debtToEquity,roic,shareholdersEquityPerShare,roe,priceToSalesRatio,peRatio,pbRatio,payoutRatio,inventoryTurnover,dividendYield,assetTurnover,quickRatio,returnOnAssets,priceToFreeCashFlowsRatio,grossProfitMargin,epsdilutedGrowth,fiveYNetIncomeGrowthPerShare,fiveYRevenueGrowthPerShare,fiveYShareholdersEquityGrowthPerShare,grossProfitGrowth,netIncomeGrowth,operatingIncomeGrowth,threeYNetIncomeGrowthPerShare,threeYRevenueGrowthPerShare,threeYShareholdersEquityGrowthPerShare,Industry,Sector,Symbol
2023Q1,2023,Q1,2023-05-09,2023-03-31,-20143000.0,29208000.0,-15805000.0,-0.35,22964000.0,0.7862229526,150828000.0,-189038000.0,111014000.0,32745000.0,339866000.0,13989000.0,-950592000.0,144534686.8,358578686.8,-3.3220850346077615,3.390258054664834,1.7176518948736308,-1.3704651974735238,-0.22200916458465508,-3.3220850346077615,0.10655529576064071,4.948462298000548,-1.7938575038474904,-0.7645800674996562,0.0,0.4463507041246694,0.0,0.1936510462248389,2.5100626049778594,-0.1335494735725462,13.070599276541872,0.7862229526157217,-1.692307692307692,0.6100838124440094,1567.9601755957729,-1.9167455712877919,-0.6314851961806949,-1.814447394159564,-4.571025731406415,0.4662565587634402,1.6987430499863554,-1.5043560105247078,Biotechnology,Healthcare,PRTK
2022Q4,2022,Q4,2023-03-16,2022-12-31,-7157000.0,72627000.0,-2837000.0,-0.13,62315000.0,0.8580142371,172538000.0,-171042000.0,136842000.0,37388000.0,343580000.0,16565000.0,-930449000.0,101705335.60000001,325871335.6,-3.1448550669744804,3.6600513533754144,1.4977222408976574,-1.5108219033921493,-0.03219018365030344,-3.1448550669744804,0.04184352381286468,1.4003791372354635,-3.5526524940617583,-0.594621996936425,0.0,0.6225173558708119,0.0,0.4209333596077386,3.0032630790628008,-0.041480717291263375,-5.047661700332523,0.8580142371294422,0.717391304347826,0.8320786883427801,6.355275393290125,-2.0652332712761168,1.6547522685638818,0.7167675808302664,0.8279667697531987,0.8375132989188032,4.031913792156633,-1.6802462187799296,Biotechnology,Healthcare,PRTK
2022Q3,2022,Q3,2022-11-03,2022-09-30,-25269000.0,27845000.0,-16491000.0,-0.46,23473000.0,0.8429879691,157321000.0,-166152000.0,121341000.0,38976000.0,323473000.0,20750000.0,-923292000.0,141777881.87,373793881.87,-3.011828321652722,3.1132235221674875,1.6469702074103267,-1.5594335307429341,-0.21328417854884382,-3.011828321652722,0.1520836342626029,5.091681877177232,-1.4026859182199531,-0.8533022886874668,0.0,0.2106987951807229,0.0,0.17699480679629548,2.3026477832512313,-0.16062064187235017,-11.416207574683952,0.8429879691147423,-0.09523809523809533,0.4033534508329368,1167.3251556486828,-1.8376441849647562,0.035101644838382504,-0.14494789306751246,-0.2523541919805589,0.5422808966510979,3.181459710552727,-1.417299226043448,Biotechnology,Healthcare,PRTK
2022Q2,2022,Q2,2022-08-03,2022-06-30,-22070000.0,27555000.0,-13168000.0,-0.42,22677000.0,0.8229722373,163695000.0,-149367000.0,127768000.0,30100000.0,313062000.0,13083000.0,-902412000.0,102335065.5,320837065.5,-2.8170042066372645,4.244784053156146,1.576144659274871,-1.727336024690862,-0.15064356123095216,-2.8170042066372645,0.14775686731339585,3.7138474142623843,-1.15921007589488,-0.6851249974894053,0.0,0.372850263700986,0.0,0.16833134793365712,3.3624252491694353,-0.13482391032102387,-7.058077488102628,0.8229722373434948,0.0,0.37397126805995173,0.8914144213846876,-1.6794544630624049,0.17692547228565497,0.0016736780205364816,0.03974330926857726,0.593230976130374,7.245249612557671,-5.6828315802736284,Biotechnology,Healthcare,PRTK
2022Q1,2022,Q1,2022-05-04,2022-03-31,-22107000.0,22762000.0,-13713000.0,-0.42,19268000.0,0.8464985502,170157000.0,-140302000.0,133282000.0,28837000.0,310459000.0,12732000.0,-884793000.0,154884127.86,362863127.86,-2.690378580151563,4.621909352567881,1.5104403580222971,-1.8318484412196547,-0.1437212426409087,-2.690378580151563,0.15756724779404427,6.804504343203585,-1.751528111684082,-1.1039338559678409,0.0,0.27442664153314483,0.0,0.1337705765851537,3.7213302354613864,-0.12992119043001463,-8.089633754308995,0.8464985502152711,0.3636363636363637,0.6293051106719375,585.7240093670628,-1.767569776853434,-0.2884523062151483,0.31457538833596876,0.4970290492957746,0.6150765513515353,7.831819296246659,-6.426499637811818,Biotechnology,Healthcare,PRTK
2021Q4,2021,Q4,2022-03-14,2021-12-31,-32253000.0,31797000.0,-27264000.0,-0.66,27079000.0,0.8516212221,183869000.0,-127787000.0,152100000.0,31297000.0,311656000.0,11020000.0,-866883000.0,220970797.14000002,396339797.14,-2.596558628679254,4.859890724350577,1.3908597969206338,-2.0012677345895904,-0.21492688283341432,-2.596558628679254,0.2523965661608771,6.9494228115859995,-1.7127925862710447,-1.729211869282478,0.0,0.4281306715063521,0.0,0.1729329033170355,4.108732466370578,-0.1754129298576704,-11.155633942851374,0.8516212221278737,-0.7837837837837839,0.4005725351619789,538.0710624737084,-1.8775665274861233,0.3433376327016569,-0.7719481375673003,-0.9876066195232194,0.0757135453460057,0.22047397489235082,-2.754205004324597,Biotechnology,Healthcare,PRTK
2021Q3,2021,Q3,2021-11-08,2021-09-30,-18202000.0,24447000.0,-13717000.0,-0.37,20158000.0,0.8245592506237984,182348000.0,-104993000.0,153011000.0,29150000.0,287341000.0,8824000.0,-834630000.0,239179971.96,382840971.96000004,-2.1333976077450827,5.249090909090909,1.396560422927589,-2.4254950330022003,-0.09080618040752558,-2.1333976077450827,0.17336393854828416,9.783612384341637,-3.2850781776727835,-2.278056365281495,0.0,0.4860607434270172,0.0,0.13406782635400444,4.567101200686106,-0.099820124158203,9.106414314106225,0.8245592506237984,-2.85,0.6458035290323741,0.0,-1.5647920314974153,-0.5775244163138702,-2.8732118966759286,-1.9735964227411456,0.6340670060330312,314.36464115627615,-2.175084657064054,Biotechnology,Healthcare,PRTK
2021Q2,2021,Q2,2021-08-09,2021-06-30,9717000.0,57492000.0,14089000.0,0.2,47714000.0,0.829924163361859,179588000.0,-99291000.0,153504000.0,20977000.0,278879000.0,7954000.0,-816428000.0,321376929.94,500539929.94,-2.107072900741271,7.317728941221338,1.4169153841013877,-2.562780110986897,0.08981207608751084,-2.107072900741271,-0.09786385473003595,5.589941729979823,8.268419520942677,-3.236717627378111,0.0,1.2293185818456123,0.0,0.3201327482905317,6.488392048433999,0.05410717865336214,-9.644297630465445,0.829924163361859,1.512820512820513,1.1218546175025186,0.0,-1.3541998927980403,2.488885639075753,1.5296522402703587,1.990717952324028,1.2190245557936004,962.2671765827934,-1.7783657970729165,Biotechnology,Healthcare,PRTK
2021Q1,2021,Q1,2021-05-17,2021-03-31,-18346000.0,16427000.0,-14221000.0,-0.39,13676000.0,0.8325318073902721,159277000.0,-119008000.0,141831000.0,22957000.0,278285000.0,14207000.0,-826145000.0,329450480.44,478251480.44,-2.5502967210060508,6.178115607439996,1.5837252082849376,-2.119613807475128,-0.1055871106656272,-2.5502967210060508,0.15415770368378595,20.055425850124795,-4.489404780878665,-2.768305327709061,0.0,0.19363693953684805,0.0,0.10313479033382095,5.313760508777279,-0.1151829831049053,-15.12628468503214,0.8325318073902721,0.2777777777777778,0.7785297416354774,0.0,-1.6142468404578847,0.04444783870475027,0.26645341863254696,0.18890092967546912,0.56694662576892,1075.022325592539,-1.703766821166912,Biotechnology,Healthcare,PRTK
2020Q4,2020,Q4,2021-03-29,2020-12-31,-25010000.0,16021000.0,-17533000.0,-0.54,13094000.0,0.8173022907433993,176853000.0,-102260000.0,164117000.0,23953000.0,279113000.0,14555000.0,-807799000.0,287404180.86,434265180.86,-2.2273426854281846,6.851626101114683,1.416283580148485,-2.4493839233326815,-0.11707554855166336,-2.2273426854281846,0.24457265793076471,17.939216082641533,-2.872892651539384,-2.8105239669469975,0.0,0.20109927859841978,0.0,0.0905893595245769,5.882144199056485,-0.14141688294798505,-12.027795809165099,0.8173022907433993,-0.1739130434782609,0.5455205950570258,0.0,-1.387400432840488,0.12472083834392717,-0.19923279789019419,-0.09945444284191383,0.30486064786767925,0.9220905153891696,-1.7544511541939523,Biotechnology,Healthcare,PRTK
2020Q3,2020,Q3,2020-11-05,2020-09-30,-20855000.0,13659000.0,-15947000.0,-0.46,11642000.0,0.8523317958854968,198686000.0,-79884000.0,195002000.0,22899000.0,278570000.0,19458000.0,-782789000.0,246064901.86,441481901.86,-1.756335164963457,8.51574304554784,1.2614426783970687,-3.1374367833358368,-0.09265532127522355,-1.756335164963457,0.2610660457663612,18.014854810747494,-2.949711122752338,-3.0802776758800263,0.0,0.10365916332613835,0.0,0.06874666559294565,7.25062229791694,-0.10496461753721953,-8.497009629476157,0.8523317958854968,0.1320754716981132,0.6561895239479849,0.0,-1.2565564722286737,0.6420310296191819,0.09558090116657271,0.13547652607611407,0.4027416555006203,694.1177281130547,-1.488468724197883,Biotechnology,Healthcare,PRTK
2020Q2,2020,Q2,2020-08-10,2020-06-30,-23059000.0,9326000.0,-18446000.0,-0.53,7090000.0,0.7602401887197083,227126000.0,-63458000.0,222203000.0,33925000.0,290584000.0,17626000.0,-761934000.0,227747743.92,347178743.91999996,-1.4544634089387822,6.549830508474576,1.150797354772241,-4.11888178007501,-0.0924643972470212,-1.4544634089387822,0.36337420025843864,24.420731709200084,-2.4691849594518405,-3.5889524397239114,0.0,0.12685805060705777,0.0,0.04106090892280056,5.848400884303611,-0.10152514463337531,-11.182193937251435,0.7602401887197083,0.19696969696969696,0.44880528547506493,0.0,-1.1689031366188252,0.09939525507830671,0.1650432704493609,0.21766053100347782,0.20509361696290282,-0.22202565765793925,-1.350812985027135,Biotechnology,Healthcare,PRTK
2020Q1,2020,Q1,2020-05-11,2020-03-31,-27617000.0,7920000.0,-23578000.0,-0.66,6449000.0,0.8142676767676768,233660000.0,-55238000.0,227006000.0,43109000.0,288898000.0,13472000.0,-738875000.0,131169789.45,267595789.45,-1.3265226751494188,5.265860957108725,1.1172216040400582,-4.725913320540208,-0.11354683361425476,-1.3265226751494188,0.4999637930410225,16.561842102272728,-1.1874007807690914,-2.374629592852746,0.0,0.10918942992874109,0.0,0.033895403577848156,4.803173351272356,-0.11819310108704956,-4.289538227214756,0.8142676767676768,0.1851851851851852,0.10069541579201215,0.0,-1.225414815624319,-0.10604380371499861,-0.009208843413118948,-0.01716997411561691,0.42005009058701137,254.66767415437056,-1.378459270106923,Biotechnology,Healthcare,PRTK
2019Q4,2019,Q4,2020-03-10,2019-12-31,-27365000.0,8967000.0,-23180000.0,-0.81,7214000.0,0.8045054087208654,251079000.0,-39647000.0,243354000.0,24200000.0,290726000.0,11579000.0,-711258000.0,136172507.12,407675507.12,-1.173345584797073,10.05595041322314,1.0384301355350307,-6.576235276313466,-0.10501937029750426,-1.173345584797073,0.6902161575907383,15.185960423776068,-1.2440389833729217,-3.4346232279869855,0.0,0.15139476638742552,0.0,0.03571385898462237,9.29595041322314,-0.10898960088259074,-3.8117933915574964,0.8045054087208654,0.18999999999999995,-2.332394096687359,0.13202357391848754,-1.177659694790326,1.4240591397849462,0.1609431532470718,0.2009651844191658,0.2592594363177541,220.41711935846416,-1.396559045121695,Biotechnology,Healthcare,PRTK
2019Q3,2019,Q3,2019-11-12,2019-09-30,-32614000.0,3934000.0,-29010000.0,-1.0,2976000.0,0.7564819522114896,252774000.0,-40606000.0,245176000.0,25018000.0,293380000.0,8826000.0,-683893000.0,140790761.28,417023761.28,-1.2459476630795017,9.799984011511711,1.030208803120574,-6.413091661330838,-0.1305886165979437,-1.2459476630795017,0.8031817957937251,35.78819554651754,-1.0792202833139144,-3.46724034083633,0.0,0.1085429413097666,0.0,0.01556330951759279,9.212047325925333,-0.12902434585835568,-4.992757235362956,0.7564819522114896,0.01960784313725492,0.80520920424357,0.058751757847204614,-1.0581323040045902,1.013531799729364,0.017680190355712177,0.03688456558547193,0.041643003956270276,0.0,-1.3298500519619096,Biotechnology,Healthcare,PRTK
2019Q2,2019,Q2,2019-08-06,2019-06-30,-33201000.0,2045000.0,-30121000.0,-1.02,1478000.0,0.7227383863080684,276577000.0,-13677000.0,268684000.0,22080000.0,290254000.0,7572000.0,-651279000.0,133029428.19999999,387145428.2,-0.4215285351425723,12.168659420289854,0.9404144234697751,-19.0171090151349,-0.12096495666771082,-0.4215285351425723,2.4275060320245667,65.05106513447433,-1.0016974503780005,-9.726506412224902,0.0,0.07488114104595879,0.0,0.007393962621620742,11.57794384057971,-0.12004251980461138,-3.8454480025437934,0.7227383863080684,0.07272727272727278,0.5133418102388106,-0.7245899028907479,-1.0159262717213788,0.0617816091954023,0.06764953664700926,0.0958998679313243,0.3953174886298135,0.0,-1.070859134444892,Biotechnology,Healthcare,PRTK
2019Q1,2019,Q1,2019-05-08,2019-03-31,-35610000.0,1598000.0,-33316000.0,-1.1,1392000.0,0.8710888610763454,272444000.0,16031000.0,266847000.0,18985000.0,256413000.0,1978000.0,-618078000.0,182690280.95000002,507395280.95000005,0.49578526853757077,14.055675533315776,0.841424292698683,14.299856527977045,-0.1342878102654639,0.49578526853757077,-2.2213211901939993,114.3243310075094,-1.282577091757933,11.396062687917162,0.0,0.10414560161779575,0.0,0.0058654255553434835,13.716144324466685,-0.1307057597157581,-5.107788770374927,0.8710888610763454,-0.5492957746478875,0.3832717609591915,-0.8143476874226139,-0.9887910941425369,0.0,-0.5624588653415822,-0.6628899426004492,0.3796104910346549,0.0,-0.8805885871097255,Biotechnology,Healthcare,PRTK
2018Q4,2018,Q4,2019-03-06,2018-12-31,-22791000.0,17016000.0,-20035000.0,-0.71,0.0,0.0,300192000.0,47578000.0,255243000.0,17709000.0,252614000.0,0.0,-582468000.0,164894344.10999998,550230344.11,1.4801910964100684,14.413179739115703,0.7627085332054152,4.812287191559124,-0.07408135146384491,1.4801910964100684,-0.4790239186178486,9.690546785966148,-1.8087660053310517,3.465768718945731,0.0,0.0,0.0,0.0566837224176527,14.15099666836072,-0.07592141029740966,-8.682762577536726,0.0,0.29702970297029707,0.7988586915591541,1.6304249140118203,-0.9676042366822889,0.0,0.28962378829909924,0.323370482944951,0.4084461967610779,0.0,-0.7425512135212093,Biotechnology,Healthcare,PRTK
2018Q3,2018,Q3,2018-11-06,2018-09-30,-32083000.0,50000.0,-29610000.0,-1.01,0.0,0.0,317847000.0,57630000.0,292530000.0,25696000.0,260217000.0,0.0,-559677000.0,308857969.42,647550969.4200001,1.8155267324103876,11.384262141967621,0.7194656548590989,3.9680721846260627,-0.10341937061227341,1.8155267324103876,-0.5567065764358841,6177.1593884,-2.406710480784216,5.359326208918966,0.0,0.0,0.0,0.0001573083905149333,11.251245330012454,-0.10093850185781209,-15.090534490643476,0.0,-0.07446808510638304,0.6636334806282579,-0.9947321073045936,-0.9627522995386039,0.0,-0.07903676050179935,-0.06783511846802986,0.24213767575444808,0.0,-0.7347971258585194,Biotechnology,Healthcare,PRTK
2018Q2,2018,Q2,2018-08-02,2018-06-30,-29733000.0,40000.0,-27729000.0,-0.94,0.0,0.0,327828000.0,85492000.0,267896000.0,33995000.0,242336000.0,0.0,-527593000.0,322129005.0,484578005.0,2.7070471347341107,7.880453007795264,0.6666026086850422,2.556157301267955,-0.09120691526627919,2.7070471347341107,-0.3477869274318065,8053.225125,-2.708514150943396,3.767943257848687,0.0,0.0,0.0,0.00012201520309430555,7.793322547433446,-0.09069695084007467,-14.187580048447478,0.0,-0.03296703296703287,0.780620324259789,-0.9958840922886865,-0.9470687626442483,0.0,-0.07145945945945946,-0.03807277628032345,0.018122683246333114,0.0,-0.6856375009356874,Biotechnology,Healthcare,PRTK
2018Q1,2018,Q1,2018-05-09,2018-03-31,-27750000.0,10000.0,-26712000.0,-0.91,0.0,0.0,191292000.0,110767000.0,188228000.0,23365000.0,80525000.0,0.0,-497860000.0,397367022.0,407385022.0,3.6237808380585745,8.055981168414295,0.3099502331514125,0.5352767521012576,-0.15707582119041738,3.6237808380585745,-0.25052587864616715,39736.7022,-3.579883081081081,3.587413417353544,0.0,0.0,0.0,5.227610145745771e-05,7.924630858121121,-0.14506618154444514,-20.830730866009645,0.0,-0.16666666666666666,0.8652423334645593,-0.9989421288934079,-0.9342620528511707,0.0,-0.2675284337459462,-0.2801073465280107,-0.23102845897122234,0.0,-0.3842141527042471,Biotechnology,Healthcare,PRTK
2017Q4,2017,Q4,2018-03-06,2017-12-31,-21893000.0,5072000.0,-20867000.0,-0.78,0.0,0.0,163698000.0,82478000.0,160486000.0,16789000.0,81220000.0,0.0,-470112000.0,500075110.29999995,640152110.3,2.95226890839322,9.558996962296742,0.3615560361152855,0.7175974199180387,-0.1472992432798735,2.95226890839322,-0.2654404810979898,98.59525045347002,-5.710445237062074,6.063133324037925,0.0,0.0,0.0,0.03098388495888771,9.387813449282268,-0.1337401800877225,-22.387747248959123,0.0,-0.012987012987012998,0.8143906529617896,2.0303814525079327,-0.951957829843287,0.0,-0.026683549052710562,-0.028082967926294528,-2.224544390044387,-0.22555652506997895,-0.5529883096676766,Biotechnology,Healthcare,PRTK
2017Q3,2017,Q3,2017-11-08,2017-09-30,-21324000.0,12000.0,-20297000.0,-0.77,0.0,0.0,169734000.0,99872000.0,166206000.0,15797000.0,69862000.0,0.0,-448220000.0,697183071.8000001,843712071.8000001,3.595593899788661,10.521364816104324,0.2891524385214512,0.4914190163409164,-0.13626628891380388,3.595593899788661,-0.21351329702018584,58098.58931666667,-8.173690112080285,6.9807660986062166,0.0,0.0,0.0,7.069885821343985e-05,10.346268278787111,-0.12563187104528262,-44.863775534105535,0.0,-0.16666666666666663,-1.2446743433055276,-0.999935969080398,-0.9449032509835975,0.0,-0.17274377165484245,-0.2194052267948333,0.8505656849960473,-0.9962107057290426,-0.8322400178969418,Biotechnology,Healthcare,PRTK
2017Q2,2017,Q2,2017-08-02,2017-06-30,-18183000.0,7514000.0,-16645000.0,-0.66,0.0,0.0,182129000.0,113384000.0,178443000.0,15025000.0,68745000.0,0.0,-426895000.0,659085378.1,780224378.1,4.145979399326626,11.87640599001664,0.26890281064520205,0.43193925068792777,-0.10694871808218201,4.145979399326626,-0.16036654201651027,87.71431702155976,-9.061834929604576,5.812860527940451,0.0,0.0,0.0,0.0412564720610117,11.671281198003328,-0.09983583064750809,-41.21859775484678,0.0,0.4210526315789473,0.8161788850564242,-0.20801446857710806,-0.9381845311518289,0.0,0.3428623057462956,0.37824511598371374,0.6837885120801841,0.20059621562051982,-0.8433558135214216,Biotechnology,Healthcare,PRTK
2017Q1,2017,Q1,2017-05-04,2017-03-31,-27670000.0,18000.0,-26771000.0,-1.14,0.0,0.0,147365000.0,84809000.0,142799000.0,18635000.0,62556000.0,0.0,-408713000.0,465776041.5,520335041.5,3.5050605968104525,7.662946069224577,0.26505615308926816,0.46056432689926774,-0.2161234852949487,3.5050605968104525,-0.3262625428904951,25876.44675,-4.208312626490785,5.492059115188246,0.0,0.0,0.0,0.0001221456926678655,7.4924604239334585,-0.1877650731177688,-18.036556749535315,0.0,-0.04270129734633685,0.7436715604670893,0.0,-0.934351565994157,0.0,-0.045966583503439934,-0.034308233203260825,0.3595995858459452,-0.9972054191571561,-0.9207562290621499,Biotechnology,Healthcare,PRTK
2016Q4,2016,Q4,2017-03-02,2016-12-31,-26454000.0,29000.0,-25883000.0,-1.0933140707710705,0.0,0.0,135732000.0,71592000.0,132100000.0,20412000.0,64140000.0,0.0,-380362000.0,372620833.2,433708833.2,2.9588168501792724,6.471683323535175,0.2871393628621106,0.5443904346854397,-0.23409547238753323,2.9588168501792724,-0.36951055983908815,12848.994248275862,-3.5214035041959626,5.2047831210191084,0.0,0.0,0.0,0.00021365632275366164,6.288506760728983,-0.1948987711077712,-15.142879392042914,0.0,-0.05126352958756771,-1.239557169088293,-0.9998915050185619,-0.9477818685553255,0.0,-0.11960385982732351,-0.1198459741271146,0.6898504026446425,-0.9940446346058197,-0.9352427327719119,Biotechnology,Healthcare,PRTK
2016Q3,2016,Q3,2016-11-02,2016-09-30,-23628000.0,0.0,-23113000.0,-1.04,0.0,0.0,131611000.0,85472000.0,127458000.0,21751000.0,46139000.0,0.0,-353909000.0,294386520.11,328955520.11,3.77731534577227,5.859868511792561,0.14932642408309335,0.22993494945713217,-0.21986206896551724,3.77731534577227,-0.2764414077124672,0.0,-3.1148057401176565,3.444245134195994,0.0,0.0,0.0,0.0,5.563974070157694,-0.17952906671934718,-10.154060434257726,0.0,0.3846153846153846,0.7642474499596673,-1.0,-0.9253383729508344,0.0,0.21976026153287323,0.22314466254369456,0.6524877642973456,-1.0,-0.9225038618072208,Biotechnology,Healthcare,PRTK
2016Q2,2016,Q2,2016-08-04,2016-06-30,-30283000.0,0.0,-29752000.0,-1.69,0.0,0.0,159423000.0,106456000.0,155136000.0,28494000.0,52967000.0,0.0,-330281000.0,248923636.91,244096636.91,5.9488242192740985,5.444514634659928,0.12310018002421232,0.18434846321484932,-0.23597528572901547,5.9488242192740985,-0.2844649432629443,0.0,-2.054978345193673,2.33827719348839,0.0,0.0,0.0,0.0,5.28135747876746,-0.18995377078589665,-11.024076036758194,0.0,0.050561797752809036,0.1531343526645468,-1.0,-0.8909189748712357,0.0,0.03159476831569186,0.03188858518807757,0.6056814504534412,-1.0,-0.8836818824844845,Biotechnology,Healthcare,PRTK
2016Q1,2016,Q1,2016-05-02,2016-03-31,-31271000.0,0.0,-30732000.0,-1.78,0.0,0.0,123495000.0,73139000.0,119305000.0,25987000.0,50356000.0,0.0,-299998000.0,267230988.18,310802988.18,4.151908570022038,4.5909493208142536,0.15867039151382648,0.2679145189297092,-0.3313994867039058,4.151908570022038,-0.4275557500102544,0.0,-2.1364122364171276,3.6537413442896405,0.0,0.0,0.0,0.0,4.338746296225035,-0.2532167294222438,-14.360308892471386,0.0,-0.4833333333333334,-0.0269678929102825,-1.0,-0.9256733426073734,0.0,-0.4816166019141476,-0.5087633168049487,0.7365006812760031,-1.0,-0.9246814423001625,Biotechnology,Healthcare,PRTK
2015Q4,2015,Q4,2016-03-09,2015-12-31,-21106000.0,0.0,-20369000.0,-1.2,0.0,0.0,145918000.0,101240000.0,142417000.0,20502000.0,44678000.0,0.0,-268726000.0,334035426.54999995,222298426.54999995,5.749458432704674,6.946493025070724,0.13408215573130114,0.1932536546819439,-0.16861057075452174,5.749458432704674,-0.2084749111023311,0.0,-3.9566406063441675,3.2994411946858944,0.0,0.0,0.0,0.0,6.440688713296264,-0.14464288161844324,-21.058846712268313,0.0,0.09774436090225572,0.4893491970963869,-1.0,-0.8989292402627399,0.0,0.09884291874813202,0.12848707855553654,0.7161051527383645,-1.0,-0.9064392611568444,Biotechnology,Healthcare,PRTK
2015Q3,2015,Q3,2015-11-12,2015-09-30,-23421000.0,0.0,-23372000.0,-1.33,0.0,0.0,160813000.0,120224000.0,154987000.0,13606000.0,40589000.0,0.0,-247620000.0,333672452.0,206780452.0,6.845803380855666,11.391077465823901,0.1214827159495812,0.16249667287729572,-0.16722953634802518,6.845803380855666,-0.194811352142667,0.0,-3.5616802442252675,2.775422977109396,0.0,0.0,0.0,0.0,10.781860943701309,-0.14564121059864563,-15.149714052213394,0.0,-0.3854166666666668,0.4607466525577057,-1.0,-0.8838095190382891,0.0,-0.4918784635964074,-0.4906562918553479,-1.4250417116493672,-1.0,-0.8950989680139312,Biotechnology,Healthcare,PRTK
2015Q2,2015,Q2,2015-08-11,2015-06-30,-15699000.0,0.0,-15679000.0,-0.96,0.0,0.0,160101000.0,140989000.0,154026000.0,11367000.0,19112000.0,0.0,-224198000.0,421924324.38,274982324.38,8.611227938419908,13.55027711797308,0.0,0.0,-0.11120725730376128,8.611227938419908,-0.11134911234209761,0.0,-6.718968156888974,2.9926045604976275,0.0,0.0,0.0,0.0,13.129057798891528,-0.09805685161241966,-29.527911287003988,0.0,-0.29729729729729726,0.480410763140994,-1.0,-0.8589348087888754,0.0,-0.47644126775134016,-0.47456033104486034,0.7349020704387867,-1.0,-0.8716088429049234,Biotechnology,Healthcare,PRTK
2015Q1,2015,Q1,2015-05-15,2015-03-31,-10633000.0,0.0,-10633000.0,-0.74,0.0,0.0,99701000.0,84848000.0,94042000.0,7284000.0,14853000.0,0.0,-208499000.0,450711212.70000005,359601212.70000005,5.884806956789518,12.91076331685887,0.0,0.0,-0.12531821610409202,5.884806956789518,-0.12531821610409202,0.0,-10.596990799868335,5.3119839324438995,0.0,0.0,0.0,0.0,12.754118616144975,-0.10664888015165344,-134.06044399167163,0.0,-2.044927882420091,0.5531939469448895,-1.0,-0.9057326873206879,0.0,-2.03453196347032,-2.646739972123277,0.834697100517945,0.0,-0.8897798339088702,Biotechnology,Healthcare,PRTK
2014Q4,2014,Q4,2015-04-02,2014-12-31,-3504000.0,3380000.0,6457000.0,-0.24302710230754374,0.0,0.0,109967000.0,95224000.0,101329000.0,3741000.0,14743000.0,0.0,-197866000.0,555819489.75,464563489.75,6.604455704946788,27.086073242448542,0.0,0.0,0.06780853566327817,6.604455704946788,-0.03679744602201126,164.44363602071007,-39.65607090111301,5.836968513715029,0.0,0.0,0.0,0.03073649367537534,26.808340016038493,-0.03186410468595124,-39.88085597689603,0.0,0.9529019160372519,0.8843065993822791,-0.9162729174672992,-0.8962932905905068,0.0,0.5727350323131325,1.7907176096007837,-1.0532499180216959,-0.9787790229741338,-0.8834424861070582,Biotechnology,Healthcare,PRTK
2014Q3,2014,Q3,2014-10-28,2014-09-30,-8201000.0,182000.0,-8166000.0,-5.160021,0.0,0.0,36853000.0,34214000.0,36840000.0,2639000.0,2639000.0,0.0,-153887000.0,37237454.4800651,16842454.4800651,21.43296544690746,13.959833270178098,0.0,0.0,-0.23867422692465073,21.43296544690746,-0.23969719997661776,204.60139824211592,-1.1351498134393703,1.0883689273415884,0.0,0.0,0.0,0.0049385396032887415,13.749147404319817,-0.22253276531082952,-13.22822539256309,0.0,-1.388888657408372,-0.48241266137935307,-0.9399169318371638,-0.6777772361400943,0.0,-1.4657245941070354,-1.473046638400969,-0.1598859421921341,-0.7944452990178698,-0.5763604766158354,Biotechnology,Healthcare,PRTK
2014Q2,2014,Q2,2014-08-06,2014-06-30,-3326000.0,362000.0,-3302000.0,-2.160009,0.0,0.0,44359000.0,41867000.0,44339000.0,2492000.0,2492000.0,0.0,-145686000.0,36261472.104858294,19416472.104858294,26.4674961294756,17.792536115569824,0.0,0.0,-0.07886879881529606,26.4674961294756,-0.07944204265889603,100.16981244435993,-2.725606742698308,0.8661110684992547,0.0,0.0,0.0,0.008160688924457269,17.41653290529695,-0.07497914741089745,-21.97664976052018,0.0,-0.20000033333203715,0.6780393830537679,0.0,-0.62054194923724,0.0,-0.1861626248216833,-0.18521177315147164,-0.05224746484843596,-0.9176878503148573,-0.5146769337980044,Biotechnology,Healthcare,PRTK
2014Q1,2014,Q1,2014-05-05,2014-03-31,-2804000.0,418000.0,-2786000.0,-1.800007,0.0,0.0,71390000.0,69454000.0,71366000.0,1936000.0,1936000.0,0.0,-142360000.0,33854661.45671449,12493661.456714489,44.231370558569594,36.86260330578512,0.0,0.0,-0.04011288046764765,44.231370558569594,-0.04037204480663461,80.99201305434089,-3.018425593501649,0.48744005322536493,0.0,0.0,0.0,0.005855161787365178,36.064566115702476,-0.039277209693234345,-258.4325302039274,0.0,0.482758690051247,0.8430814959657665,0.0,-0.598735997830965,0.0,0.4934056007226739,0.49510692279811525,-0.033064592269509314,-0.9044449736760488,-0.20817863156951452,Biotechnology,Healthcare,PRTK
2013Q4,2013,Q4,2014-03-14,2013-12-31,-5535000.0,316000.0,-5518000.0,-3.480014,0.0,0.0,73670000.0,71742000.0,73627000.0,1928000.0,1928000.0,0.0,-139556000.0,36930405.779828,26995405.779827997,45.69088500534977,38.18827800829875,0.0,0.0,-0.07691449917760865,45.69088500534977,-0.0771514593961696,116.86837272097468,-1.6680400081223123,0.5147668838313401,0.0,0.0,0.0,0.004289398669743451,37.84647302904564,-0.07513234695262658,-6.76381058238608,0.0,-0.1600000266665601,0.37741827346970147,0.0,-0.5920640011301209,0.0,-0.17690835636827557,-0.1775501493811353,-0.5018169411654203,-0.9277584103530852,-0.1967917474992387,Biotechnology,Healthcare,PRTK
2013Q3,2013,Q3,2013-11-07,2013-09-30,-4703000.0,468000.0,-4686000.0,-3.000012,0.0,0.0,79349000.0,76289000.0,79298000.0,3060000.0,3060000.0,0.0,-134021000.0,34840690.45346927,21198690.45346927,48.74198165043829,25.91437908496732,0.0,0.0,-0.061424320675326716,48.74198165043829,-0.061647157519432685,74.44591977237023,-1.8520460585514176,0.4566935004190548,0.0,0.0,0.0,0.005897994933773583,24.75980392156863,-0.059269808063113584,-19.280957638887255,0.0,0.3055555105454446,0.8117187066643863,0.38626627062347124,-0.7587553346611385,0.0,0.298896839594514,0.2997609085475194,-0.21498357212582989,-0.8929466116690946,-0.17272612490903258,Biotechnology,Healthcare,PRTK
2013Q2,2013,Q2,2013-08-08,2013-06-30,-6708000.0,481000.0,-6692000.0,-4.320017,0.0,0.0,81291000.0,79940000.0,81239000.0,1351000.0,1351000.0,0.0,-129318000.0,32058919.85117221,14211919.851172209,51.142714018567226,60.13249444855663,0.0,0.0,-0.08371278458844134,51.142714018567226,-0.08391293470102577,66.65056102114805,-1.1948017237318205,0.4010372760967251,0.0,0.0,0.0,0.005917014183611962,57.42857142857143,-0.08251835996604791,-9.780024359723065,0.0,0.3571429102889021,-1.0391724652529586,-0.99753750766622,-0.7642921950129843,0.0,0.36114285714285715,0.361145584725537,-1.325524841714836,-0.8900232261366523,-0.16220348785601388,Biotechnology,Healthcare,PRTK
2013Q1,2013,Q1,2013-05-09,2013-03-31,-10500000.0,482000.0,-10475000.0,-6.720027,0.0,0.0,88030000.0,85916000.0,84980000.0,2114000.0,2114000.0,0.0,-122610000.0,53459542.25269726,23751542.25269726,55.12464254252437,40.19867549668874,0.0,0.0,-0.1219214116113413,55.12464254252437,-0.12221239350062853,110.91191338733871,-1.2728462441118393,0.6222303442047727,0.0,0.0,0.0,0.005475406111552879,38.3519394512772,-0.11927751902760422,-12.513937793234376,0.0,-0.5999999523811451,-1.4856775299431513,-0.9805035874482978,-0.4848413302127747,0.0,-0.6020750686603601,-0.6068415401135143,-3.0816302411023933,-0.8895588291114266,-0.11697155861737839,Biotechnology,Healthcare,PRTK
2012Q4,2012,Q4,2013-03-12,2012-12-31,-6554000.0,93000.0,-6519000.0,-4.200017,0.0,0.0,98056000.0,95393000.0,94966000.0,2663000.0,2663000.0,0.0,-112110000.0,48355303.67504259,8987303.675042592,61.45161425395551,35.66128426586557,0.0,0.0,-0.06833834767750255,61.45161425395551,-0.06870525090939587,519.9495018821784,-1.84449586798301,0.5069062056444664,0.0,0.0,0.0,0.0009484376274781758,32.11978971085242,-0.06683935710206412,-3.5726120188431914,0.0,-2.4000000666664,0.31239408429377163,-0.9967871964870209,-0.4250859491679538,-1.0,-2.3499485066941297,-2.330408163265306,-1.009912280173209,-0.9786027291419981,-0.03505375962990415,Biotechnology,Healthcare,PRTK
2012Q3,2012,Q3,2012-11-13,2012-09-30,4855000.0,10440000.0,4900000.0,3.000012,10440000.0,1.0,104347000.0,100978000.0,101219000.0,3369000.0,3369000.0,0.0,-105556000.0,56648013.56640025,-13388986.433599748,65.2596380726246,30.044226773523302,0.0,0.0,,65.2596380726246,0.048079779754005826,5.426054939310369,2.916993489515976,0.560993618079188,0.0,0.0,0.0,0.10005079206877054,29.28791926387652,0.046527451675659096,8.743326681031062,1.0,1.8333334259255658,1.4026345682490575,-0.6728198461167035,-0.4181292265600945,20.176470588235293,1.9445525291828794,1.9613498136158525,1.9053802602007657,2.5556638478047007,-0.018887936886383766,Biotechnology,Healthcare,PRTK
2012Q2,2012,Q2,2012-08-13,2012-06-30,-5140000.0,493000.0,-5097000.0,-3.600014,493000.0,1.0,98430000.0,95312000.0,95270000.0,3118000.0,3118000.0,0.0,-110411000.0,61675146.91736268,12681146.917362683,67.0702572766993,30.554842847979472,0.0,0.0,,67.0702572766993,-0.053928151754238714,125.101717885117,-2.999763955124644,0.6470869031954285,0.0,0.0,0.0,0.005008635578583765,29.580821039127645,-0.052219851671238444,-13.28346907546041,1.0,0.18918932310634784,0.912350135872346,-0.009285826876376241,-0.2842749391020264,0.0,0.007146996329920803,0.008558646177786422,0.446159132657856,0.0,-0.038430043934897226,Biotechnology,Healthcare,PRTK
2012Q1,2012,Q1,2012-05-15,2012-03-31,-5177000.0,0.0,-5141000.0,-4.440018,0.0,0.0,64592000.0,61956000.0,61342000.0,2597000.0,2636000.0,0.0,-105271000.0,85453300.98578955,83134300.98578955,53.391381681678574,23.620331151328458,0.0,0.0,,53.391381681678574,-0.08355930014849249,0.0,-4.126583976520647,1.3792578763281935,0.0,0.0,0.0,0.0,22.797458606083943,-0.08014924448848154,-24.078134963592436,0.0,-1.972856904723565,0.8385901698324851,0.0,-0.5908917529959129,-1.0,-1.9775302114803626,-1.9649024024024024,0.6079612736102366,0.0,-0.515636996449027,Biotechnology,Healthcare,PRTK
2011Q4,2011,Q4,2012-03-30,2011-12-31,5296000.0,12819000.0,5328000.0,4.563896271324323,12819000.0,1.0,69151000.0,65752000.0,65837000.0,3339000.0,3399000.0,0.0,-100094000.0,63602599.49802654,52943599.49802654,56.662633616336265,19.71758011380653,0.0,0.0,,56.662633616336265,0.08054507847670032,4.961588228257004,3.0023885714702865,0.9673104924264896,0.0,0.0,0.0,0.18537692875012654,18.67684935609464,0.07658602189411577,8.57871587510474,1.0,2.0279003984498085,1.224758461268782,0.0,-0.6354256215159121,19.5104,2.0611099979963936,2.0737605804111245,1.806043386382678,0.0,-0.4941063619106589,Biotechnology,Healthcare,PRTK
2011Q3,2011,Q3,2011-11-10,2011-09-30,-4991000.0,625000.0,-4962000.0,-4.440018,625000.0,1.0,59445000.0,57009000.0,55310000.0,2342000.0,2436000.0,0.0,-105390000.0,52217552.51449883,48161552.51449883,50.592459541296456,23.616567036720753,0.0,0.0,,50.592459541296456,-0.08754758020663404,83.54808402319813,-2.6155856799488495,0.9159527884105813,0.0,0.0,0.0,0.010513920430650182,23.087959009393682,-0.08395996299100009,-9.830111542639086,1.0,-1.176470876584798,0.756381819173843,0.0,-0.7106441213975521,-0.8,-1.2221727515583258,-1.2351351351351352,0.7224630097241681,1.571472777461796,-0.7495965375753204,Biotechnology,Healthcare,PRTK
2011Q2,2011,Q2,2011-08-15,2011-06-30,-2246000.0,3125000.0,-2220000.0,-2.040008,3125000.0,1.0,65203000.0,61298000.0,60995000.0,3728000.0,3905000.0,0.0,-100399000.0,86154782.66349858,81256782.66349858,54.535829785719685,16.361319742489272,0.0,0.0,,54.535829785719685,-0.036640673431433325,27.569530452319547,-9.589802166462443,1.4055072378136086,0.0,0.0,0.0,0.04792724261153628,15.994098712446352,-0.034446267809763356,-24.166839456801846,1.0,-0.21428541666790663,0.9440738792504376,0.0,-0.8456048354840128,0.0,-0.15832903558535327,-0.16230366492146597,-1.0182395279927927,-0.9777517515461888,-0.748653919162939,Biotechnology,Healthcare,PRTK
2011Q1,2011,Q1,2011-05-16,2011-03-31,-1939000.0,3125000.0,-1910000.0,-1.680007,3125000.0,1.0,69230000.0,62661000.0,64949000.0,6308000.0,6569000.0,0.0,-98153000.0,64310063.275049485,60703063.275049485,55.86028910313841,10.296290424857323,0.0,0.0,,55.86028910313841,-0.030944287515360432,20.579220248015837,-8.29165333613325,1.026317219244019,0.0,0.0,0.0,0.04513939043767153,10.03281547241598,-0.02800808897876643,-14.94540164421322,1.0,0.2842615069445499,0.9939399891841753,-0.803271770004952,1.0216844527220792,0.0,0.263577668059248,0.26197836166924265,0.3622251092471229,-0.8243727867753202,-0.47796646107766644,Biotechnology,Healthcare,PRTK
2010Q4,2010,Q4,2011-03-30,2010-12-31,-2633000.0,3125000.0,-2588000.0,-2.347235779967818,3125000.0,1.0,73807000.0,63811000.0,69423000.0,9648000.0,9996000.0,0.0,-96214000.0,58106772.678335406,44386772.678335406,56.88547753722994,7.195584577114428,0.0,0.0,,56.88547753722994,-0.04126247825610004,18.59416725706733,-5.517164135808527,0.9106074607565374,0.0,0.0,0.0,0.04234015743764142,7.045087064676617,-0.03567412305065915,-9.841933041723477,1.0,0.06856092635830105,0.9908102425747823,3.6362316238157004,1.021928042439693,0.0,0.04842790025298157,0.056851311953352766,0.6177274659989855,-0.8506035395837174,-0.46780469933156993,Biotechnology,Healthcare,PRTK
2010Q3,2010,Q3,2010-11-15,2010-09-30,-2767000.0,3125000.0,-2744000.0,-2.52001,3125000.0,1.0,80273000.0,65920000.0,75773000.0,13917000.0,14353000.0,0.0,-93581000.0,54587976.68479451,41860976.68479451,58.91879716989564,5.444636056621398,0.0,0.0,,58.91879716989564,-0.0419751213592233,17.46815253913424,-4.9320542722076715,0.8280943065047711,0.0,0.0,0.0,0.038929652560636824,5.332255514837968,-0.034469871563290275,-12.400721645796118,1.0,-0.4000001111106791,0.9903173738547545,3.6483191722562744,0.0,0.0,-0.3425521591460456,-0.3378839590443686,0.6826417733529287,-0.8645574091878028,-0.4746657031526301,Biotechnology,Healthcare,PRTK
2010Q2,2010,Q2,2010-08-12,2010-06-30,-2061000.0,3125000.0,-2051000.0,-1.800007,3125000.0,1.0,84980000.0,68176000.0,80366000.0,15245000.0,16804000.0,0.0,-90814000.0,65122668.44265819,55010668.44265819,61.044314791534596,5.2716300426369305,0.0,0.0,,61.044314791534596,-0.030230579676132362,20.839253901650622,-7.899401800419481,0.9552139820854582,0.0,0.0,0.0,0.03677335843727936,5.173827484421122,-0.024252765356554483,-16.536990462838546,1.0,-0.07142827381076382,-1.007225019594934,3.6566433173748716,0.0,0.0,-0.11889250814332247,-0.11528004350190321,0.9552804487501962,6.990662637450729,-0.34857941961667815,Biotechnology,Healthcare,PRTK
2010Q1,2010,Q1,2010-05-14,2010-03-31,-1842000.0,3125000.0,-1839000.0,-1.680007,3125000.0,1.0,89589000.0,69668000.0,84878000.0,15111000.0,19921000.0,0.0,-88753000.0,62261770.02065249,57191770.02065249,62.426802987468584,5.616967771821852,0.0,0.0,,62.426802987468584,-0.0264396853648734,19.923766406608795,-8.45029451963253,0.8936925133583925,0.0,0.0,0.0,0.03488151447164273,5.497716894977169,-0.020560559890165087,-11.596530083936019,1.0,0.20023025808203304,0.993537884618012,3.6601191249576774,0.0,0.00010689142455545648,0.21425567147867527,0.18292740361075888,0.9402839045058655,0.0,-0.5216583813369138,Biotechnology,Healthcare,PRTK
2009Q4,2009,Q4,2010-03-30,2009-12-31,-2344274.0,3124666.0,-2250718.0,-2.100613354002482,3124666.0,1.0,95218000.0,71071000.0,90378000.0,16085000.0,24147000.0,0.0,-86911000.0,53121710.93358107,36260710.93358107,63.68397707875035,5.618775256450109,0.0017853767144867566,0.0023919742229601385,,63.68397707875035,-0.03298495870326856,17.000764540460025,-5.665049278964519,0.7474456660745039,0.0,0.0,0.0,0.03281591715852045,5.527012744793286,-0.024620071835157218,-14.434584643689208,1.0,0.39637790135255724,0.9915441887581531,-0.8193469378191018,1.0305882202936407,0.499839200051456,0.38387183929555135,0.42169171869780825,0.8965509737518084,0.0,-0.5902494310432737,Biotechnology,Healthcare,PRTK
2009Q3,2009,Q3,2009-11-16,2009-09-30,-3804848.0,2083334.0,-3891900.0,-3.480014,2083334.0,1.0,100016740.0,73027637.0,94910750.0,15632301.0,26989103.0,0.0,-84567159.0,106057450.24553351,95508134.24553351,66.51598785312999,6.071451029506149,0.001802478265138416,0.00246862704868843,,66.51598785312999,-0.05210148042993641,50.90755982743694,-6.968573399353503,1.4522919623639678,0.0,0.0,0.0,0.020829853082593972,5.94900814665736,-0.03804211175049297,5.3929589249912455,1.0,0.4629629572473937,0.9860496447673038,-0.8775661029173724,0.0,0.0,0.465093909643512,0.4645796291802245,0.8093855303827774,0.0,-0.6195719227557647,Biotechnology,Healthcare,PRTK
2009Q2,2009,Q2,2009-08-14,2009-06-30,-7113114.0,0.0,-7268868.0,-6.480026,0.0,0.0,80577812.0,75971088.0,75332926.0,3731620.0,4606724.0,0.0,-80762310.0,39417646.92745352,29500200.927453518,69.75078292916041,20.187727046162255,0.0023666688790209395,0.002510178608999255,,69.75078292916041,-0.09362922379102956,0.0,-1.3853864470418134,0.518850630748549,0.0,0.0,0.0,0.0,19.681448807756418,-0.08827633592235043,-5.396824737094941,0.0,0.43157896029542336,0.9737112662811085,-1.0,0.0,0.0,0.16686453268092208,0.16059169140439059,0.8172195117039356,0.0,-0.8025301228975419,Biotechnology,Healthcare,PRTK
2009Q1,2009,Q1,2009-05-15,2009-03-31,-8537764.0,0.0,-8659514.0,-11.400046,0.0,0.0,88290245.0,82700352.0,83044802.0,4688808.0,5589893.0,0.0,-73649197.0,15807913.475326952,-19030523.52467305,110.23009868684122,17.71128227046192,0.002275596811403117,0.0024294092484636585,,110.23009868684122,-0.10323733567663654,0.0,-0.4628821280175627,0.19114687051545987,0.0,0.0,0.0,0.0,17.26800116362197,-0.09670110214327755,-1.9349008395012453,0.0,-1.0133962597909605,0.9541914925426411,-1.0,0.0,0.0,-1.0098314500941619,-0.8226718585560935,0.9601042423828292,-1.0,1.0427903149429034,Biotechnology,Healthcare,PRTK
2008Q4,2008,Q4,2009-03-31,2008-12-31,-4248000.0,0.0,-4751000.0,-5.662097535228163,0.0,0.0,86813000.0,84032000.0,86039000.0,2711000.0,2781000.0,0.0,-89086000.0,7877697.74518054,-3564302.25481946,112.00503297558687,31.736997417926965,0.0,0.0,,112.00503297558687,-0.05055217060167555,0.0,-0.46361215543670786,0.09374640309858792,0.0,0.0,0.0,0.0,31.568424935448174,-0.04893276352619999,-1.3282242025258033,0.0,0.6504892088255101,0.9772077865259733,-1.0,1.0537974350819383,0.0,0.38264787094899,0.36236746745403303,0.977832093686224,-1.0,1.0431753625508453,Biotechnology,Healthcare,PRTK
2008Q3,2008,Q3,2008-11-10,2008-09-30,-6881000.0,93000.0,-7451000.0,-16.200065,0.0,0.0,91713000.0,87114000.0,90461000.0,4535000.0,4599000.0,0.0,-84838000.0,4647978.450550375,-3510021.5494496254,202.04376988802406,19.947298787210585,0.0,0.0,,202.04376988802406,-0.0789884519135845,49.978262909143815,-0.1688700207291954,0.05335512604805627,0.0,0.0,0.0,0.0010140329070033691,19.83880926130099,-0.07502753153860413,19.12748333559825,0.0,-1.1483516499114377,0.9357581227575626,-0.9860830383400682,0.0,0.0,-1.1460562064866702,-1.1605645943325074,0.9375177879167235,-0.6410369869204559,0.0,Biotechnology,Healthcare,PRTK
2008Q2,2008,Q2,2008-08-11,2008-06-30,47112000.0,53739000.0,46405000.0,109.200437,0.0,0.0,98257000.0,93306000.0,96476000.0,4897000.0,4951000.0,0.0,-77956000.0,7796513.241918756,-6140486.758081244,216.9750552867119,19.701041453951397,0.0,0.0,,216.9750552867119,0.5049192977943541,0.14508110016782516,0.04137222598233335,0.08355854116475635,0.0,0.0,0.0,0.5469228655464751,19.391872575045948,0.47947728914988247,-1.0014789006960507,0.0,37.4000000666664,1.4410023816589173,7.0629467410489015,0.0,0.0,41.61379310344827,22.503707136237256,-0.5710772237234666,206.96921966090818,0.0,Biotechnology,Healthcare,PRTK
2008Q1,2008,Q1,2008-05-12,2008-03-31,-1160000.0,6789000.0,-2158000.0,-3.000012,0.0,0.0,105148000.0,45798000.0,103192000.0,59305000.0,59350000.0,0.0,-125068000.0,8089215.334539307,-12130784.665460693,107.0051729213688,1.7400219205800522,0.0,0.0,,107.0051729213688,-0.02532861697017337,1.1915179458741063,-1.7433653738231265,0.17662813517051634,0.0,0.0,0.0,0.06456613535207517,1.7236152095101593,-0.011032069083577433,3.2049189122580457,0.0,0.511415853890411,0.9890899835030964,0.02345333055628431,0.0,0.0,0.558599695585997,0.4483640081799591,0.9893888224651496,25.398139210263334,0.0,Biotechnology,Healthcare,PRTK
2007Q4,2007,Q4,2008-03-17,2007-12-31,-2628000.0,7981000.0,-3912000.0,-6.1402156084841515,0.0,0.0,109820000.0,45748000.0,107779000.0,19166000.0,64072000.0,0.0,-123908000.0,8928096.924799558,-15791903.075200442,106.88834994556049,5.623447772096421,0.0,0.0,,106.88834994556049,-0.05744513421351753,1.1186689543665653,-0.8493242888888468,0.19515819106408056,0.0,0.0,0.0,0.07267346567109816,5.537357821141605,-0.023930067382990347,-0.909174839592623,0.0,0.21279599933844473,0.9752831695225325,0.20314936384882973,1.0513398274563714,0.0,0.1881371640407785,0.15324675324675324,0.9752831695225325,0.20314936384882973,1.0513398274563714,Biotechnology,Healthcare,PRTK
2007Q3,2007,Q3,2007-11-13,2007-09-30,-3237000.0,8566000.0,-4620000.0,-7.800031,0.0,0.0,113014000.0,46587000.0,111331000.0,19044000.0,66427000.0,0.0,-121280000.0,23028873.906723406,5897873.906723406,112.15486505160322,5.845988237765176,0.0,0.0,,112.15486505160322,-0.06948290295576019,2.6884046120386884,-1.7785661033922928,0.4943197438496449,0.0,0.0,0.0,0.0757959190896703,5.792585591262339,-0.028642469074627922,0.5070987141726687,0.0,0.8115942095497879,0.9686306709694664,0.3305629220952744,0.0,0.0,0.7980283271978537,0.7232207045291158,0.9686306709694664,0.3305629220952744,0.0,Biotechnology,Healthcare,PRTK
2007Q2,2007,Q2,2007-08-14,2007-06-30,-16027000.0,136000.0,-16692000.0,-41.400166,0.0,0.0,107781000.0,36395000.0,107448000.0,21490000.0,71386000.0,0.0,-118042000.0,25745673.735495094,12481673.735495094,93.70952750005793,4.999906933457422,0.0,0.0,,93.70952750005793,-0.44036268718230526,189.3064245256992,-0.4015984547247628,0.7073958987634317,0.0,0.0,0.0,0.0012618179456490477,4.946719404374128,-0.1486996780508624,29.423627126280106,0.0,-0.5000000362317396,0.8338870775316597,-0.9774064274881772,0.0,0.0,-0.5064385750540464,-0.46075085324232085,0.8338870775316597,-0.9774064274881772,0.0,Biotechnology,Healthcare,PRTK
2007Q1,2007,Q1,2007-05-15,2007-03-31,-10639000.0,0.0,-11427000.0,-27.60011,0.0,0.0,58044000.0,50234000.0,57698000.0,7810000.0,7810000.0,0.0,-102016000.0,20827887.45937616,1553887.45937616,130.50673525323774,7.387708066581306,0.0,0.0,,130.50673525323774,-0.2117888282836326,0.0,-0.48942305337381714,0.414617340036154,0.0,0.0,0.0,0.0,7.286811779769526,-0.18329198539039349,-1.050852041340876,0.0,-0.3592241991619755,0.8887384436080442,-1.0,0.0,0.0,-0.36118219037871035,-0.30968481375358164,0.8887384436080442,-1.0,0.0,Biotechnology,Healthcare,PRTK
