Quarters,Year,Quarter,FillingDate,Date,NetIncome,Revenue,OperatingIncome,EPSDiluted,GrossProfit,GrossProfitRatio,TotalAssets,CommonStockEquity,CurrentAssets,CurrentLiability,TotalLiability,Inventory,RetainedEarnings,MarketCap,EnterpriseValue,bookValuePerShare,currentRatio,debtToAssets,debtToEquity,roic,shareholdersEquityPerShare,roe,priceToSalesRatio,peRatio,pbRatio,payoutRatio,inventoryTurnover,dividendYield,assetTurnover,quickRatio,returnOnAssets,priceToFreeCashFlowsRatio,grossProfitMargin,epsdilutedGrowth,fiveYNetIncomeGrowthPerShare,fiveYRevenueGrowthPerShare,fiveYShareholdersEquityGrowthPerShare,grossProfitGrowth,netIncomeGrowth,operatingIncomeGrowth,threeYNetIncomeGrowthPerShare,threeYRevenueGrowthPerShare,threeYShareholdersEquityGrowthPerShare,Industry,Sector,Symbol
2023Q4,2023,Q4,2023-05-25,2023-03-31,604000000.0,2232700000.0,848000000.0,1.09,1519300000.0,0.6804765531,16370300000.0,6513600000.0,3069300000.0,3118600000.0,9856700000.0,1324900000.0,5764100000.0,45819282000.0,52025182000.0,11.910038398244652,0.9841916244468671,0.3933892476008381,0.9886852124785065,0.048712992156130897,11.910038398244652,0.09272905919921395,20.521916065749988,18.964934602649006,7.034402173913044,0.32433774834437085,0.5384557325081138,0.004275492575374708,0.13638723786369217,0.493586865901366,0.03689608620489545,76.77493632707775,0.6804765530523581,0.04807692307692312,2.531259432153091,0.9110683616577379,0.7038203599171872,0.032975251563774816,0.04084094433913493,0.04484967964514539,4.308669430081023,0.47798522145105193,0.023937058246724936,Semiconductors,Technology,MCHP
2023Q3,2023,Q3,2023-02-02,2022-12-31,580300000.0,2169200000.0,811600000.0,1.04,1470800000.0,0.6780379864,16116100000.0,6311600000.0,2833700000.0,1611100000.0,9804500000.0,1165400000.0,5356000000.0,38581300000.0,44881100000.0,11.492352512745812,1.758860405933834,0.41091827427231153,1.0492426643006527,0.047649978572297816,11.492352512745812,0.09194182140820077,17.785957956850453,16.621273479234876,6.112760631218708,0.3107013613648113,0.5992792174360735,0.004673248439010609,0.13459832093372465,0.9086338526472596,0.03600747079007949,33.94448354742214,0.6780379863544164,0.06122448979591842,2.9703441288189047,0.8600973090626091,0.6893973783027847,0.05214965305100508,0.062431343830098865,0.07482452655277447,0.6248497273612442,0.4677319000077054,-0.021126403500766153,Semiconductors,Technology,MCHP
2023Q2,2023,Q2,2022-11-03,2022-09-30,546200000.0,2073200000.0,755100000.0,0.98,1397900000.0,0.6742716573,16141100000.0,6103100000.0,2676000000.0,2538400000.0,10038000000.0,1030300000.0,4956000000.0,33658045000.0,40688845000.0,11.066364460562104,1.0542073747242358,0.45446716766515294,1.2019465517523882,0.043794893614082404,11.066364460562104,0.08949550228572364,16.234827802431024,15.405549707067008,5.514909636086578,0.30410106188209446,0.6554401630593031,0.00493492714743236,0.1284422994715354,0.5672864796722344,0.033839081599147516,49.28693073656465,0.6742716573413081,0.08888888888888884,1.4430307328635115,0.7329993379003283,0.4561091277601564,0.06718070081685625,0.07689274447949526,0.07671467275060602,3.336252327944407,0.3398023601894669,-0.015827770354949196,Semiconductors,Technology,MCHP
2023Q1,2023,Q1,2022-08-02,2022-06-30,507200000.0,1963600000.0,701300000.0,0.9,1309900000.0,0.6670910572,16208400000.0,5977900000.0,2643200000.0,1485400000.0,10230500000.0,911800000.0,4575900000.0,32164704000.0,39384204000.0,10.794330083062478,1.7794533459000943,0.46868290516028727,1.2707807089446126,0.04042766100230738,10.794330083062478,0.08484584887669583,16.38047667549399,15.854053627760251,5.38060255273591,0.30165615141955837,0.7169335380565913,0.004756766920659366,0.12114705954936947,1.026053588259055,0.03129241627797932,44.76646346555324,0.6670910572418007,0.16883116883116883,1.4635346195034422,0.6735901841886945,0.45142456742190235,0.07333661094723042,0.15825530943137703,0.27625113739763424,7.591325630412221,0.27500943811113926,-0.02921857922120248,Semiconductors,Technology,MCHP
2022Q4,2022,Q4,2022-05-20,2022-03-31,437900000.0,1844200000.0,549500000.0,0.77,1220400000.0,0.6617503525,16199500000.0,5894800000.0,2452600000.0,1399000000.0,10304700000.0,854400000.0,4175200000.0,41740270000.0,49110270000.0,10.611701170117012,1.753109363831308,0.4766319948146548,1.3098323946529145,0.03644329093368605,10.611701170117012,0.07428581122345118,22.633266457000325,23.829795615437316,7.080862794327204,0.32153459693994063,0.7301029962546817,0.0033732412368199824,0.11384301984629155,0.9949964260185847,0.027031698509213248,65.9299794661191,0.6617503524563496,0.24193548387096778,1.5645910291791736,0.6381472342385046,0.44510333422217313,0.05818087227954565,0.24121315192743764,0.09114376489277204,1.1406351739924994,0.1843561134576384,-0.047907132840943674,Semiconductors,Technology,MCHP
2022Q3,2022,Q3,2022-02-03,2021-12-31,352800000.0,1757500000.0,503600000.0,0.62,1153300000.0,0.6562162162,16047200000.0,5803300000.0,2200500000.0,1218700000.0,10243900000.0,768200000.0,3878100000.0,48309594000.0,55899594000.0,10.458280771310147,1.805612537950275,0.4925158283064958,1.3618975410542278,0.029284645189083174,10.458280771310147,0.0607929970878638,27.487677951635845,34.232988945578235,8.324503989109644,0.3647959183673469,0.7865139286644103,0.00266406710021202,0.10952066404107881,1.0220727004184786,0.02198514382571414,63.34023075914514,0.6562162162162162,0.4418604651162791,1.565228946363847,0.6414580299164819,0.7618034573753745,0.07956566507535337,0.4578512396694215,0.20970453999519578,5.1175426027102215,0.09068899162363149,-0.04071804128224148,Semiconductors,Technology,MCHP
2022Q2,2022,Q2,2021-11-04,2021-09-30,242000000.0,1649800000.0,416300000.0,0.43,1068300000.0,0.6475330343071888,16215000000.0,5702900000.0,2149100000.0,1121800000.0,10512100000.0,713600000.0,3654000000.0,42309518500.0,50291618500.0,10.344458552512243,1.9157603850953824,0.5078877582485353,1.444072314085816,0.02722770452272332,10.344458552512243,0.042434550842553785,25.64524093829555,43.708180268595044,7.418947991372811,0.5008264462809917,0.8148822869955157,0.0028646036234139605,0.10174529756398397,1.1061686575147085,0.014924452667283379,79.35018473368342,0.6475330343071888,-0.03370786516853935,4.578404056008914,0.4803667700019141,0.7697705627690193,0.06024215958713775,-0.04272151898734177,0.12879609544468545,1.1496852808400193,-0.014804379557884564,-0.05642979897010292,Semiconductors,Technology,MCHP
2022Q1,2022,Q1,2021-08-03,2021-06-30,252800000.0,1569400000.0,368800000.0,0.445,1007600000.0,0.6420288008155983,16277800000.0,5519900000.0,2157100000.0,1089100000.0,10757900000.0,683800000.0,3533200000.0,40998812000.0,49286512000.0,10.080168005843682,1.9806262051234964,0.5262013294179804,1.5517310096197394,0.022226718457769273,10.080168005843682,0.04579793112194062,26.12387664075443,40.544711234177214,7.427455569847281,0.4473892405063291,0.8215852588476162,0.0027586165179615445,0.09641352025457986,1.1756496189514278,0.01553035422477239,75.42091979396615,0.6420288008155983,1.1707317073170733,2.7457644788169477,0.5368923249581804,0.706291654149684,0.08718170047475184,1.1793103448275861,0.1974025974025974,5.082928715679113,0.11187451145768217,-0.07457140599772279,Semiconductors,Technology,MCHP
2021Q4,2021,Q4,2021-05-18,2021-03-31,116000000.0,1467100000.0,308000000.0,0.205,926800000.0,0.6317224456410606,16478800000.0,5337100000.0,2145200000.0,2409600000.0,11141700000.0,665000000.0,3393500000.0,42095664000.0,50884964000.0,9.839786135693215,0.8902722443559097,0.5503616768211278,1.699293623878136,0.01697986650159773,9.839786135693215,0.02173464990350565,28.69311158066935,90.72341379310345,7.887366547375916,0.9189655172413793,0.8124812030075188,0.00253232731998241,0.08902954098599412,0.5310839973439575,0.007039347525305241,106.89604875571357,0.6317224456410606,2.1538461538461537,0.293797295140068,0.9764163458562481,0.8640577986819522,0.09576732087964057,2.2044198895027622,0.254071661237785,-0.31618453525304224,0.26617522029422247,0.40765523960828604,Semiconductors,Technology,MCHP
2021Q3,2021,Q3,2021-02-04,2020-12-31,36200000.0,1352100000.0,245600000.0,0.065,845800000.0,0.6255454478219067,16576100000.0,5297000000.0,2152500000.0,2522200000.0,11279100000.0,666100000.0,3384100000.0,36378174000.0,45148474000.0,10.055049354593773,0.8534216160494806,0.5514566152472535,1.7256937889371342,0.016963434681106768,10.055049354593773,0.006834057013403814,26.904943421344576,251.23048342541438,6.867693788937135,2.6519337016574585,0.760096081669419,0.002638944989377422,0.08156924728977262,0.5021409880263262,0.0021838671340061898,74.49963956584067,0.6255454478219067,-0.5185185185185185,-0.543555596623239,0.931289013154431,0.9226721579319119,0.04691174650328011,-0.5081521739130435,0.08576480990274093,1.1281394472827653,0.20873095350654974,0.47811111776427856,Semiconductors,Technology,MCHP
2021Q2,2021,Q2,2020-11-05,2020-09-30,73600000.0,1309500000.0,226200000.0,0.135,807900000.0,0.6169530355097366,16770900000.0,5443700000.0,2122100000.0,1975200000.0,11327200000.0,661400000.0,3443900000.0,26306560000.0,35115760000.0,10.6322265625,1.074372215471851,0.5472276383497606,1.6858937854767897,0.01278739281931337,10.6322265625,0.013520216029538732,20.0890110729286,89.35652173913044,4.8324779102448705,1.294836956521739,0.7583912912004839,0.0036226705430128453,0.07808167719084844,0.6449979748886189,0.004388553983387892,58.5240489432703,0.6169530355097366,-0.43749999999999994,-0.095069839288741,0.9300551763016471,1.0399337469947252,0.012025554302893648,-0.4045307443365696,0.03618873110398534,-0.6454066352640149,0.17906637769429384,0.3989853850596806,Semiconductors,Technology,MCHP
2021Q1,2021,Q1,2020-08-04,2020-06-30,123600000.0,1309700000.0,218300000.0,0.24,798300000.0,0.6095288997480339,17028100000.0,5501300000.0,2135000000.0,2585800000.0,11526800000.0,657200000.0,3465600000.0,26085287000.0,35033387000.0,11.104763827210336,0.8256632376827288,0.5477005655357908,1.6952902041335685,0.02027694208646018,11.104763827210336,0.022467416792394525,19.916993968084295,52.76150283171521,4.741658698852998,0.7313915857605178,0.7781497261107729,0.0034655551230852854,0.07691404208337982,0.49288421378296854,0.007258590212648504,52.98656713386146,0.6095288997480339,0.23076923076923067,-0.22771709620833366,1.0025966265889743,1.1399379272435524,-0.01916697382970881,0.23723723723723725,0.358431860609832,-0.3288882467361701,0.24785715419468035,0.4931660334828636,Semiconductors,Technology,MCHP
2020Q4,2020,Q4,2020-05-22,2020-03-31,99900000.0,1326400000.0,160700000.0,0.195,813900000.0,0.6136158021712907,17426100000.0,5585500000.0,2217200000.0,1637400000.0,11840600000.0,685700000.0,3432400000.0,16278780000.0,25359980000.0,11.63161182840483,1.3540979601807743,0.5441378162641096,1.6976456897323426,0.023050226481595163,11.63161182840483,0.017885596634141975,12.2729041013269,40.73768768768769,2.914471399158536,0.8808808808808809,0.7474114044042585,0.0054058105091413485,0.07611571149023591,0.8165384145596678,0.005732780140134626,45.24396887159533,0.6136158021712907,-0.6749999999999999,-0.155599087290016,1.0515754045566552,1.2952001210416106,0.036155315085932525,-0.6788813886210222,0.22484756097560976,-0.32318407408255145,0.3629544313618677,0.5839949472889785,Semiconductors,Technology,MCHP
2020Q3,2020,Q3,2020-02-04,2019-12-31,311100000.0,1287400000.0,131200000.0,0.6,785500000.0,0.6101444772409508,17588600000.0,5616600000.0,2104000000.0,2336600000.0,11972000000.0,708800000.0,3420500000.0,25049024000.0,34232424000.0,11.740384615384615,0.9004536506034408,0.5446994075708129,1.7057472492255101,0.2508368331975177,11.740384615384615,0.055389381476338,19.457063849619388,20.129398907103823,4.45981981981982,0.281902925104468,0.7080981941309256,0.0035011344154566664,0.07319513775968525,0.5177608490969785,0.017687593100076185,65.67651809124278,0.6101444772409508,1.7906976744186047,2.040794600708568,1.048185355736487,1.0938812410726024,-0.05075528700906345,1.856749311294766,-0.28540305010893247,1.6237419576802543,0.3946701561805881,0.977786852217975,Semiconductors,Technology,MCHP
2020Q2,2020,Q2,2019-11-06,2019-09-30,108900000.0,1337800000.0,183600000.0,0.215,827500000.0,0.6185528479593362,17858500000.0,5361300000.0,2177800000.0,2423400000.0,12497200000.0,734200000.0,3197100000.0,22149744000.0,31550544000.0,11.244337248322148,0.8986547825369315,0.5489038833048688,1.8283998283998284,0.024400332578039967,11.244337248322148,0.02031223770354205,16.556842577365824,50.84881542699724,4.131412903586816,0.8016528925619835,0.6950422228275674,0.003941354807531861,0.07491110675588655,0.5173310225303293,0.006097936556821682,58.550737509912764,0.6185528479593362,1.15,-0.02130066266217778,1.0610701066898625,1.0476705430270694,0.015088321884200196,1.1479289940828403,0.06993006993006994,1.9025133603921385,0.3879728338589667,0.9237253413418017,Semiconductors,Technology,MCHP
2020Q1,2020,Q1,2019-08-07,2019-06-30,50700000.0,1322600000.0,171600000.0,0.1,815200000.0,0.6163617117798276,18246400000.0,5288300000.0,2278500000.0,2450800000.0,12958100000.0,733100000.0,3175500000.0,21734920000.0,31386220000.0,11.119217830109335,0.9296964256569283,0.5527282094002105,1.9070967985931206,0.013847686620669104,11.119217830109335,0.009587201936350057,16.43347951005595,107.17416173570021,4.110001323676796,1.7179487179487178,0.6921293138725958,0.004007376148612463,0.07248553139249386,0.5605924596050269,0.0027786303051560855,60.93333333333333,0.6163617117798276,-0.7142857142857143,-0.5252895271614741,1.1052257811734745,1.0518774820360912,-0.006338371526084837,-0.7097882083571837,-0.3972602739726027,1.4031235184439586,0.49128244471506033,0.8821738460300556,Semiconductors,Technology,MCHP
2019Q4,2019,Q4,2019-05-30,2019-03-31,174700000.0,1329800000.0,284700000.0,0.35,820400000.0,0.6169348774251767,18350000000.0,5287500000.0,2214800000.0,2374500000.0,13062500000.0,711700000.0,3210600000.0,20745512000.0,30623912000.0,11.145657672849916,0.9327437355232681,0.5616893732970027,1.9493144208037825,0.021093911823816598,11.145657672849916,0.03304018912529551,15.60047525943751,29.68733829421866,3.9235010874704486,0.4957069261591299,0.7157510186876493,0.004174396852678305,0.07246866485013624,0.5523268056432933,0.009520435967302452,57.10297825488577,0.6169348774251767,2.4999999999999996,0.31870798280641904,1.2683621347142628,1.0838663325914437,0.05233453052847614,2.5508130081300813,0.4622496147919877,1.227799771741257,1.0482362546523967,1.1114432590309078,Semiconductors,Technology,MCHP
2019Q3,2019,Q3,2019-02-06,2018-12-31,49200000.0,1374700000.0,194700000.0,0.1,779600000.0,0.567105550301884,18155700000.0,5161100000.0,1877600000.0,643700000.0,12994600000.0,702500000.0,3122400000.0,17023464000.0,27137564000.0,10.902196873679763,2.9168867484853194,0.5806606189791635,2.0426459475693166,0.011091101290166461,10.902196873679763,0.009532851523899944,12.383402924274387,86.50134146341463,3.2984177791556064,1.7560975609756098,0.8471174377224199,0.005075347767058455,0.0757172678552741,1.524001864222464,0.002709892760951106,37.48835939220436,0.567105550301884,-0.47368421052631576,-0.6080335310416713,1.393064405945705,1.0884790077583588,0.13100246627012913,-0.48909657320872274,0.8958130477117819,-0.30966175943715146,1.1850626946681937,1.0846591249937487,Semiconductors,Technology,MCHP
2019Q2,2019,Q2,2018-11-07,2018-09-30,96300000.0,1432500000.0,102700000.0,0.19,689300000.0,0.48118673647469457,18667100000.0,5170200000.0,2176200000.0,2088100000.0,13496900000.0,836700000.0,3159600000.0,18194328000.0,28620728000.0,10.963104325699746,1.0421914659259615,0.5831703906873591,2.1055471741905536,-0.015633457411327798,10.963104325699746,0.01862597191598004,12.701101570680628,47.23345794392523,3.5190762446327026,0.8920041536863966,0.8882514640850963,0.004721251590055978,0.0767392899807683,0.5425985345529428,0.005158808813366832,43.7889963898917,0.48118673647469457,1.714285714285714,-0.190518346049351,1.4393648865415356,1.1488572806683965,0.07367601246105919,1.6974789915966386,-0.2237339380196523,0.28546335474417156,1.2922132425416664,1.1034170363427829,Semiconductors,Technology,MCHP
2019Q1,2019,Q1,2018-08-09,2018-06-30,35700000.0,1212500000.0,132300000.0,0.07,642000000.0,0.5294845360824743,19248800000.0,5123800000.0,2818400000.0,2139300000.0,14125000000.0,1104800000.0,3149200000.0,21391440000.0,32105840000.0,10.892431972789115,1.3174402842051138,0.5896263663189394,2.215074749209571,0.00760507438420379,10.892431972789115,0.006967485069674851,17.64242474226804,149.8,4.174917053749171,2.3949579831932772,0.5163830557566981,0.003996925873153,0.06299093969494202,0.6726966764829617,0.0018546610697809734,100.42929577464788,0.5294845360824743,-0.7586206896551724,-0.6195650691842423,1.1938886030608895,1.19547499006357,0.04371915175871554,-0.7567175265600403,-0.45791352020224785,-0.7650827785789176,0.9525047055109952,1.0990206240475533,Semiconductors,Technology,MCHP
2018Q4,2018,Q4,2018-05-18,2018-03-31,146743000.0,1002315000.0,244057000.0,0.29,615108000.0,0.6136873138683947,8257200000.0,3279800000.0,3356300000.0,2017400000.0,4977400000.0,476200000.0,1397300000.0,21433056000.0,23600056000.0,6.990196078431373,1.6636760186378508,0.37159085404253256,0.9355143606317459,0.029975367437236274,6.990196078431373,0.0447414476492469,21.383553074632225,36.51461398499417,6.534866760168303,0.5801980332963071,0.8131184376312474,0.003972368662686273,0.12138678971079785,1.3682462575592347,0.0177715206123141,71.17542589579251,0.6136873138683947,1.542056074766355,1.0529575900607244,0.9458731413706551,0.4165571054459944,0.013259007773544253,1.5844332220832702,-0.004848193242703245,0.26941829060201145,0.5866507914959926,0.3793358239603971,Semiconductors,Technology,MCHP
2018Q3,2018,Q3,2018-02-07,2017-12-31,-251086000.0,994205000.0,245246000.0,-0.535,607059000.0,0.6105974120025548,8123793000.0,3185075000.0,2253441000.0,756832000.0,4938718000.0,487065000.0,1335697000.0,20573235280.0,23368270280.0,6.802634276780604,2.97746527630967,0.37416019832115366,0.9543260362785806,-0.05030530643786727,6.802634276780604,-0.07883205262042495,20.69315209639863,-20.48425169065579,6.459262428671224,-0.3381789506384267,0.7948548961637564,0.004127304181591025,0.12238187260556738,2.1837448733668765,-0.030907483733275825,68.90544083169219,0.6105974120025548,-2.3896103896103895,-21.55426587642475,0.9900411853483446,0.3764076676729455,-0.011455900888137647,-2.327401721330542,0.08805274202636214,-3.5075996652851575,0.6161450097780271,0.21324034677391757,Semiconductors,Technology,MCHP
2018Q2,2018,Q2,2017-11-07,2017-09-30,189156000.0,1012139000.0,225399000.0,0.385,614094000.0,0.606728917668423,8055198000.0,3546124000.0,2443422000.0,734186000.0,4509074000.0,456939000.0,1671695000.0,20945584220.0,23137009220.0,7.599955422012096,3.328069453789639,0.3746440497179585,0.8510226940738677,0.03487729623529037,7.599955422012096,0.053341620315589644,20.69437519945383,27.682949813910213,5.906613592756486,0.4468269576434266,0.8711118989624436,0.0040352180732822745,0.12565041852478362,2.5334452032591197,0.023482476780831457,72.16742313152055,0.606728917668423,0.10000000000000009,8.42737418091476,1.196477486293905,0.5018062736132998,0.05074096697858972,0.10885354687051182,0.0171526818834105,0.7371403571802222,0.5934377659974931,0.38400374359948897,Semiconductors,Technology,MCHP
2018Q1,2018,Q1,2017-08-04,2017-06-30,170587000.0,972141000.0,221598000.0,0.35,584439000.0,0.6011874820627872,7887891000.0,3412554000.0,2298762000.0,736443000.0,4475337000.0,426843000.0,1567059000.0,17707330220.0,19929458220.0,7.437058959416639,3.121439133782248,0.37971670754578124,0.8776898475452696,0.035494763997062626,7.437058959416639,0.0499880734488011,18.21477565497186,25.950585654240946,5.188879126894403,0.4861331754471325,0.9083011786535096,0.004683258230895521,0.12324473043554988,2.388779579682338,0.02162643981769018,54.844887970711945,0.6011874820627872,0.2280701754385965,0.8274307609073526,1.3278029362992814,0.42588806665748363,0.09686651927646174,0.24599731206357553,0.4381355987202035,0.65550433918594,0.6038470861684014,0.37239273882016527,Semiconductors,Technology,MCHP
2017Q4,2017,Q4,2017-05-30,2017-03-31,136908000.0,902666000.0,154087000.0,0.285,532826000.0,0.5902803473266967,7686881000.0,3270711000.0,2305040000.0,704450000.0,4416170000.0,417202000.0,1479400000.0,16431027340.0,18472819340.0,7.343212709303422,3.2721129959542905,0.38383266242836334,0.9020900960066481,0.047226420388841214,7.343212709303422,0.04185878850194957,18.20277637575803,30.00377505332048,5.023686696868052,0.6031933853390598,0.8864770542806603,0.0050259790998558465,0.11742942293499796,2.52841933423238,0.017810604847401698,54.84541216604136,0.5902803473266967,0.23913043478260854,0.4748471273649025,1.313601601619271,0.42721500220293906,0.14522448786589834,0.2774247725682295,0.305003641783966,0.10071066306568541,0.6399921238053444,0.37293591702985157,Semiconductors,Technology,MCHP
2017Q3,2017,Q3,2017-02-08,2016-12-31,107175000.0,834366000.0,118074000.0,0.23,465259000.0,0.55761979754688,7144581000.0,2566898000.0,1676750000.0,651553000.0,4577683000.0,419618000.0,1425073000.0,13869871500.000002,16335632500.000002,5.9361222885157945,2.57346677860435,0.4372536332081615,1.2170308286499891,0.026670995115808296,5.9361222885157945,0.041752730338330546,16.623246273218232,32.353327501749476,5.403359034912958,0.7275017494751574,0.8796262314772006,0.0056215373011927324,0.11678305557736696,1.756934585521055,0.01500087968769617,50.415730071607726,0.55761979754688,2.2857142857142856,0.22592477320570126,1.2468041009284536,0.17199355626361332,0.13306187457533833,2.1597334827088064,0.8813575525812619,-0.06524071619985515,0.590104014992164,0.13715308306180776,Semiconductors,Technology,MCHP
2017Q2,2017,Q2,2016-11-08,2016-09-30,33919000.0,871364000.0,62760000.0,0.07,410621000.0,0.4712393442923967,7074396000.0,2519512000.0,1490735000.0,578803000.0,4554884000.0,424690000.0,1395868000.0,13392661360.0,16008954360.0,5.845084538148884,2.5755481571450045,0.4389679345063522,1.2325533674775115,0.015729367398956483,5.845084538148884,0.01346252766408733,15.369766664677448,98.71061469972582,5.315577524536498,2.2889825761372684,1.0848925098307,0.005797204746167046,0.1231715046768657,1.627285967764507,0.004794614268129746,65.65963475199906,0.4712393442923967,1.2641509433962264,-0.6212572998811973,1.264934443522252,0.17156561805777418,0.17828632098482022,1.299206972292547,2.0618570655116404,-0.6880593841650248,0.6234163395047643,0.1456839315557469,Semiconductors,Technology,MCHP
2017Q1,2017,Q1,2016-08-09,2016-06-30,-113363000.0,799411000.0,-59104000.0,-0.265,348490000.0,0.43593345600698513,7358756000.0,2532549000.0,1672988000.0,573285000.0,4826207000.0,518431000.0,1439589000.0,10880152200.0,13617396200.0,5.907646551120856,2.9182483407031405,0.45340598329391546,1.317448941757889,-0.012121004685785574,5.907646551120856,-0.04476241130971207,13.610210767677703,-23.9940549385602,4.29612702459064,-0.6813245944443954,0.8697801636090434,0.007098889664429511,0.10863398650532781,1.8094019553974028,-0.015405185332955732,52.95173672453315,0.43593345600698513,-2.709677419354839,-2.012625527425597,0.8932429738905361,0.1952973104047188,0.1509715006655019,-2.6830673298196124,-1.7392990268431192,-2.325584632512861,0.5871826406493889,0.19074328722202022,Semiconductors,Technology,MCHP
2016Q4,2016,Q4,2016-05-24,2016-03-31,67355000.0,557647000.0,79946000.0,0.155,302779000.0,0.5429581796369388,5567515000.0,2150919000.0,3096713000.0,382009000.0,3416596000.0,306815000.0,1582585000.0,9820075200.0,10563645200.0,5.278691541995523,8.10638754584316,0.4459865846791612,1.1544074881480892,0.020169455948487763,5.278691541995523,0.03131452183926963,17.609841351249088,36.448946626085664,4.565525340563732,1.086006977952639,0.8306895034467024,0.00744882279516556,0.1001608437516558,7.162705590705978,0.012097856943358033,52.76206318504191,0.5429581796369388,0.10714285714285703,-0.5062183664391033,0.35051253061642795,0.09211053820948,0.03437096454608189,0.10037411576350656,0.05009719960069353,0.08505726038110688,0.2466079622369214,0.06972221199114446,Semiconductors,Technology,MCHP
2016Q3,2016,Q3,2016-02-05,2015-12-31,61211000.0,540344000.0,76132000.0,0.14,292718000.0,0.5417252713086478,5446553000.0,2126344000.0,1632721000.0,343914000.0,3320209000.0,319524000.0,1588378000.0,9461302760.0,12212774760.0,5.22972640609167,4.747468843955175,0.44183431245413385,1.1317425590591175,0.02049690180976219,5.22972640609167,0.02878696955901773,17.509776660793865,38.64216709414974,4.4495635513350615,1.1913381581741844,0.774984038757652,0.0077075009488439625,0.09920843513319341,3.651802485505097,0.011238484230301257,49.12206533477322,0.5417252713086478,-0.06666666666666654,-0.43982815929476715,0.35481247114622205,0.18853773237934,-0.027353380960292408,-0.056826761583383414,0.0157976196829802,4.770280562590344,0.24550202641838614,0.058154125637174175,Semiconductors,Technology,MCHP
2016Q2,2016,Q2,2015-11-09,2015-09-30,64899000.0,541391000.0,74948000.0,0.15,300950000.0,0.5558829016367098,5786309000.0,2129381000.0,2778887000.0,371776000.0,3656928000.0,363760000.0,1600090000.0,8802209750.0,12413471750.0,5.212045037327132,7.474627194870029,0.4645230664314678,1.2622795075188518,0.018713310426840483,5.212045037327132,0.030477871268692638,16.25850771438757,33.907339673954915,4.133694134586531,1.1199710319111233,0.6609880140752145,0.008257585545493277,0.09356413561736851,6.139737368738165,0.01121595822138085,73.38660655478019,0.5558829016367098,-0.5,-0.425793341510316,0.2916483941494184,0.18622012256442746,-0.026105359899293565,-0.5033252466192688,-0.3822237242311592,3.9103876921216845,0.34182316922884975,0.0299378747330361,Semiconductors,Technology,MCHP
2016Q1,2016,Q1,2015-08-06,2015-06-30,130667000.0,533952000.0,121319000.0,0.3,309017000.0,0.578735541771545,4856985000.0,2098882000.0,2255614000.0,372308000.0,2758103000.0,303690000.0,1607876000.0,9590852600.0,11855005600.0,5.189292495747458,6.0584623483782245,0.3826853490385496,0.8855652676043723,0.03344818333624855,5.189292495747458,0.06225552460786266,17.962012690279277,18.34979872500325,4.569505384295067,0.5535521593057161,0.740673054759788,0.007541665273846457,0.10993486700082458,4.860446189713893,0.02690290375613678,64.83942075623492,0.578735541771545,0.33333333333333326,0.33847547019369845,0.5270532426229364,0.22850759622828362,-0.014714697479848994,0.31453089475060864,0.09943179243658641,0.5880323854114848,0.4504995709316325,-0.005070380044165402,Semiconductors,Technology,MCHP
2015Q4,2015,Q4,2015-05-27,2015-03-31,99402000.0,543207000.0,110347000.0,0.225,313632000.0,0.5773710574421905,4780713000.0,2044654000.0,2664617000.0,353972000.0,2719687000.0,279456000.0,1549540000.0,9864597000.0,12434694000.0,5.067798542606454,7.527762082876611,0.382130866253632,0.8934802660988118,0.045303313775827365,5.067798542606454,0.04861556038332158,18.159922460498485,24.809855435504314,4.824580100104956,0.7248043298927587,0.8215067846100996,0.007303592838105804,0.11362468318010305,6.307860508740804,0.020792296044543985,66.18225183157556,0.5773710574421905,0.15384615384615383,0.20693889314740477,0.7970343661348472,0.22641398948101762,0.038657566093410034,0.15507163856513706,0.12588639818792152,0.18213991608628816,0.5370302979501426,-0.015030832623636548,Semiconductors,Technology,MCHP
2015Q3,2015,Q3,2015-02-03,2014-12-31,86057000.0,528710000.0,98009000.0,0.195,301959000.0,0.5711240566662253,4628917000.0,2256289000.0,1783479000.0,353086000.0,2346639000.0,276143000.0,1522185000.0,9076267330.0,9979523330.0,5.606996416554425,5.051117857972279,0.2937177313829563,0.6025801659273258,0.02666706124455734,5.606996416554425,0.038140947369774,17.166816080649127,26.367022235262677,4.022652829491258,0.8341796716130007,0.8211361504727623,0.00790930868273577,0.11421894149322617,3.866063791824088,0.01859117370218563,61.245022335285704,0.5711240566662253,-0.07142857142857137,0.1330558412543877,0.9317411215781156,0.3894430907752072,-0.017872592322753972,-0.08099016456466719,-0.03265954716832152,0.05778610093228089,0.5299155506471771,0.10701285297105827,Semiconductors,Technology,MCHP
2015Q2,2015,Q2,2014-11-10,2014-09-30,93641000.0,546243000.0,101318000.0,0.21,307454000.0,0.5628520640081429,4610627000.0,2203421000.0,1978965000.0,385484000.0,2358419000.0,275746000.0,1507915000.0,9475707670.0,10335639670.0,5.491282416799167,5.1337150180033415,0.2909302791138819,0.6087674575126587,0.02900257673852705,5.491282416799167,0.04249800650896946,17.347055559522044,25.297966889503527,4.300452646135259,0.7629350391388388,0.8659744837640437,0.007539489660089947,0.11847477577344687,4.074311774288946,0.020309819033289832,61.80709583787204,0.5628520640081429,0.049999999999999906,0.9220315051727227,1.200478543999465,0.37960131567202376,0.0030503818686606703,0.041508636510249254,-0.12616217894537113,0.12323131865610515,0.5252598482102008,0.10065092071440537,Semiconductors,Technology,MCHP
2015Q1,2015,Q1,2014-08-11,2014-06-30,89909000.0,528876000.0,115946000.0,0.2,306519000.0,0.5795668549905838,4501743000.0,2169645000.0,2450351000.0,359690000.0,2332098000.0,264505000.0,1485716000.0,9771127470.0,10506535470.0,5.41904569227772,6.812396786121382,0.3005897937754332,0.6236863634373365,0.027658006099616984,5.41904569227772,0.041439498166750785,18.47527108433735,27.169492125371207,4.5035604764834805,0.7919340666674082,0.8406532957789078,0.0072869789303854,0.11748249511355935,5.689788428924907,0.01997204194019961,80.6524706358181,0.5795668549905838,-0.19999999999999996,2.00077511858479,1.503713732685619,0.3600049122803811,0.05483058371704074,-0.19360509439885196,-0.08006379079159294,-0.14007971418648069,0.34111981517218537,0.09643843532089551,Semiconductors,Technology,MCHP
2014Q4,2014,Q4,2014-05-30,2014-03-31,111495000.0,493384000.0,126037000.0,0.25,290586000.0,0.588965187359136,4067630000.0,2135461000.0,1969399000.0,336079000.0,1932169000.0,262725000.0,1467009000.0,9534328800.0,10088483800.0,5.3485473125281775,5.859928766748294,0.2509466200219784,0.4780035786183873,0.03766003073046411,5.3485473125281775,0.052211208727295885,19.324357498419083,21.378377505717744,4.4647637208078255,0.6357415130723351,0.7719021790845941,0.007434398528399818,0.1212952013826233,4.722669372379708,0.027410310180621147,56.14869291245841,0.588965187359136,0.041666666666666706,3.473546050117813,1.608481173886257,0.9742582353041028,0.027822580645161292,0.05781728826102219,0.07799483398621256,-0.1658148544790655,0.21945640214954776,0.10656302563870654,Semiconductors,Technology,MCHP
2014Q3,2014,Q3,2014-02-07,2013-12-31,105401000.0,482372000.0,116918000.0,0.24,282720000.0,0.5861036710256814,4003108000.0,2075108000.0,1969028000.0,316400000.0,1928000000.0,274629000.0,1426396000.0,8894465250.0,9538836250.0,5.220161099623161,6.223223767383059,0.25466987150983683,0.4912857547655351,0.03536978586245985,5.220161099623161,0.050793018965759856,18.439016464471404,21.09672880238328,4.286266184699785,0.6693864384588382,0.7269880456907318,0.007932348715399162,0.12049937198796536,4.840945006321112,0.026329791751808846,68.66298113294941,0.5861036710256814,0.04347826086956513,0.3187846910516001,1.2980624456381271,0.8652013583788489,-0.021266136542236285,0.056058753982726486,-0.005020934744868435,-0.013415499665062006,0.23705412257926678,0.1863638657605524,Semiconductors,Technology,MCHP
2014Q2,2014,Q2,2013-11-08,2013-09-30,99806000.0,492669000.0,117508000.0,0.23,288863000.0,0.5863226628831933,3965151000.0,2018539000.0,1820906000.0,338893000.0,1946612000.0,275124000.0,1391549000.0,7970369250.0,8632454250.0,5.101829900164287,5.37310006403201,0.2537827689285982,0.49852244618508734,0.03486546548879117,5.101829900164287,0.04944467260726694,16.177939448189353,19.964654554836383,3.9485832327242623,0.7022223112838908,0.7407787034210029,0.008793319079915901,0.12424974483947775,4.079175432953764,0.02517079425222394,62.52495979603844,0.5863226628831933,0.2432432432432433,0.21074888716866186,0.6954758600433762,0.8940614680593498,0.08361280544989384,0.2701357869150791,0.1941748559465859,-0.0881552238568825,0.21373131593060743,0.16113603127637283,Semiconductors,Technology,MCHP
2014Q1,2014,Q1,2013-08-09,2013-06-30,78579000.0,462792000.0,98401000.0,0.185,266574000.0,0.5760125499144324,3883575000.0,1954260000.0,1615697000.0,351664000.0,1929315000.0,256136000.0,1361829000.0,7360021499.999999,8489684499.999999,4.961309977151561,4.594433891441831,0.25086421660454605,0.4985262963986368,0.02922795579308481,4.961309977151561,0.0402090816984434,15.903519291604,23.415993776963308,3.76614242731264,0.8867763651866275,0.7660695880313584,0.009467635386662933,0.1191664896390568,3.3956759861686154,0.0202336764450281,53.85092629175995,0.5760125499144324,0.3214285714285713,-0.001118826552574607,0.6740221330255597,0.8010985167612238,0.11519040825974004,0.31645166694588706,0.7350695607708991,-0.1734961410511031,0.3590383019571918,0.17453525681364573,Semiconductors,Technology,MCHP
2013Q4,2013,Q4,2013-05-30,2013-03-31,59690000.0,430144000.0,56713000.0,0.14,239039000.0,0.5557185500669544,3851405000.0,1933470000.0,2236370000.0,341611000.0,1917935000.0,242334000.0,1352932000.0,7105583160.000001,8610897160.0,4.934637687077608,6.546539777700366,0.25533149590863596,0.5086114602243634,0.023444804402570157,4.934637687077608,0.0308719556031384,16.51908002901354,29.76035835148266,3.6750418470418476,1.1598257664600435,0.7886016819761156,0.009743042680820583,0.11168495652885116,5.294185491684987,0.015498240252583149,64.4444731042364,0.5557185500669544,4.6000000000000005,-0.24059983739149787,0.6107771789139081,0.8196036866166644,0.19264274452671284,4.867492381794947,2.2569344742433812,-0.2537058173934591,0.4652887378695968,0.1941888852865947,Semiconductors,Technology,MCHP
2013Q3,2013,Q3,2013-02-11,2012-12-31,10173000.0,416047000.0,17413000.0,0.025,200428000.0,0.4817436491550233,3843524000.0,1927086000.0,2296583000.0,296279000.0,1916438000.0,261594000.0,1362472000.0,6353681220.000001,8016807220.000001,4.942310651524944,7.751420114149163,0.25273915292320276,0.5040818105678729,0.006305749055615358,4.942310651524944,0.005278954857230035,15.271546772359855,156.14079475081098,3.2970408274462066,6.752875258035978,0.8242505562054175,0.010812157176497438,0.1082462344452643,6.074696485407336,0.0026467897689724327,53.37299312013307,0.4817436491550233,1.4545454545454546,-0.8651906847344176,0.74880960198204,0.7590656587880218,0.032096603929040395,1.4802209214501512,1.1513466765505314,-0.8617683324055012,0.5687985740229784,0.22473047547370237,Semiconductors,Technology,MCHP
2013Q2,2013,Q2,2012-11-09,2012-09-30,-21184000.0,383298000.0,8094000.0,-0.055,194195000.0,0.5066423513819535,3888376000.0,1964098000.0,2289278000.0,325473000.0,1924278000.0,289526000.0,1420996000.0,6384574000.0,8024170000.0,5.060543130990415,7.033695575362626,0.2468012352714861,0.48859883773620255,-0.027675748931778835,5.060543130990415,-0.010785612530535645,16.656945770653643,-75.34665313444108,3.250639224723003,-3.2168617824773413,0.6531468676388303,0.010673539064626708,0.09857534353673617,5.480844801258476,-0.005448032803412016,134.71839128966914,0.5066423513819535,-1.282051282051282,-1.390019924593873,0.6555654284079636,0.1298927113500848,-0.043746522289355376,-1.26913988057426,-0.9159789480240416,-1.4495314782964348,0.5963403390908927,0.27138461139263154,Semiconductors,Technology,MCHP
2013Q1,2013,Q1,2012-08-09,2012-06-30,78710000.0,352134000.0,96333000.0,0.195,203079000.0,0.5767094344766481,3144840000.0,2017990000.0,2229298000.0,249989000.0,1126850000.0,221481000.0,1510326000.0,6399392160.0,6858812160.0,5.215738270992287,8.917584373712444,0.11363217206598746,0.1770846238088395,0.035130671406670415,5.215738270992287,0.03900415760236671,18.173173167033003,20.325854910430696,3.1711713933171124,0.860741964172278,0.6729922657022499,0.01058678673006969,0.1119719922158202,7.346107228718064,0.025028300326884675,53.92731054126252,0.5767094344766481,-0.06435983927774196,0.10523994471554714,0.5034533262615223,0.10391616095959012,0.04748469358807054,-0.02388511334887643,0.02581222247068971,1.7184593452239596,0.7250489344048869,0.3089813359253664,Semiconductors,Technology,MCHP
2012Q4,2012,Q4,2012-05-30,2012-03-31,80636000.0,338911000.0,93909000.0,0.20841345656803756,193873000.0,0.5720469385767945,3083776000.0,1990673000.0,2015861000.0,247873000.0,1093103000.0,217278000.0,1499365000.0,7196414400.000001,7738963400.000001,5.145134193495027,8.132636471096086,0.11513482172505396,0.17835676678188733,0.03511882694555775,5.145134193495027,0.040506903946554755,21.233935753044314,22.311419217223076,3.615066060573485,0.8341063544818691,0.6675227128379311,0.009346182176501674,0.10990130281836294,6.572761051022096,0.02614846214511041,72.93269012485813,0.5720469385767945,0.09691292930546082,-0.288106188719403,0.4800423481487226,0.11976479775908794,0.05492466495083769,0.04061221592742196,0.06560985849966526,2.338705244575327,0.8490169514379317,0.899174291579902,Semiconductors,Technology,MCHP
2012Q3,2012,Q3,2012-02-06,2011-12-31,77489000.0,329156000.0,88127000.0,0.19,183779000.0,0.5583340422170643,3021151000.0,1941305000.0,1830080000.0,248566000.0,1079846000.0,217853000.0,1485989000.0,7019773200.000001,7463937200.000001,5.064978605719056,7.362551595954394,0.1169557562664031,0.1820121001079171,0.03556536299474445,5.064978605719056,0.03991593283899233,21.3265843551386,22.64764418175483,3.616007376481285,0.8622256062150757,0.667316952256797,0.009517828866607826,0.10895052911953093,5.839696499118946,0.025648833838494003,140.94232020238528,0.5583340422170643,-0.050000000000000044,0.19729337217459503,0.47606421045558583,0.15646590198810853,-0.05751459019251874,-0.022677109740562765,-0.09724441712763778,0.005564338234596691,0.6263804752723565,0.8097535296811006,Semiconductors,Technology,MCHP
2012Q2,2012,Q2,2011-11-07,2011-09-30,79287000.0,340602000.0,97620000.0,0.2,194994000.0,0.5724981062941498,3033749000.0,1903939000.0,1933376000.0,294153000.0,1129810000.0,211206000.0,1475312000.0,5936067990.0,6352618990.0,4.989122630483887,6.572688362858784,0.11582072214939337,0.18454950499989758,0.03801816060170889,4.989122630483887,0.041643666104848945,17.428165395388167,18.717027980627343,3.1177826548014402,0.835017089812958,0.6894122326070282,0.011153174140109537,0.11227098879966668,5.296043215605485,0.0261349900733383,45.8298692906334,0.5724981062941498,-0.18367346938775503,0.12406264806330732,0.4325489376067394,0.15997880007438955,-0.11264721408158436,-0.20148449538235325,-0.16464145130925895,-0.002801233221304891,0.21525072052411834,0.8522187369512539,Semiconductors,Technology,MCHP
2012Q1,2012,Q1,2011-08-09,2011-06-30,99293000.0,374507000.0,116860000.0,0.245,219748000.0,0.5867660684579995,3029299000.0,1879222000.0,2095687000.0,328083000.0,1150077000.0,202455000.0,1462231000.0,7207145919.999999,7771240919.999999,4.942407633395051,6.387673241222496,0.11524415384549362,0.18577315506097736,0.04574707571474119,4.942407633395051,0.052837291176880644,19.24435569962644,18.14615813803591,3.8351753651245035,0.6636923045934758,0.7644118446074436,0.009143702754390743,0.12362827175528068,5.22430604450703,0.03277755018570303,128.50169240095565,0.5867660684579995,-0.26813842329998083,0.45303944679260416,0.6069249098199362,0.18417588778486418,-0.025900855973864205,-0.20899719584475177,-0.06031633711533359,0.3075924884044654,0.4034008873890331,0.7942364211735766,Semiconductors,Technology,MCHP
2011Q4,2011,Q4,2011-03-31,2011-03-31,125528000.0,379985000.0,124361000.0,0.3347627581498549,225591000.0,0.5936839612089951,2968058000.0,1812438000.0,1774983000.0,340316000.0,1155620000.0,180800000.0,1428838000.0,7126418880.0,6769828880.0,4.833477342549923,5.21569071098626,0.11702399346643495,0.19163910710324988,0.0626575184762333,4.833477342549923,0.06925919672838464,18.754474202929064,14.192887005289657,3.931951812972361,2.3899050411063666e-05,0.8539491150442478,4.20968799409108e-07,0.1280247892729859,4.186397348346831,0.042292974059132266,55.589591644110236,0.5936839612089951,0.31279512999943093,0.8975707634645664,0.7561535284742995,0.199416761247615,0.04248672578640184,0.24561403508771928,0.05881501536784927,0.6687389808947354,0.4868485934795948,0.782301710764614,Semiconductors,Technology,MCHP
2011Q3,2011,Q3,2010-12-31,2010-12-31,100776000.0,367824000.0,117453000.0,0.255,216397000.0,0.5883166949410588,2828726000.0,1649945000.0,1738444000.0,299935000.0,1178781000.0,177705000.0,0.0,6413964480.0,6759545480.0,4.400134941969619,5.7960691483154685,0.12216842493758674,0.20945001197009597,0.05244654589525465,4.400134941969619,0.061078399583016404,17.437591021793033,15.91143843772327,3.887380779359312,1.284502262443439,0.852125713964154,0.02018205750961689,0.1300316821070687,0.6243586110323903,0.03562593195664762,61.37765052631579,0.5883166949410588,-0.0555555555555556,1.8243868865707293,0.7609042167037359,0.12508569740682415,-0.03825692762383058,-0.022351571594877766,-0.046206442915959496,0.3886588275372352,0.6077102547231273,0.5660946500932262,Semiconductors,Technology,MCHP
2011Q2,2011,Q2,2010-09-30,2010-09-30,103080000.0,382271000.0,123143000.0,0.27,225005000.0,0.5886007570545503,2808370000.0,1637166000.0,1917305000.0,310140000.0,1171204000.0,166569000.0,0.0,5859229350.0,6203314350.0,4.39382618637381,6.182062939317728,0.12252124898072547,0.21017111276437453,0.053806876088211726,4.39382618637381,0.06296246074008378,15.327423084670299,14.21039326251455,3.578885311568894,0.6199844780752813,0.9441492714730833,0.010907236461054388,0.1361184601744072,0.6537499193912427,0.03670456528164024,46.39320123520329,0.5886007570545503,0.1489361702127661,0.7649257362375201,0.8905246323459283,0.14120033641128693,0.12816694494166253,0.15088314762298194,0.15484094830820017,0.9768304171286937,0.7198767559920884,-0.018968507052072238,Semiconductors,Technology,MCHP
2011Q1,2011,Q1,2010-06-30,2010-06-30,89566000.0,320801000.0,106632000.0,0.235,199443000.0,0.6217031742419755,2693269000.0,1567465000.0,1847882000.0,284084000.0,1125804000.0,128129000.0,1292812000.0,5146879600.0,5061849600.0,4.2240621968308725,6.504702834372932,0.16279250234566248,0.27971533654658953,0.04639228890908775,4.2240621968308725,0.05714066980761931,16.043839015464414,14.366164616037334,3.283569074907573,0.7084496349061028,0.9471548205324322,0.012328440711921842,0.11911212730700127,5.312918010166007,0.03325549731571559,51.876022778813685,0.6217031742419755,0.1512204781581275,0.6485204322037593,0.6488548886687561,0.13341736719478392,0.1838417294371138,0.18240504825146206,0.20505837015606812,0.3113104161742233,0.4280827569000171,-0.10597306043638234,Semiconductors,Technology,MCHP
2010Q4,2010,Q4,2010-06-02,2010-03-31,75749000.0,278020000.0,88487000.0,0.20413118465021018,168471000.0,0.6059671966045608,2516313000.0,1533380000.0,1610969000.0,203390000.0,982933000.0,116579000.0,1266699000.0,5224806400.0,5795541400.0,4.132208688153498,7.920590982840848,0.135385383296911,0.22217062958953424,0.04258052018609845,4.132208688153498,0.049400018260313816,18.792915617581468,17.243813119645147,3.407378731951636,0.83119249098998,0.9396975441546076,0.012050590046743168,0.1104870499019796,6.647962043364964,0.030103170789961345,58.81141828005403,0.6059671966045608,0.10341180892005507,0.508434741285577,0.5006909548174397,0.159205836006225,0.15394257376914436,0.09143696958344741,0.21936666299195237,-0.3027334729971185,0.26590229670830695,-0.10068393709952701,Semiconductors,Technology,MCHP
2010Q3,2010,Q3,2010-02-09,2009-12-31,69403000.0,250099000.0,72568000.0,0.185,145996000.0,0.5837528338777844,2443607000.0,1483875000.0,1442737000.0,185135000.0,959732000.0,112784000.0,1253977000.0,5341016800.0,6035408800.0,4.035427182142547,7.792891673643558,0.13872934559444297,0.2284559009350518,0.039538467057804665,4.035427182142547,0.04677145986016342,21.355610378290198,19.23914240018443,3.599371106056777,0.9008256127256746,0.9230298623918286,0.011705636275100278,0.10234829086673922,6.437124260674643,0.028401866584929575,64.94111181362774,0.5837528338777844,0.5416666666666667,0.4683580522280088,0.3690541406703909,0.15898823307947146,0.18368736825036486,0.5601438687197932,0.3763228767590942,0.1177562850058011,0.16902496100765918,-0.07860737440542884,Semiconductors,Technology,MCHP
2010Q2,2010,Q2,2009-11-06,2009-09-30,44485000.0,226661000.0,52726000.0,0.12,123340000.0,0.5441606628401005,2418285000.0,1458317000.0,1727456000.0,170350000.0,959968000.0,108451000.0,1247094000.0,4854535000.0,5473842000.0,3.980340084065724,10.140628118579395,0.13952160311956613,0.23136464842691953,0.025470346091044194,3.980340084065724,0.030504341648626466,21.417601616511,27.281864673485444,3.3288612832463724,1.3955940204563335,0.9526975316041346,0.012788660499924298,0.09372799318525318,8.633078955092456,0.018395267720719435,39.77562106712113,0.5441606628401005,0.6,-0.1716087072084026,0.15599037097635685,0.1895084875135001,0.27899621506714367,0.6254384682841274,0.6911283597408429,-0.34310006519754704,-0.007029911249945324,-0.0745647167717048,Semiconductors,Technology,MCHP
2010Q1,2010,Q1,2009-08-10,2009-06-30,27368000.0,192949000.0,31178000.0,0.075,96435000.0,0.4997952826912811,2386409000.0,1457208000.0,1761141000.0,149191000.0,929201000.0,113872000.0,1264693000.0,4123402800.0,4785155800.0,3.984578028612679,11.804606175975763,0.17108383349207953,0.280176886209793,0.014007160250816055,3.984578028612679,0.018781121157720793,21.37042845518764,37.66627813504823,2.829659732859002,2.2650906167787195,0.8475656877897991,0.015033942354600913,0.08085328206522856,10.09095052650629,0.01146827723160615,37.043983074449066,0.4997952826912811,0.2014718121687327,-0.29368647774122114,0.02503946754267152,0.2155128715363173,0.14848690557004537,0.19882605457970126,0.6374140013654745,-0.58360821887463,-0.1392471072395169,-0.045315244214431734,Semiconductors,Technology,MCHP
2009Q4,2009,Q4,2009-05-29,2009-03-31,22829000.0,173253000.0,19041000.0,0.062423437021481384,83967000.0,0.4846496164568579,2421439000.0,990766000.0,1742789000.0,155645000.0,1430673000.0,131510000.0,1303437000.0,3874718640.0,5591240640.0,2.709142713391959,11.197205178450963,0.503516710518002,1.2305983451188272,0.006800734950849918,2.709142713391959,0.023041767682782818,22.364511090717045,42.43197949975908,3.910831255816207,2.708090586534671,0.6789293589841077,0.015955481092686512,0.07154960335569056,9.498988081852934,0.009427865000935395,115.53563646122194,0.4846496164568579,-0.6878828148925931,-0.4491386533581781,0.022530367387249232,-0.1519025593735825,-0.1986887686449655,-0.6879962825786877,-0.5295498344616297,-0.6461587014589303,-0.17900397944413718,-0.3277322000769062,Semiconductors,Technology,MCHP
2009Q3,2009,Q3,2009-02-09,2008-12-31,73169000.0,192166000.0,40474000.0,0.2,104787000.0,0.5452941727464796,2447143000.0,1018524000.0,1740932000.0,175744000.0,1428619000.0,136509000.0,1342432000.0,3553737390.0,5317935390.0,2.7987118260305666,9.906067916970139,0.4695169019546467,1.1280784743413017,0.06287306457254001,2.7987118260305666,0.07183826792495808,18.493060114692504,12.142223448454947,3.4891052051792597,0.8431166204266834,0.6400969899420551,0.017359189278755342,0.07852667375792914,8.399535688273852,0.02989976474607328,-132.97924674449933,0.5452941727464796,-0.02439024390243891,1.0393631234370089,0.22919885612867527,-0.12201448127072669,-0.3616504115063386,-0.04369249268088666,-0.5357474679115862,1.1129274127514925,-0.052099813529788486,-0.2843877089776609,Semiconductors,Technology,MCHP
2009Q2,2009,Q2,2008-11-07,2008-09-30,76512000.0,269706000.0,87181000.0,0.205,164153000.0,0.6086368119359599,2516984000.0,989168000.0,1486560000.0,221479000.0,1527816000.0,126835000.0,1330952000.0,5403789450.0,7038232450.0,2.693592571413011,6.711968177569882,0.4566989698782352,1.1620917781408213,0.033385513199366175,2.693592571413011,0.07734985361435065,20.035851816422326,17.656672972867,5.462964279070896,0.812526139690506,0.8322071983285371,0.011504519296176501,0.10715443562613032,5.550426902776335,0.0303982862028523,55.070465732484074,0.6086368119359599,0.024999999999999883,1.3670555193211134,0.7879731746062449,-0.11628420756334133,0.0033985953287651973,0.0026470973660070764,0.00633715024471327,0.3292089961215397,0.3533598465729542,-0.3003981909470205,Semiconductors,Technology,MCHP
2009Q1,2009,Q1,2008-08-07,2008-06-30,76310000.0,268172000.0,86632000.0,0.2,163597000.0,0.610045045716928,2543438000.0,1052528000.0,1431335000.0,194521000.0,1490910000.0,125798000.0,1316609000.0,5834636460.0,6652876460.0,2.7546022224664877,7.358254378704613,0.4522331584257214,1.092823183801286,0.03221025752858454,2.7546022224664877,0.07250163416080142,21.757068075712603,19.114914362468877,5.543450112491069,0.7990695845891758,0.8312930253263168,0.010450865348344256,0.10543681426478649,6.04004709003141,0.03000269713671023,57.5714528447102,0.610045045716928,-0.0030318843604863195,5.046341943868589,0.77461310599423,-0.05951594195464742,0.031285852969729064,-0.00446172311224756,0.05995203836930456,0.36403461692055217,0.33860652369044053,-0.2608740465518592,Semiconductors,Technology,MCHP
2008Q4,2008,Q4,2008-05-28,2008-03-31,76652000.0,260418000.0,81732000.0,0.20060822092761543,158634000.0,0.6091514411446214,2512307000.0,1036223000.0,1717730000.0,191081000.0,1476084000.0,124483000.0,1301275000.0,6253033769.999999,7752479769.999999,2.711929923736842,8.989538467979548,0.4577975542001833,1.1099232501112213,0.03226116700465023,2.711929923736842,0.0739724943376088,24.0115267377831,20.3942290155508,6.034447961490915,0.787546313207744,0.8176538161837359,0.009654033901051523,0.1036569177254213,7.6570093311213565,0.030510602406473412,94.17503192867254,0.6091514411446214,0.055832741724291736,3.2595666012499813,0.8410107066385306,-0.06192609308848245,0.03650512587636478,-0.04333283410713394,0.031448763250883395,0.4824016739688082,0.3651457097246933,-0.23922404900599578,Semiconductors,Technology,MCHP
2008Q3,2008,Q3,2008-02-07,2007-12-31,80124000.0,252600000.0,79240000.0,0.19,153047000.0,0.6058867775138559,2616748000.0,1163195000.0,1797222000.0,176804000.0,1453553000.0,124801000.0,1284989000.0,6504002840.0,7430111840.0,2.8096226123419097,10.165052826859121,0.43951614752356744,0.9887447934353225,0.030068665175066005,2.8096226123419097,0.06888268948886472,25.748229770387965,20.293553866506915,5.591498278448584,0.8284409165793021,0.7976939287345454,0.01020571510082551,0.09653203136106343,8.7804122078686,0.030619685197046106,54.06935605619752,0.6058867775138559,0.40740740740740733,1.1226649420193444,0.44942898450955154,-0.02886941450629497,-0.010761931847561922,0.32045683020484844,0.42328555519632144,0.5056346943489609,0.22813265732859384,-0.1930669542228273,Semiconductors,Technology,MCHP
2008Q2,2008,Q2,2007-11-07,2007-09-30,60679000.0,258647000.0,55674000.0,0.135,154712000.0,0.5981588806365432,2248679000.0,1941973000.0,1242511000.0,185861000.0,306706000.0,124587000.0,1271242000.0,8004145240.0,8595032240.0,4.478781994215787,6.685162567725343,0.04715257268823162,0.05459962625638976,0.023516328128638714,4.478781994215787,0.03124605748895582,30.946213333230233,32.97741080110087,4.121656294912443,0.0,0.8342363167906764,0.0,0.11502175277129373,5.160942855144436,0.026984287219296306,85.48514653110048,0.5981588806365432,-0.24999999999999992,4.510147495828011,0.42004438069127237,0.6008797003633983,-0.024176101422309124,-0.24428032331585567,-0.34515814112139637,-0.045207849716220494,0.11463674532316522,0.3384658303871576,Semiconductors,Technology,MCHP
2008Q1,2008,Q1,2007-08-07,2007-06-30,80293000.0,264072000.0,85019000.0,0.18,158545000.0,0.6003855009239905,2362342000.0,2061044000.0,1084086000.0,186286000.0,301298000.0,123767000.0,1274660000.0,8078831440.0,7910828440.0,4.724759411492314,5.819471135780467,0.0,0.0,0.03287695100609791,4.724759411492314,0.03895744098621864,30.59329061771032,25.154220915895532,3.9197763075412264,0.0,0.8526263058812122,0.0,0.1117839838600846,4.556928593667801,0.033988728135045644,83.14976780568135,0.6003855009239905,-0.3851602092272998,2.4107261870480046,0.5256117574318935,0.7058922830575294,0.025510831107172657,-0.3712766623860682,-0.003165707183810339,0.7372558822388526,0.176121140790144,0.4413084242149527,Semiconductors,Technology,MCHP
2007Q4,2007,Q4,2007-05-25,2007-03-31,127708000.0,258176000.0,85289000.0,0.292759191420882,154601000.0,0.5988201846802181,2269541000.0,2004368000.0,1084737000.0,255920000.0,265173000.0,121024000.0,1255486000.0,7749483830.0,7582006830.0,4.594834740109394,4.238578462019381,0.0,0.0,0.05469618695710834,4.594834740109394,0.06371484677464417,30.016282807077342,15.170317893162528,3.866297920341973,0.4492435869326902,0.8558219857218403,0.007403331790680051,0.11375692265528581,3.4191778680837763,0.05627040886240874,122.38410369387722,0.5988201846802181,0.7742981298235273,3.478650490917479,0.6008190163132648,0.7195046092294053,0.032669828334780576,0.753050831171327,0.04672197540561106,1.583480342044948,0.2774472196852941,0.4384135482877857,Semiconductors,Technology,MCHP
2007Q3,2007,Q3,2007-02-06,2006-12-31,72849000.0,251004000.0,81482000.0,0.165,149710000.0,0.5964446781724594,2278460000.0,1889492000.0,1066544000.0,374871000.0,388968000.0,121850000.0,1185152000.0,,,,,,,,,,,,,,,,,,,,,,,,,,,,,,,Semiconductors,Technology,MCHP
2007Q2,2007,Q2,2006-11-08,2006-09-30,79488000.0,267934000.0,91359000.0,0.18,161961000.0,0.6044809542648563,2291260000.0,1849665000.0,948901000.0,425707000.0,441595000.0,117584000.0,1166254000.0,,,,,,,,,,,,,,,,,,,,,,,,,,,,,,,Semiconductors,Technology,MCHP
2007Q1,2007,Q1,2006-08-08,2006-06-30,76984000.0,262557000.0,89681000.0,0.175,158484000.0,0.6036175001999566,2294691000.0,1787809000.0,1105969000.0,494699000.0,506882000.0,116642000.0,1137276000.0,,,,,,,,,,,,,,,,,,,,,,,,,,,,,,,Semiconductors,Technology,MCHP
