Quarters,Year,Quarter,FillingDate,Date,NetIncome,Revenue,OperatingIncome,EPSDiluted,GrossProfit,GrossProfitRatio,TotalAssets,CommonStockEquity,CurrentAssets,CurrentLiability,TotalLiability,Inventory,RetainedEarnings,MarketCap,EnterpriseValue,bookValuePerShare,currentRatio,debtToAssets,debtToEquity,roic,shareholdersEquityPerShare,roe,priceToSalesRatio,peRatio,pbRatio,payoutRatio,inventoryTurnover,dividendYield,assetTurnover,quickRatio,returnOnAssets,priceToFreeCashFlowsRatio,grossProfitMargin,epsdilutedGrowth,fiveYNetIncomeGrowthPerShare,fiveYRevenueGrowthPerShare,fiveYShareholdersEquityGrowthPerShare,grossProfitGrowth,netIncomeGrowth,operatingIncomeGrowth,threeYNetIncomeGrowthPerShare,threeYRevenueGrowthPerShare,threeYShareholdersEquityGrowthPerShare,Industry,Sector,Symbol
2023Q1,2023,Q1,2023-05-09,2023-03-31,-11328000.0,19493000.0,-7532000.0,-0.11,19493000.0,1.0,1756081000.0,270794000.0,406016000.0,0.0,0.0,0.0,-459704000.0,1695924478.8,1671730478.8,2.666545507497984,0.0,0.0,0.0,-0.02774592004279131,2.666545507497984,-0.04183253690997585,87.00171747806905,-37.427711837923724,6.2627845476635375,,0.0,,0.01110028523741217,0.0,-0.006450727500610735,0.0,1.0,-1.1964285714285714,-7.056584380161656,0.6531744533007446,-0.37230365863000076,-0.5180725870253164,-1.2321549339071627,-1.118132342100723,-7.056584380161656,0.6531744533007446,-0.37230365863000076,,,MHNC
2022Q4,2022,Q4,2023-03-15,2022-12-31,48795000.0,40448000.0,63759000.0,0.56,40448000.0,1.0,1846866000.0,284579000.0,1085803000.0,0.0,1562287000.0,0.0,-442863000.0,1626433571.34,992749571.3399999,3.2649622053884135,0.0,0.0,0.0,0.221927308713741,3.2649622053884135,0.1714638114548157,40.21048188637263,8.332992987703658,5.715226953991686,0.0,0.0,0.0,0.02190088506691877,0.0,0.02642043331784764,-8.798619273577097,1.0,6.358738501971091,0.0,0.0,0.0,1.2872653245871974,6.351966249811662,4.5150073523051635,0.0,0.0,0.0,,,MHNC
2022Q3,2022,Q3,2022-11-09,2022-09-30,6637000.0,17684000.0,11561000.0,0.0761,17684000.0,1.0,1989614000.0,327393000.0,633498000.0,0.0,1662221000.0,0.0,-479109000.0,1555832757.15,1531456757.15,3.756165322489463,0.0,0.0,0.0,0.03483468169845785,3.756165322489463,0.020272272162202613,87.97968543033251,58.604518500452016,4.7521869959040055,0.0,0.0,0.0,0.008888156195121264,0.0,0.003335822928467532,-140.45614851945473,1.0,-0.7463333333333333,3.8284212570386473,-0.19111107503939495,-0.15159825566949653,-0.14528757854035765,-0.7422724448586517,-0.6306153747843313,3.8284212570386473,-0.19111107503939495,-0.15159825566949653,,,MHNC
2022Q2,2022,Q2,2022-08-09,2022-06-30,25752000.0,20690000.0,31298000.0,0.3,20690000.0,1.0,2156190000.0,347933000.0,756937000.0,0.0,1808257000.0,0.0,-470949000.0,1527594469.3,1489828469.3,3.9950032175728563,0.0,0.0,0.0,0.0875306250681873,3.9950032175728563,0.07401424986994623,73.83250214113097,14.829862431073314,4.390484574041554,0.0,0.0,0.0,0.009595629327656653,0.0,0.011943288856733405,-120.49175495346269,1.0,15.304347826086955,2.1546953084667164,-0.064493692833916,-0.1446166006777764,1.0589113344611405,15.155583437892096,3.0747298528837392,2.1546953084667164,-0.064493692833916,-0.1446166006777764,,,MHNC
2022Q1,2022,Q1,2022-05-10,2022-03-31,1594000.0,10049000.0,7681000.0,0.0184,10049000.0,1.0,2215972000.0,367665000.0,783904000.0,0.0,1848307000.0,0.0,-496701000.0,1816625161.27,1779650161.27,4.248145690443292,0.0,0.0,0.0,0.011688568973053492,4.248145690443292,0.004335468429140658,180.7767102467907,284.91611688676284,4.940979318863639,0.0,0.0,0.0,0.004534804591393754,0.0,0.0007193231683432824,-23.878455812061304,1.0,-0.9342857142857144,0.0,0.0,0.0,-0.1145475372279496,-0.9332914835739694,-0.6808227716600873,0.0,0.0,0.0,,,MHNC
2021Q4,2021,Q4,2022-03-14,2021-12-31,23895000.0,11349000.0,24065000.0,0.28,11349000.0,1.0,2322610000.0,384257000.0,908206000.0,37000.0,1938353000.0,0.0,-498295000.0,1990584979.0,1101922979.0,4.439856169536584,24546.108108108107,1.593035421357869e-05,9.628972276367119e-05,0.06217895673624881,4.439856169536584,0.062184943930754674,175.39738999030752,20.826375591127853,5.180347993660492,0.0,0.0,0.0,0.004886313242429853,48565.0,0.01028799497117467,0.0,1.0,11.408921933085502,0.0,0.0,0.0,0.0,11.255364806866952,10.6841046277666,0.0,0.0,0.0,,,MHNC
2021Q3,2021,Q3,2021-11-09,2021-09-30,-2330000.0,21708000.0,-2485000.0,-0.0269,0.0,0.0,2455018000.0,383174000.0,19788000.0,7208000.0,2071844000.0,0.0,-514512000.0,2117809323.31,2095707323.31,4.427342762541764,2.7452830188679247,0.0029360273529562718,0.018811297217452123,-0.005968512892500166,4.427342762541764,-0.006080788362467182,97.55893326469504,-227.23276001180255,5.5270172906042685,0.0,0.0,0.0,0.008842297693947662,6.811598224195339,-0.0009490765444489613,-7.065252121134279,0.0,-1.0014157894736844,0.0,0.0,0.0,0.0,-1.2872287968441816,-1.4891732283464567,0.0,0.0,0.0,,,MHNC
2021Q2,2021,Q2,2021-08-09,2021-06-30,8112000.0,21978000.0,5080000.0,19.0,0.0,0.0,2606770000.0,404212000.0,44481000.0,7264000.0,2202558000.0,0.0,0.0,2098768945.25,2063923945.25,4.670424070350628,6.123485682819383,0.002786590301407489,0.017970767814909007,0.01234579902594562,4.670424070350628,0.020068676832949047,95.4940825029575,64.68099560065335,5.192247991771644,0.0,0.0,0.0,0.008431123574385158,6.123485682819383,0.0031118970987083633,-11.296822897827585,0.0,0.0,0.0,0.0,0.0,0.0,0.0,0.0,0.0,0.0,0.0,,,MHNC
2020Q4,2020,Q4,2021-03-15,2020-12-31,0.0,0.0,0.0,0.0,0.0,0.0,2948455.0,527816.0,1461910.0,63.0,2420639.0,0.0,0.0,0.0,-1456070.0,0.0,23204.920634920636,2.1367122781253234e-05,0.0001193597768919472,,0.0,0.0,0.0,0.0,0.0,0.0,0.0,,0.0,23204.920634920636,0.0,0.0,0.0,0.0,0.0,0.0,0.0,0.0,0.0,0.0,0.0,0.0,0.0,,,MHNC
