Quarters,Year,Quarter,FillingDate,Date,NetIncome,Revenue,OperatingIncome,EPSDiluted,GrossProfit,GrossProfitRatio,TotalAssets,CommonStockEquity,CurrentAssets,CurrentLiability,TotalLiability,Inventory,RetainedEarnings,MarketCap,EnterpriseValue,bookValuePerShare,currentRatio,debtToAssets,debtToEquity,roic,shareholdersEquityPerShare,roe,priceToSalesRatio,peRatio,pbRatio,payoutRatio,inventoryTurnover,dividendYield,assetTurnover,quickRatio,returnOnAssets,priceToFreeCashFlowsRatio,grossProfitMargin,epsdilutedGrowth,fiveYNetIncomeGrowthPerShare,fiveYRevenueGrowthPerShare,fiveYShareholdersEquityGrowthPerShare,grossProfitGrowth,netIncomeGrowth,operatingIncomeGrowth,threeYNetIncomeGrowthPerShare,threeYRevenueGrowthPerShare,threeYShareholdersEquityGrowthPerShare,Industry,Sector,Symbol
2023Q1,2023,Q1,2023-04-28,2023-03-31,-328674000.0,988608000.0,-365264000.0,-0.21,548622000.0,0.5549439211,7888390000.0,2578440000.0,5142916000.0,1091484000.0,5309950000.0,0.0,-10543331000.0,17727157700.0,20312179700.0,1.630510253767303,4.711856518281532,0.5278073218996525,1.614755433517941,-0.05209007656555819,1.630510253767303,-0.12747009819891097,17.9314325799508,-13.483845466936845,6.87514842307752,0.0,0.0,0.0,0.1253244324887588,4.577202231090882,-0.04166553631349363,171.32323430493273,0.5549439211497378,-0.16666666666666666,0.30719565945983546,2.4852274279810604,-0.24897248674280856,-0.3296604205155274,-0.13940927684947654,-0.2700549727570176,0.031022539092353304,0.9280218498056717,0.09445021711518342,Internet Content & Information,Communication Services,SNAP
2022Q4,2022,Q4,2023-02-01,2022-12-31,-288460000.0,1299735000.0,-287597000.0,-0.18,818424000.0,0.629685282,8029538000.0,2580698000.0,5256647000.0,1215599000.0,5448840000.0,0.0,-10214657000.0,14086252849.999998,16838407849.999998,1.6397012992706574,4.324326525441367,0.5199895685156481,1.6178863237775207,-0.04059861270616985,1.6397012992706574,-0.11177596138719059,10.837788356857358,-12.208150913471536,5.45831122045276,0.0,0.0,0.0,0.16186921339683552,4.213738247563547,-0.035924856448777,179.74954508332692,0.6296852819997922,0.18181818181818185,0.3454314675255154,2.6129690622723145,-0.3150842357454597,0.23681502269090052,0.19761225250485392,0.33922507478598113,-0.07324971483855211,1.0752821732274465,0.022689871533407614,Internet Content & Information,Communication Services,SNAP
2022Q3,2022,Q3,2022-10-21,2022-09-30,-359502000.0,1128476000.0,-435242000.0,-0.22,661719000.0,0.5863828739,8285194000.0,2900262000.0,5537672000.0,1139932000.0,5384932000.0,0.0,-9425659000.0,15795695860.0,18060062860.0,1.8030590796650094,4.857896786825881,0.5049021181640406,1.4423565870945452,-0.05935850034052893,1.8030590796650094,-0.1239550082027072,13.997369780128244,-10.984428362011895,5.446299630860937,0.0,0.0,0.0,0.13620393197793557,4.756160016562392,-0.04339089706288109,872.256660224198,0.5863828738936406,0.15384615384615388,0.3791716584180678,3.1532717765347997,-0.30098520183496097,-0.004233054239675441,0.1482347589363774,-0.08555394822167905,-0.3696009198433749,1.1907820541721121,0.0808340133426596,Internet Content & Information,Communication Services,SNAP
2022Q2,2022,Q2,2022-07-22,2022-06-30,-422067000.0,1110909000.0,-400940000.0,-0.26,664532000.0,0.5981876103,8790791000.0,3443759000.0,6015234000.0,1063967000.0,5347032000.0,0.0,-9066157000.0,21429998200.0,23336447200.0,2.1099654441408213,5.653590759863793,0.47829268151182297,1.220924867274394,-0.05024776519440876,2.1099654441408213,-0.12255997007920705,19.290507323282107,-12.693481248237841,6.222850727940021,0.0,0.0,0.0,0.12637190441679252,5.5340842338155225,-0.0480124029794361,-145.3364046361164,0.5981876103263184,-0.18181818181818185,0.28167416187387617,3.6113475796929175,-0.2665792199686192,0.03537073679946403,-0.173634128979156,-0.4766119023154235,-0.38082328862004533,1.3901017055456644,0.3582101726941734,Internet Content & Information,Communication Services,SNAP
2022Q1,2022,Q1,2022-04-22,2022-03-31,-359624000.0,1062727000.0,-271527000.0,-0.22,641830000.0,0.6039462628,8944937000.0,3563036000.0,6059808000.0,842799000.0,5381901000.0,0.0,-8644090000.0,58271876870.0,60074865870.0,2.200609840079105,7.1900987068090965,0.4712566449601601,1.1830812262351544,-0.03368183377830359,2.200609840079105,-0.10093190189490087,54.832404625082454,-40.50889044529843,16.35455742518459,0.0,0.0,0.0,0.11880765621937862,7.051154545745783,-0.04020419596023985,548.2657490308983,0.6039462627749177,-17.296296296296298,0.9038477330725317,3.1939700679015726,-0.43669461107028756,-0.24377955873100407,-16.947849223946786,-7.851378971007545,0.040722903763073186,1.7461286605140323,0.362113619913619,Internet Content & Information,Communication Services,SNAP
2021Q4,2021,Q4,2022-02-04,2021-12-31,22550000.0,1297885000.0,39631000.0,0.0135,848734000.0,0.6539362116,7536306000.0,3790168000.0,4854002000.0,851786000.0,3746138000.0,0.0,-8284466000.0,75472709340.0,76109892340.0,2.361802068572725,5.698616788723928,0.34910896664758573,0.6941623695836174,0.003694147519941319,2.361802068572725,0.005949604344715063,58.150536711650105,836.7262676274944,19.912760948855038,0.0,0.0,0.0,0.17221766207476183,5.590321982281934,0.002992182111501311,492.2786022059447,0.6539362116058048,1.27,1.0840662295380854,3.9630002771260266,0.8140504193480447,0.36015500049679644,1.3133728928973443,1.2191689156306684,1.0971295341185667,1.7486803545790337,0.35398256986053356,Internet Content & Information,Communication Services,SNAP
2021Q3,2021,Q3,2021-10-22,2021-09-30,-71959000.0,1067471000.0,-180824000.0,-0.05,623998000.0,0.5845573322366603,7111165000.0,3440116000.0,4472029000.0,808496000.0,3671049000.0,0.0,-8307016000.0,116785958420.0,117414376420.0,2.175958243251278,5.531293908689715,0.3657313534420872,0.7560140413869765,-0.02869536947903528,2.175958243251278,-0.0209176085922684,109.40433830989319,-405.7378452313123,33.94826175047586,0.0,0.0,0.0,0.15011197180771366,5.4364647444143195,-0.010119157690758124,2258.2171556191506,0.5845573322366603,0.5,0.6274869664896303,4.354640966640732,0.0,0.16181922109453403,0.5255367127334107,0.06071309840425532,0.816631128506322,1.9710237584160712,0.19556077117964718,Internet Content & Information,Communication Services,SNAP
2021Q2,2021,Q2,2021-07-23,2021-06-30,-151664000.0,982108000.0,-192512000.0,-0.1,537087000.0,0.5468716271530218,6820815000.0,2908001000.0,4336959000.0,748147000.0,3912814000.0,0.0,-8235057000.0,105428524760.0,106283093760.0,1.8794836463004303,5.796934292324904,0.42612649661367447,0.9994941542317214,-0.03081830835720713,1.8794836463004303,-0.05215403983698768,107.34921694966337,-173.78633815539612,36.25463841312297,0.0,0.0,0.0,0.14398689892630132,5.700070975356447,-0.022235465996365538,-911.1523283409242,0.5468716271530218,0.47368421052631576,0.14006835762307446,7.988542542222102,0.0,0.5045170218189662,0.47133664712320744,0.3659150346172342,0.6369530926095837,2.167075301142421,-0.04824146741588576,Internet Content & Information,Communication Services,SNAP
2021Q1,2021,Q1,2021-04-23,2021-03-31,-286882000.0,769584000.0,-303606000.0,-0.19,356983000.0,0.4638648932410237,5058780000.0,1706178000.0,3238699000.0,751928000.0,3352602000.0,0.0,-8083393000.0,78520546440.0,80124951440.0,1.1362127706048604,4.307192975923226,0.44382301661665463,1.3159254192704395,-0.07132546953931776,1.1362127706048604,-0.16814306596380918,102.0298582610865,-68.42582180129808,46.021309875054065,0.0,0.0,0.0,0.1521283787790732,4.215103041780596,-0.056709720525502195,623.0058828103305,0.4638648932410237,-1.375,-0.8573980227699833,12.430135562079773,0.0,-0.32103595447490946,-1.5365564682269517,-2.122362088115513,0.36317900387754865,1.8571422063561334,-0.47665030031745276,Internet Content & Information,Communication Services,SNAP
2020Q4,2020,Q4,2021-02-05,2020-12-31,-113099000.0,911322000.0,-97236000.0,-0.08,525776000.0,0.5769376795468562,5024238000.0,2329976000.0,3337975000.0,667327000.0,2694262000.0,0.0,-7891542000.0,74317749390.0,75775669390.0,1.5697716800839736,5.0020080110650404,0.39877450073026,0.8598964109501557,-0.024838701956691907,1.5697716800839736,-0.04854084333915886,81.54938582630508,-164.2758764224264,31.896358327296074,0.0,0.0,0.0,0.18138511750438574,4.9178708489241405,-0.022510677241006496,-1077.1937237650743,0.5769376795468562,0.4285714285714286,0.544137579429815,2.767731490696865,0.20570856145362548,0.3636224528169763,0.43408905545576,0.4207453652957156,0.7278641385982306,1.6862026300303314,-0.34429437212248193,Internet Content & Information,Communication Services,SNAP
2020Q3,2020,Q3,2020-10-21,2020-09-30,-199853000.0,678668000.0,-167864000.0,-0.14,385573000.0,0.5681319879528723,4817774000.0,2198771000.0,3315714000.0,610106000.0,2619003000.0,0.0,-7778449000.0,38288226200.0,39442501200.0,1.4994142196642162,5.43465233910173,0.3425328792923869,0.7505310921419284,-0.04037019599063681,1.4994142196642162,-0.09089304888958423,56.41672540918387,-47.895485932160135,17.413466977688902,0.0,0.0,0.0,0.14086754588322326,5.334936879820884,-0.04148243566427151,-550.474102508806,0.5681319879528723,0.3913043478260869,-0.1154013862134742,2.670251274094792,0.0,0.8928101559125005,0.38686182892520654,0.4595631793128316,0.6214268612525703,1.7398342849724109,-0.4187030586268418,Internet Content & Information,Communication Services,SNAP
2020Q2,2020,Q2,2020-07-22,2020-06-30,-325951000.0,454158000.0,-310608000.0,-0.23,203704000.0,0.44853112793345046,4704029000.0,2194665000.0,3258349000.0,543612000.0,2509364000.0,0.0,-7578597000.0,33990546779.999996,35942416780.0,1.516677009748297,5.993887184241702,0.3456065003000619,0.7407704592728275,-0.07476491547803743,1.516677009748297,-0.1485197057409673,74.84299908842296,-26.070288770398,15.487806467046221,0.0,0.0,0.0,0.09654659867105411,5.902399137620215,-0.06929187723970238,-412.90250094143653,0.44853112793345046,-0.09523809523809533,-0.9761258891117194,3.4444483604776446,0.0,-0.025656724128034897,-0.06542217980231159,-0.08466147979494629,0.37428771329932736,1.1263689223563678,-0.47280537762635616,Internet Content & Information,Communication Services,SNAP
2020Q1,2020,Q1,2020-04-22,2020-03-31,-305936000.0,462478000.0,-286364000.0,-0.21,209068000.0,0.4520604223336029,3898510000.0,2124907000.0,2527871000.0,523191000.0,1773603000.0,0.0,-7252646000.0,16958766450.0,18141296450.0,1.4897984652651433,4.831640834800293,0.23171391121223237,0.42511931110396833,-0.08545742142486502,1.4897984652651433,-0.143976183428263,36.669347406795566,-13.858099774135768,7.980945260192564,0.0,0.0,0.0,0.11862942508804646,4.732359692731717,-0.07847510972140638,-3680.2878580729166,0.4520604223336029,-0.23529411764705868,-1.085376762826023,7.497040954716886,0.0,-0.31999128310711694,-0.2710050518479128,-0.1292133945330368,0.9071448063996269,1.0718554181955182,-0.6186459368586195,Internet Content & Information,Communication Services,SNAP
2019Q4,2019,Q4,2020-02-05,2019-12-31,-240704000.0,560888000.0,-253596000.0,-0.17,307449000.0,0.5481468671107245,4011924000.0,2259913000.0,2643986000.0,499675000.0,1752011000.0,0.0,-6945930000.0,23017445269.999996,24981392269.999996,1.6033221262004982,5.291411417421324,0.22228137920857924,0.3946063410405622,-0.07261736473853116,1.6033221262004982,-0.10651029486533331,41.03750707806192,-23.906380107933394,10.185102377834898,0.0,0.0,0.0,0.13980524057783747,5.213386701355882,-0.05999714850032054,-303.1203696582603,0.5481468671107245,-0.06250000000000006,-0.021650514326984723,1.4419021783114045,0.2314779524016889,0.3783303968905088,-0.058621220450797144,-0.1081174378312716,-0.021650514326984723,1.4419021783114045,0.2314779524016889,Internet Content & Information,Communication Services,SNAP
2019Q3,2019,Q3,2019-10-23,2019-09-30,-227375000.0,446199000.0,-228853000.0,-0.16,223059000.0,0.4999092333241446,3864372000.0,2324415000.0,2677063000.0,369063000.0,1539957000.0,0.0,-6705226000.0,22015056400.0,23698521400.0,1.668210897701811,7.253674846841867,0.2278225284729317,0.37875809612311057,-0.06429353374872557,1.668210897701811,-0.09782031177737194,49.33909847399927,-24.205669488730074,9.47122454467038,0.0,0.0,0.0,0.11546481549912897,7.139214714019015,-0.05883879709303349,-261.8128414618193,0.4999092333241446,0.15789473684210525,-0.33554608885675064,1.5395845615862522,0.0,0.29287829872079474,0.10894134982404163,0.24921428524562197,-0.33554608885675064,1.5395845615862522,0.0,Internet Content & Information,Communication Services,SNAP
2019Q2,2019,Q2,2019-07-24,2019-06-30,-255174000.0,388021000.0,-304818000.0,-0.19,172529000.0,0.4446383056587144,2776025000.0,2116698000.0,1539755000.0,339937000.0,659327000.0,0.0,-6477851000.0,19552506400.0,19575525400.0,1.553489648774645,4.52953047182272,0.0,0.0,-0.1236582550199224,1.553489648774645,-0.1205528611072529,50.39033042026076,-19.156052732645175,9.237267857767145,0.0,0.0,0.0,0.1397757585036158,4.407575521346603,-0.09192064192505471,-189.05558198449071,0.4446383056587144,0.1739130434782609,-0.6429460779197872,3.032651803945312,0.0,0.4789171859865077,0.17793735321690554,0.03557224712950981,-0.6429460779197872,3.032651803945312,0.0,Internet Content & Information,Communication Services,SNAP
2019Q1,2019,Q1,2019-04-24,2019-03-31,-310407000.0,320426000.0,-316061000.0,-0.23,116659000.0,0.36407470055488633,2825743000.0,2165877000.0,1532840000.0,322904000.0,659866000.0,0.0,-6222677000.0,15229386400.0,15359118400.0,1.615584638393573,4.747045561529124,0.0,0.0,-0.12448424455076035,1.615584638393573,-0.14331700276608506,47.52856010436107,-12.265659601748672,7.031510284286688,0.0,0.0,0.0,0.11339530877365706,4.617901915120283,-0.10984969262951372,-195.26857113550108,0.36407470055488633,-0.6428571428571428,-1.251094788596963,5.263436977226801,0.0,-0.3404400872937797,-0.6195035164972765,-0.6232647002932612,-1.251094788596963,5.263436977226801,0.0,Internet Content & Information,Communication Services,SNAP
2018Q4,2018,Q4,2019-02-06,2018-12-31,-191668000.0,389822000.0,-194707000.0,-0.14,176874000.0,0.45373016402358,2714106000.0,2310999000.0,1675928000.0,292691000.0,403107000.0,0.0,-5912578000.0,7299967580.0,6912818580.0,1.7443371289602356,5.72592939311424,0.0,0.0,-0.08409786172405191,1.7443371289602356,-0.08293729248692881,18.726412516481883,-9.521630606047959,3.158793050105171,0.0,0.0,0.0,0.14362814127377485,5.582775008456017,-0.07061920205032522,-49.06057044927585,0.45373016402358,0.43999999999999995,0.13449363984938803,0.8055938257273721,0.3397886056501453,0.766249588080806,0.410520747474996,0.3978835455251089,0.13449363984938803,0.8055938257273721,0.3397886056501453,Internet Content & Information,Communication Services,SNAP
2018Q3,2018,Q3,2018-10-26,2018-09-30,-325148000.0,297695000.0,-323371000.0,-0.25,100141000.0,0.33638791380439714,2783776000.0,2384092000.0,1725127000.0,285520000.0,399684000.0,0.0,-5720910000.0,10950914480.0,10600516480.0,1.820031482886715,6.042053096105351,0.0,0.0,-0.13573882582161342,1.820031482886715,-0.13638232081647855,36.78568494600178,-8.419946055334801,4.593327136704456,0.0,0.0,0.0,0.10693927959720897,5.870832165872794,-0.11680106445346178,-68.94826151560179,0.33638791380439714,0.07407407407407414,-1.0314954794451723,0.8022881680001874,0.0,0.4164615689269852,0.07970903738926155,0.09633022395358845,-1.0314954794451723,0.8022881680001874,0.0,Internet Content & Information,Communication Services,SNAP
2018Q2,2018,Q2,2018-08-08,2018-06-30,-353310000.0,262263000.0,-357842000.0,-0.27,70698000.0,0.26956909667013645,2950713000.0,2584068000.0,1868850000.0,279342000.0,366645000.0,0.0,-5395762000.0,17128992228.039999,16735809228.039999,1.9747484072430166,6.690186223339133,0.0,0.0,-0.13890352354331537,1.9747484072430166,-0.13672627810104068,65.31227137659525,-12.120370374486996,6.628692522038894,0.0,0.0,0.0,0.08888122972312115,6.496760243715589,-0.11973716183173355,-72.34993676099884,0.26956909667013645,0.09999999999999991,-1.3686516118760519,1.8381208804791511,0.0,1.087457186724932,0.08417901162564641,0.0883703156446641,-1.3686516118760519,1.8381208804791511,0.0,Internet Content & Information,Communication Services,SNAP
2018Q1,2018,Q1,2018-05-02,2018-03-31,-385785000.0,230666000.0,-392530000.0,-0.3,33868000.0,0.14682701395090736,3182030000.0,2791848000.0,2111231000.0,301357000.0,390182000.0,0.0,-5042452000.0,20408026500.0,19941703500.0,2.1710393094599323,7.00574733621585,0.0,0.0,-0.14117608978026955,2.1710393094599323,-0.1381826661050315,88.4743590299394,-13.225,7.309863036956166,0.0,0.0,0.0,0.07249020279507107,6.811728282402599,-0.12123864325603467,-76.0483331842776,0.14682701395090736,-0.07142857142857129,-1.916672085373317,3.70054851739702,0.0,-0.6414073501540547,-0.10231529500510034,-0.08744916390554183,-1.916672085373317,3.70054851739702,0.0,Internet Content & Information,Communication Services,SNAP
2017Q4,2017,Q4,2018-02-22,2017-12-31,-349977000.0,285693000.0,-360964000.0,-0.28,94447000.0,0.33058912889010234,3421566000.0,2992327000.0,2366794000.0,346256000.0,429239000.0,0.0,-4656667000.0,18261299890.77,17943269890.77,2.394018921517016,6.835387690032808,0.0,0.0,-0.11888634939797581,2.394018921517016,-0.11695813993590941,63.91931160640968,-13.044642855651944,6.1027086581012036,0.0,0.0,0.0,0.08349773174037853,6.707499653435608,-0.10228562009325555,-92.5198979150053,0.33058912889010234,0.22222222222222213,-0.6751280710379062,0.4026237070039357,0.8387955054716181,35.059502344031735,0.2102676466008814,0.21839996362274186,-0.6751280710379062,0.4026237070039357,0.8387955054716181,Internet Content & Information,Communication Services,SNAP
2017Q3,2017,Q3,2017-11-08,2017-09-30,-443159000.0,207937000.0,-461827000.0,-0.36,-2773000.0,-0.013335769968788623,3542380000.0,3175270000.0,2547731000.0,296164000.0,367110000.0,0.0,-4306696000.0,17898699607.879997,17581145607.879997,2.5794290541461513,8.602433111384233,0.0,0.0,-0.14151710800978484,2.5794290541461513,-0.1395657692101774,86.07751197660829,-10.09722222039945,5.636906344304578,0.0,0.0,0.0,0.058699800698965104,8.417765157142664,-0.12510205003415784,-81.25947539738316,-0.013335769968788623,0.0,-1.9463299744508007,0.3395887825134468,0.0,-1.093926768959794,-0.00014895292861769426,-0.028526696034457417,-1.9463299744508007,0.3395887825134468,0.0,Internet Content & Information,Communication Services,SNAP
2017Q2,2017,Q2,2017-08-11,2017-06-30,-443093000.0,181671000.0,-449018000.0,-0.36,29523000.0,0.16250805026669088,3875474000.0,3540907000.0,3046898000.0,258309000.0,334567000.0,0.0,-3863537000.0,21871562807.53,21369885807.53,2.876882550356076,11.795554936142372,0.0,0.0,-0.12686945397973867,2.876882550356076,-0.12513545258319408,120.39105199800738,-12.340277778891789,6.176824979455828,0.0,0.0,0.0,0.04687710458127187,11.494454316342056,-0.11433259518706615,-92.41804794041215,0.16250805026669088,0.8441558441558442,-2.158202149955632,1.0901586332217752,0.0,3.1533916849015315,0.7993998651779194,0.7971701628942883,-2.158202149955632,1.0901586332217752,0.0,Internet Content & Information,Communication Services,SNAP
2017Q1,2017,Q1,2017-05-11,2017-03-31,-2208837000.0,149648000.0,-2213767000.0,-2.31,-13710000.0,-0.09161498984283117,4041777000.0,3735518000.0,3463206000.0,242285000.0,306259000.0,0.0,-3420444000.0,21543332309.82,20116218309.82,3.9066017888809697,14.293934828817301,0.0,0.0,-0.5918189630311528,3.9066017888809697,-0.5913067478191779,143.96004162982464,-2.4383116895701225,5.767160621316776,0.0,0.0,0.0,0.03702529852587117,13.992748209752977,-0.5465014522077789,-124.53513098919012,-0.09161498984283117,-12.819806584483217,-21.45837504578358,3.101174666964639,0.0,-2.1117418099253973,-11.997363853011269,-12.042336084648603,-21.45837504578358,3.101174666964639,0.0,Internet Content & Information,Communication Services,SNAP
2016Q4,2016,Q4,2016-12-31,2016-12-31,-169945000.0,165682000.0,-169737000.0,-0.16715139867396206,12332000.0,0.07443174273608479,1722792000.0,1323709000.0,1179985000.0,351949000.0,399083000.0,0.0,-2930696000.0,24889134240.0,24739013240.0,1.3019495177105043,3.3527158764480083,0.0,0.0,-0.1280046301797158,1.3019495177105043,-0.12838546840733123,150.22231890006157,-36.61351354850099,18.802572347849868,0.0,0.0,0.0,0.09617063464422868,3.267595589133653,-0.09864510631579436,-132.3158159316123,0.07443174273608479,-0.36800778054737904,0.0,0.0,0.0,28.08490566037736,-0.36800882248768396,-0.2960188748396555,0.0,0.0,0.0,Internet Content & Information,Communication Services,SNAP
2016Q3,2016,Q3,2016-09-30,2016-09-30,-124228000.0,128204000.0,-130968000.0,-0.122186,424000.0,0.003307229103616112,,,,,,,,24889134240.0,,,0.0,0.0,0.0,0.0,,0.0,194.1369554772082,-50.0876095566217,0.0,0.0,0.0,0.0,0.0,0.0,0.0,-106.33292137327614,0.003307229103616112,-0.0719104474993202,0.0,0.0,0.0,1.0184677032971818,-0.0719105389407562,-0.13040851379694285,0.0,0.0,0.0,Internet Content & Information,Communication Services,SNAP
2016Q2,2016,Q2,2016-06-30,2016-06-30,-115894000.0,71798000.0,-115859000.0,-0.113989,-22959000.0,-0.31977213849967967,,,,,,,,24889134240.0,,,0.0,0.0,0.0,0.0,,0.0,346.6549798044514,-53.68943655409254,0.0,0.0,0.0,0.0,0.0,0.0,0.0,-165.34225003487654,-0.31977213849967967,-0.10822792809434446,0.0,0.0,0.0,0.37906693711967543,-0.10822750917992656,-0.11594956704327641,0.0,0.0,0.0,Internet Content & Information,Communication Services,SNAP
2016Q1,2016,Q1,2016-03-31,2016-03-31,-104576000.0,38798000.0,-103821000.0,-0.102857,-36975000.0,-0.9530130419093767,,,,,,,,24889134240.0,,,0.0,0.0,0.0,0.0,,0.0,641.5055992576937,-59.50011054161567,0.0,0.0,0.0,0.0,0.0,0.0,0.0,-235.79303907915306,-0.9530130419093767,0.0,0.0,0.0,0.0,0.0,0.0,0.0,0.0,0.0,0.0,Internet Content & Information,Communication Services,SNAP
