Quarters,Year,Quarter,FillingDate,Date,NetIncome,Revenue,OperatingIncome,EPSDiluted,GrossProfit,GrossProfitRatio,TotalAssets,CommonStockEquity,CurrentAssets,CurrentLiability,TotalLiability,Inventory,RetainedEarnings,MarketCap,EnterpriseValue,bookValuePerShare,currentRatio,debtToAssets,debtToEquity,roic,shareholdersEquityPerShare,roe,priceToSalesRatio,peRatio,pbRatio,payoutRatio,inventoryTurnover,dividendYield,assetTurnover,quickRatio,returnOnAssets,priceToFreeCashFlowsRatio,grossProfitMargin,epsdilutedGrowth,fiveYNetIncomeGrowthPerShare,fiveYRevenueGrowthPerShare,fiveYShareholdersEquityGrowthPerShare,grossProfitGrowth,netIncomeGrowth,operatingIncomeGrowth,threeYNetIncomeGrowthPerShare,threeYRevenueGrowthPerShare,threeYShareholdersEquityGrowthPerShare,Industry,Sector,Symbol
2023Q1,2023,Q1,2023-05-02,2023-03-31,2155000.0,31331000.0,10062000.0,0.1,31331000.0,1.0,2114499000.0,365807000.0,246622000.0,210500000.0,1748692000.0,0.0,272269000.0,316065700.0,771579700.0,17.511105792245093,1.1716009501187648,0.33681548205981654,1.946917363527762,0.00723026961562129,17.511105792245093,0.005891084642994804,10.087954422137818,36.66655452436195,0.8640231050800012,1.9475638051044084,0.0,0.013278884738204745,0.014817221478941347,8.451767220902612,0.0010191539461593504,-10.054259447766892,1.0,1.5,-0.5918578870907634,0.07656383987396474,0.21210362171630015,-0.009985148671280059,1.304812834224599,1.812971764048085,-0.5681719031204968,-0.11211643119920134,0.1964457640186178,Banks—Regional,Financial Services,WSBF
2022Q4,2022,Q4,2023-02-28,2022-12-31,935000.0,31647000.0,3577000.0,0.04,31647000.0,1.0,2031672000.0,370486000.0,1735651000.0,24479000.0,1661186000.0,0.0,274246000.0,361453839.99999994,897978840.0,17.670800343413145,70.9036725356428,0.2817797360991341,1.545224380948268,0.005390223600895225,17.670800343413145,0.0025237120970832906,11.421425095585677,96.64541176470587,0.9756207791927359,4.504812834224599,0.0,0.011652940248193243,0.01557682539307526,70.46725764941378,0.0004602120814777188,5.061811561729777,1.0,-0.84,-0.6059802701277877,0.0009134792417454274,0.18012872248611175,-0.24075140348351806,-0.8225806451612904,-0.6235925497211406,-0.8702486265437586,-0.163856532072919,0.14844088330946167,Banks—Regional,Financial Services,WSBF
2022Q3,2022,Q3,2022-11-02,2022-09-30,5270000.0,41682000.0,9503000.0,0.25,41682000.0,1.0,1975051000.0,376174000.0,254232000.0,50000000.0,1598877000.0,0.0,277514000.0,344886720.0,657903720.0,17.62599568925124,5.08464,0.18731212510461756,0.9834571235651587,0.009905727011835846,17.62599568925124,0.014009474339002695,8.274236361019145,16.36085009487666,0.9168276382737777,0.8115749525616698,0.0,0.01240117334758497,0.021104265155684587,31.8249,0.00266828552781675,20.47656118268717,1.0,-0.3055555555555555,-0.07991575539773546,0.1667364224459199,0.1780615961849469,-0.056648183772773565,-0.3404255319148936,-0.24315068493150685,-0.41743829741997784,0.010926148468493177,0.1730545443129584,Banks—Regional,Financial Services,WSBF
2022Q2,2022,Q2,2022-08-03,2022-06-30,7990000.0,44185000.0,12556000.0,0.36,44185000.0,1.0,1941097000.0,386380000.0,1366389000.0,0.0,1554717000.0,0.0,276444000.0,377248300.0,551248300.0,17.46271354967007,0.0,0.14481501954822454,0.7275221284745588,0.014705047807627145,17.46271354967007,0.020679124178270097,8.537926898268644,11.803764080100127,0.9763660127335785,0.5692115143929912,0.0,0.01205572033061514,0.022762901596365355,0.0,0.004116229121986176,-15.230048445700444,1.0,0.5652173913043477,0.11677881722005701,0.10395330624369302,0.17644453977451666,0.09773670219373432,0.5101115101115101,0.256982680949044,-0.017282622826630824,0.10810573230451219,0.18472847669341233,Banks—Regional,Financial Services,WSBF
2022Q1,2022,Q1,2022-05-06,2022-03-31,5291000.0,40251000.0,9989000.0,0.23,40251000.0,1.0,2004614000.0,412252000.0,469529000.0,5000000.0,1592362000.0,0.0,272740000.0,447372880.0,511274880.0,17.821718831056543,93.9058,0.16535752020089653,0.8040664447959015,0.010415235716675733,17.821718831056543,0.012834382853206292,11.114578022906263,21.138389718389718,1.0851927461843727,3.255150255150255,0.0,0.03849808687553881,0.020079177337881508,93.9058,0.002639410879101912,3.1398333836317316,1.0,-0.5660377358490567,-0.04905498691833866,0.2567027689368292,0.17318093109212104,-0.2580187288010618,-0.5785071297697761,-0.4769061583577713,-0.07350405417199958,0.26716972996154126,0.22834079118201603,Banks—Regional,Financial Services,WSBF
2021Q4,2021,Q4,2022-02-28,2021-12-31,12553000.0,54248000.0,19096000.0,0.53,54248000.0,1.0,2215858000.0,432773000.0,541757000.0,5000000.0,1783085000.0,0.0,273398000.0,515852280.0,628111280.0,18.33939316891262,108.3514,0.21436391682138475,1.0975730925912661,0.016836656047223966,18.33939316891262,0.029005968486943503,9.509148355699748,10.273486019278259,1.1919696469049594,0.32757109854218114,0.0,0.007971274257041182,0.02448171317837154,108.3514,0.005665074206018617,16.82492759295499,1.0,-0.3291139240506329,1.2625619288207441,0.4507396105442599,0.2153772039209494,-0.17700068269741334,-0.33931578947368424,-0.313562672993278,1.5289729689452252,0.73677181226632,0.23862794693148057,Banks—Regional,Financial Services,WSBF
2021Q3,2021,Q3,2021-11-09,2021-09-30,19000000.0,65915000.0,27819000.0,0.79,65915000.0,1.0,2234111000.0,442571000.0,521347000.0,5000000.0,1791540000.0,0.0,277316000.0,487354649.99999994,615837650.0,18.607147361782637,104.2694,0.2126125335759951,1.0732741187289723,0.023582253518628405,18.607147361782637,0.04293096474915889,7.393683531821284,6.412561184210525,1.1011897526046668,0.2503157894736842,0.0,0.009758807061756773,0.029503905580340457,104.2694,0.008504501343039804,10.427374941161366,1.0,0.06756756756756763,1.8784230035417493,0.5377196924305865,0.22862772728750294,0.01219268745873067,0.06180842740583436,0.01822773690567695,1.5196465975949713,0.5877969755918223,0.2623066256469766,Banks—Regional,Financial Services,WSBF
2021Q2,2021,Q2,2021-08-03,2021-06-30,17894000.0,65121000.0,27321000.0,0.74,65121000.0,1.0,2201953000.0,431738000.0,389432000.0,5000000.0,1770215000.0,0.0,263048000.0,468851680.0,726643680.0,18.103740355585373,77.8864,0.21571759251900471,1.1002042905651113,0.022678793636292296,18.103740355585373,0.04144643279025705,7.199700250303281,6.550403487202415,1.0859634315256013,0.9317648373756566,0.0,0.03556135279284912,0.029574200720905486,77.8864,0.008126422316915937,27.330322354998543,1.0,-0.16853932584269665,1.6005253239617614,0.5802494890245498,0.21656939952719345,-0.05369390839339688,-0.16163793103448276,-0.1525218686022706,1.1907883687985692,0.5966734711508703,0.23326978169339996,Banks—Regional,Financial Services,WSBF
2021Q1,2021,Q1,2021-05-05,2021-03-31,21344000.0,68816000.0,32238000.0,0.89,68816000.0,1.0,2198011000.0,430681000.0,341635000.0,4000000.0,1767330000.0,0.0,261859000.0,484668700.00000006,779296700.0,18.14539709290078,85.40875,0.21564951221809173,1.1005825657505206,0.02695107142671146,18.14539709290078,0.04955872211683357,7.042965298767729,5.676872891679161,1.125354264525252,0.22708958020989506,0.0,0.010000645801967405,0.0313083055544308,85.40875,0.009710597444689767,8.19763374659608,1.0,-0.23931623931623927,5.280631380104732,1.487711277037869,0.24371235761531376,-0.17264595556410503,-0.23319561702892042,-0.23823251417769375,2.557862419166324,1.0811537264335418,0.2560087178232736,Banks—Regional,Financial Services,WSBF
2020Q4,2020,Q4,2021-03-02,2020-12-31,27835000.0,83176000.0,42320000.0,1.17,83176000.0,1.0,2184587000.0,413118000.0,235539000.0,29000000.0,1771469000.0,0.0,245287000.0,446090460.0,869170460.0,17.428933046449817,8.12203448275862,0.22841846078915604,1.2078873348534802,0.034896229781499866,17.428933046449817,0.0673778436185303,5.363211262864287,4.006560625112269,1.0798136609879017,0.3528650978983294,0.0,0.022017955730324293,0.038074015820839364,8.12203448275862,0.012741538789711739,28.826524071082392,1.0,0.08333333333333319,9.30820929949971,1.9306914686356313,0.19916466851367787,-0.053053417733047954,0.05864678811851063,0.02516896393013735,9.375519444782473,1.3268816073063905,0.16397582965560123,Banks—Regional,Financial Services,WSBF
2020Q3,2020,Q3,2020-11-04,2020-09-30,26293000.0,87836000.0,41281000.0,1.08,87836000.0,1.0,2220822000.0,399429000.0,218612000.0,34000000.0,1821393000.0,0.0,229289000.0,376081710.0,814670710.0,16.45162486099098,6.429764705882353,0.2269429967822725,1.261801221243325,0.03418380627837618,16.45162486099098,0.06582646728204512,4.281635206521244,3.575872950975545,0.9415483352485674,0.11177880044118206,0.0,0.007814791099519304,0.039551121161443825,6.429764705882353,0.01183930994919899,21.58907634902411,1.0,0.27058823529411774,4.726170413902163,1.5858059051419742,0.15786511679299225,0.11262271201469377,0.25515562344853926,0.19392063859324388,3.035166325672565,1.161230445422825,0.09957064470372066,Banks—Regional,Financial Services,WSBF
2020Q2,2020,Q2,2020-08-06,2020-06-30,20948000.0,78945000.0,34576000.0,0.85,78945000.0,1.0,2217573000.0,385619000.0,229039000.0,104000000.0,1831954000.0,0.0,205863000.0,362801120.0,871874120.0,15.762712557226946,2.202298076923077,0.2588415353181158,1.4885158666974396,0.026991012921267484,15.762712557226946,0.05432304943480482,4.59561872189499,4.329782318121062,0.940827915636937,0.7802654191330914,0.0,0.04505223137128132,0.035599729975067336,2.202298076923077,0.009446363208787265,-3.748603783722348,1.0,2.148148148148148,3.8357702696146023,1.3429807033603374,0.17172541069906008,0.8396094514610617,2.4516394793211402,1.3169603967030759,1.648124465405991,0.7839222169112455,0.06191727117548732,Banks—Regional,Financial Services,WSBF
2020Q1,2020,Q1,2020-05-13,2020-03-31,6069000.0,42914000.0,14923000.0,0.27,42914000.0,1.0,2056676000.0,371826000.0,221140000.0,40000000.0,1684850000.0,0.0,187812000.0,369388700.0,829737700.0,14.635937807518205,5.5285,0.24797294274839596,1.3716093011247197,0.012842905321384804,14.635937807518205,0.016322150683384162,8.607650184089108,15.216209424946449,0.9934450522556248,0.39775910364145656,0.0,0.006535121404634197,0.020865707578636598,5.5285,0.002950878018705912,-9.745375158294639,1.0,-0.2058823529411765,1.563869309232868,0.7375052992142187,0.054370196121607525,-0.07090432787027215,-0.3098703661587446,-0.21125792811839322,-0.006818170111629294,0.2199692347056559,-0.036534954501207216,Banks—Regional,Financial Services,WSBF
2019Q4,2019,Q4,2020-03-13,2019-12-31,8794000.0,46189000.0,18920000.0,0.34,46189000.0,1.0,1996347000.0,393686000.0,240072000.0,0.0,1602661000.0,0.0,197393000.0,486901580.0,895305580.0,15.386774017040569,0.0,0.2354300129185958,1.1938448408122209,0.016370014108644203,15.386774017040569,0.02233759900021845,10.54150512026673,13.8418688878781,1.2367764665240828,0.3492153741187173,0.0,0.006307229481572025,0.023136759290844727,0.0,0.004405045816183259,17.897503400110274,1.0,-0.19047619047619038,3.8078398602952497,0.9167479240996347,0.10620515008225923,-0.07232375979112271,-0.19498352251922374,-0.1289134438305709,0.46188163023352097,0.1392449148153518,0.019703008161370238,Banks—Regional,Financial Services,WSBF
2019Q3,2019,Q3,2019-11-01,2019-09-30,10924000.0,49790000.0,21720000.0,0.42,49790000.0,1.0,2005429000.0,387243000.0,232978000.0,20000000.0,1618186000.0,0.0,191680000.0,442762960.0,877840960.0,15.025725593667547,11.6489,0.24433674789783133,1.2653553453516269,0.018658357954734056,15.025725593667547,0.02820967712779831,8.89260815424784,10.132803002563163,1.1433724044075684,0.28515195898938117,0.0,0.007035367186089821,0.02482760546496535,11.6489,0.005447213538848795,15.235640893293418,1.0,0.13513513513513511,2.0276490289289613,0.8881554399121392,0.14023740437523288,0.05282077306944092,0.13284247640775693,0.10153159549650066,0.5273470849740299,0.07198838309906598,-0.007853126110525622,Banks—Regional,Financial Services,WSBF
2019Q2,2019,Q2,2019-07-31,2019-06-30,9643000.0,47292000.0,19718000.0,0.37,47292000.0,1.0,2015138000.0,386803000.0,239668000.0,0.0,1628335000.0,0.0,183820000.0,446376420.00000006,908251420.0,14.739844524045424,0.0,0.2573922976987184,1.3409435810994228,0.01642326680351824,14.739844524045424,0.02493000312820738,9.43873001776199,11.572550554806597,1.154014886130666,1.778077361816862,0.0,0.03841152720387873,0.02346836792318938,0.0,0.0047852802140597814,-3.814107303068366,1.0,0.5416666666666667,2.3160491604666373,0.8136105671302747,0.09487859529517843,0.29965922831702757,0.47401406297768267,0.3359078590785908,0.2735642305334701,0.042911149417269916,-0.009484037578470326,Banks—Regional,Financial Services,WSBF
2019Q1,2019,Q1,2019-05-03,2019-03-31,6542000.0,36388000.0,14760000.0,0.24,36388000.0,1.0,1928665000.0,384468000.0,271152000.0,0.0,1544197000.0,0.0,177303000.0,438293460.0,781365460.0,14.50877391599683,0.0,0.22295214565515525,1.1184285818325583,0.013908472317094201,14.50877391599683,0.017015720424066502,12.045,16.749215071843473,1.139999843940198,0.4017120146744115,0.0,0.005995982691596631,0.01886693645604602,0.0,0.0033919835741302922,25.140154869794653,1.0,0.14285714285714285,3.4923004639680486,0.7583815283215387,0.06561510907985411,0.01841589700531766,0.15216625572384643,0.12517152004878793,0.724240267128678,0.17822568659707166,-0.005547174262070813,Banks—Regional,Financial Services,WSBF
2018Q4,2018,Q4,2019-03-06,2018-12-31,5678000.0,35730000.0,13118000.0,0.21,35730000.0,1.0,1915381000.0,399679000.0,246721000.0,0.0,1515702000.0,0.0,187153000.0,452419440.00000006,821418440.0,14.806216196191746,0.0,0.22449841571990115,1.075863380362741,0.012372448162438264,14.806216196191746,0.0142064006365108,12.662172963895888,19.919841493483624,1.13195699548888,0.5748502994011976,0.0,0.007214544096513624,0.018654252078307135,0.0,0.002964423266180462,7.0718161781946085,1.0,-0.32258064516129037,2.720802217315238,0.7056326335859516,1.3654378741575313,-0.25425780597762565,-0.3475812938067333,-0.21175339502463647,0.8463901025073473,0.10545522890121384,0.018713611988127047,Banks—Regional,Financial Services,WSBF
2018Q3,2018,Q3,2018-10-30,2018-09-30,8703000.0,47912000.0,16642000.0,0.31,47912000.0,1.0,1919403000.0,404644000.0,219580000.0,0.0,1514759000.0,0.0,184697000.0,465294450.0,875922450.0,14.740592328148336,0.0,0.2350376653574054,1.114886171548324,0.014786338935850643,14.740592328148336,0.021507794505787804,9.711438679245283,13.365921234057222,1.1498859491305937,0.3786050787084913,0.0,0.007081537293212933,0.02496192826623695,0.0,0.00453422235976499,-11.895246190817057,1.0,-0.08823529411764713,2.36786337071735,0.9499155607169117,1.3683211645525484,0.01858072196947149,-0.07611464968152866,-0.030412491260778374,0.6763540041540314,0.2474992645598471,0.037442672188507185,Banks—Regional,Financial Services,WSBF
2018Q2,2018,Q2,2018-07-31,2018-06-30,9420000.0,47038000.0,17164000.0,0.34,47038000.0,1.0,1877230000.0,403744000.0,253802000.0,0.0,1473486000.0,0.0,179267000.0,468943200.0,830159200.0,14.679464805119256,0.0,0.2290609035653596,1.065031306966791,0.015488083150285069,14.679464805119256,0.023331616073551557,9.969454483608997,12.445414012738853,1.1614864864864864,0.3506369426751592,0.0,0.007043496952296142,0.025057132050947405,0.0,0.0050180318874085755,-85.87130562168102,1.0,0.3600000000000001,1.3756077824368413,0.5956661828727302,1.3963480032425022,0.22737710051142887,0.3548108730044585,0.3327121670937185,0.9342188311250799,0.24172246744202824,0.09120190228519398,Banks—Regional,Financial Services,WSBF
2018Q1,2018,Q1,2018-04-30,2018-03-31,6953000.0,38324000.0,12879000.0,0.25,38324000.0,1.0,1839264000.0,397419000.0,243247000.0,10000000.0,1441845000.0,0.0,173163000.0,475905700.0,834641700.0,14.446871932821985,24.3247,0.225633731753571,1.0442379453423214,0.012169981923799388,14.446871932821985,0.01749538899750641,12.417954806387643,17.111523802675105,1.1974910610715643,2.472026463397095,0.0,0.03611639868990852,0.020836595507768323,24.3247,0.003780316474415853,24.310671230077645,1.0,1.272727272727273,0.8663989257491158,0.4340078295745697,1.382330582067543,-0.07664136850981809,1.2321027287319422,-0.02276348736626451,1.712660050103689,0.4329873888920762,0.040749926207577315,Banks—Regional,Financial Services,WSBF
2017Q4,2017,Q4,2018-03-06,2017-12-31,3115000.0,41505000.0,13179000.0,0.11,41505000.0,1.0,1806401000.0,412104000.0,231280000.0,35000000.0,1394297000.0,0.0,183358000.0,469250100.0,812677100.0,14.973621103117505,6.608,0.20759510208419946,0.9099644749868965,0.00567720626234754,14.973621103117505,0.007558771572224487,11.305869172388869,37.6605216693419,1.1386691223574632,1.064526484751204,0.0,0.007066594125392834,0.022976625898679198,6.608,0.0017244233146460836,14.252956899432007,1.0,-0.576923076923077,-0.7862045682842302,0.4624696333045003,1.5236743213224755,-0.0994206609239048,-0.5784273920692922,-0.18502257126955662,0.5832299195608547,0.6012135810308294,0.0765022454547505,Banks—Regional,Financial Services,WSBF
2017Q3,2017,Q3,2017-10-27,2017-09-30,7389000.0,46087000.0,16171000.0,0.26,46087000.0,1.0,1854128000.0,411930000.0,258515000.0,55000000.0,1442198000.0,0.0,183578000.0,536874000.0,889199000.0,14.961862559930262,4.700272727272727,0.22112820689833712,0.9953147379409123,0.012371230113537421,14.961862559930262,0.017937513655232686,11.649141840432225,18.164636622005684,1.3033136697982668,0.4466098254161592,0.0,0.006146693637613295,0.024856428466643078,4.700272727272727,0.003985161757980031,16.899836313271216,1.0,-0.1875,0.08287755927658144,0.4813657611907863,1.7595663936287373,-0.07310647198423233,-0.16865436543654366,-0.079571973362172,0.9169900837396268,0.6360042164267719,0.135391114632339,Banks—Regional,Financial Services,WSBF
2017Q2,2017,Q2,2017-07-31,2017-06-30,8888000.0,49722000.0,17569000.0,0.32,49722000.0,1.0,1886310000.0,408007000.0,309257000.0,85000000.0,1478303000.0,0.0,179512000.0,518129950.00000006,832951950.0,14.843635172990869,3.6383176470588237,0.2200062555995568,1.0171394118238168,0.014044044945301265,14.843635172990869,0.021783939981421887,10.420537186758377,14.573862229972999,1.2699045604609727,1.9196669666966697,0.0,0.03292996284040326,0.026359400098605212,3.6383176470588237,0.004711844818720147,-8.100590194177794,1.0,0.3333333333333334,0.782985871551769,0.8134975556640152,1.8766036773624406,0.3142842038485938,0.3524041387705417,0.26614298068607667,1.9179807884103204,0.8204323083584009,0.10258818542937445,Banks—Regional,Financial Services,WSBF
2017Q1,2017,Q1,2017-05-01,2017-03-31,6572000.0,37832000.0,13876000.0,0.24,37832000.0,1.0,1727173000.0,415062000.0,258066000.0,35000000.0,1312111000.0,0.0,187817000.0,498644750.0,727703750.0,15.190938037550781,7.373314285714286,0.15342991119013555,0.6384588326563261,0.013429667750977259,15.190938037550781,0.015833779049876887,13.180501956016071,18.968531269020083,1.2013741320573794,0.49817407181984175,0.0,0.006565796591661698,0.021904001509981917,7.373314285714286,0.0038050617975153617,4.758469238770505,1.0,0.04347826086956513,2.667706334566037,0.8330522977846014,2.0288813362370868,-0.12279725468373215,0.02703547429285826,-0.058488261636585694,3.376802138979435,0.773026925290852,0.11571750911784746,Banks—Regional,Financial Services,WSBF
2016Q4,2016,Q4,2017-03-03,2016-12-31,6399000.0,43128000.0,14738000.0,0.23,43128000.0,1.0,1790619000.0,410690000.0,247184000.0,65000000.0,1379929000.0,0.0,184565000.0,500792799.99999994,775403800.0,15.089466142484477,3.802830769230769,0.16474749793227927,0.7183033431542039,0.012551899259834865,15.089466142484477,0.015581095229978817,11.611778890743832,19.56527582434755,1.2193937032798459,0.32583216127519926,0.0,0.004163398515314118,0.024085525731604544,3.802830769230769,0.003573624539893746,41.43920562681009,1.0,-0.14814814814814817,2.5403438926054958,1.181692855483621,2.053641782030295,-0.11508710014978353,-0.14736842105263157,-0.18421343961031772,3.158917424764644,1.041920313309922,1.4106898238748562,Banks—Regional,Financial Services,WSBF
2016Q3,2016,Q3,2016-10-31,2016-09-30,7505000.0,48737000.0,18066000.0,0.27,48737000.0,1.0,1795035000.0,409557000.0,277802000.0,50000000.0,1385478000.0,0.0,181460000.0,459460569.99999994,707054570.0,15.144658506822468,5.55604,0.15598581643254866,0.6836655215269181,0.01505449186994502,15.144658506822468,0.01832467763949829,9.427346164105298,15.305148900732842,1.1218476793218037,0.28794137241838774,0.0,0.0047033415729232225,0.027151002626689732,5.55604,0.0041809769725938495,-131.04979178551054,1.0,-0.06896551724137918,46.73585711213605,1.4395212570847502,2.0008490173306677,0.0477470117808926,-0.03373245783442771,0.011081262592343854,1.948081457364445,1.0134163886995309,1.4332411122405682,Banks—Regional,Financial Services,WSBF
2016Q2,2016,Q2,2016-07-29,2016-06-30,7767000.0,46516000.0,17868000.0,0.29,46516000.0,1.0,1799266000.0,400581000.0,304881000.0,0.0,1398685000.0,0.0,176163000.0,412668270.0,691513270.0,14.880976262119692,0.0,0.18340812309019344,0.8238034255244258,0.015462713696585093,14.880976262119692,0.019389336988024895,8.871533880815203,13.282743337195827,1.0301743467613291,0.16673104158619803,0.0,0.003138113817182988,0.025852764405040723,0.0,0.004316760278913735,-4.601564116859946,1.0,1.0714285714285712,17.76261237307814,1.6718225010191874,1.9546113055165022,0.48008145602647323,1.0116550116550116,0.5384880316858963,1.0013086781486467,0.6122503950804197,1.4292437241713116,Banks—Regional,Financial Services,WSBF
2016Q1,2016,Q1,2016-04-29,2016-03-31,3861000.0,31428000.0,11614000.0,0.14,31428000.0,1.0,1737578000.0,393426000.0,367570000.0,0.0,1344152000.0,0.0,170586000.0,368894880.0,569057880.0,14.589705555143514,0.0,0.17265411969995015,0.7625322169861677,0.010776007253932872,14.589705555143514,0.009813789632611978,11.737777777777778,23.885967365967364,0.9376474356041543,0.3563843563843564,0.0,0.0037300599021596616,0.018087245579766778,0.0,0.0022220585205383584,6.592824105515245,1.0,0.2727272727272728,4.1441363858355125,1.1104107135995969,1.895542821046714,-0.02663528245787909,0.2568359375,0.09154135338345865,0.05728074061631162,0.19965317752127607,1.4058842557061237,Banks—Regional,Financial Services,WSBF
2015Q4,2015,Q4,2016-03-04,2015-12-31,3072000.0,32288000.0,10640000.0,0.11,32288000.0,1.0,1762729000.0,391930000.0,349832000.0,0.0,1370799000.0,0.0,168089000.0,380220600.0,650046600.0,14.534228287473114,0.0,0.19855576211658174,0.8930166101089481,0.00943372097040386,14.534228287473114,0.00783813436072768,11.775910555004955,30.942431640625,0.9701237465874007,0.4427083333333333,0.0,0.0035768709007349946,0.018317052706343404,0.0,0.0017427522892061117,-17.547563226878346,1.0,-0.42105263157894735,10.30726298694742,0.3483221956196055,1.8613685112195157,-0.16050024700345805,-0.40911713791113674,-0.23891273247496422,-0.7848085351662106,0.16115726523904944,1.4496184628111057,Banks—Regional,Financial Services,WSBF
2015Q3,2015,Q3,2015-10-30,2015-09-30,5199000.0,38461000.0,13980000.0,0.19,38461000.0,1.0,1744709000.0,390594000.0,350545000.0,0.0,1354115000.0,0.0,166398000.0,370565200.0,627556200.0,14.208584939978174,0.0,0.2006065194826186,0.8960711122034645,0.012123553868732945,14.208584939978174,0.013310496320988033,9.634830087621227,17.819061357953455,0.9487222025939979,0.2685131756106944,0.0,0.0037672182924894187,0.02204436384520284,0.0,0.00297986655654324,5.097463409265984,1.0,0.11764705882352934,1.613209832176655,0.9703202235683991,0.0,-0.06420924574209246,-0.016086298258894776,-0.003563791874554526,-0.23690865863671498,0.2381334490442747,1.6206318460905522,Banks—Regional,Financial Services,WSBF
2015Q2,2015,Q2,2015-07-31,2015-06-30,5284000.0,41100000.0,14030000.0,0.17,41100000.0,1.0,1737223000.0,401438000.0,305983000.0,0.0,1335785000.0,0.0,162575000.0,393901200.0,707413200.0,13.452565262558226,0.0,0.20147096832128059,0.871865643013367,0.01181802450455278,13.452565262558226,0.013162680164807516,9.583970802919708,18.636506434519305,0.9812254943478195,0.3024224072672218,0.0,0.0040568548661440995,0.023658447994298948,0.0,0.003041635990313276,-13.23815157116451,1.0,0.8888888888888891,6.33276545130666,1.6138603116596593,1.623009975481965,0.30604722107470844,0.7519893899204244,0.36372472783825816,-0.02361604363274276,0.3807790116339377,1.6070230272599693,Banks—Regional,Financial Services,WSBF
2015Q1,2015,Q1,2015-05-01,2015-03-31,3016000.0,31469000.0,10288000.0,0.09,31469000.0,1.0,1766048000.0,449321000.0,385032000.0,50000000.0,1316727000.0,0.0,158709000.0,415617960.0,739692960.0,13.881213506750285,7.70064,0.24574643497798473,0.9659018830635558,0.007464346896135021,13.881213506750285,0.006712350413178997,13.207218532524072,34.451090848806366,0.9249911755738103,0.5023209549071618,0.0,0.0036451745251817316,0.017818881480005072,7.70064,0.0017077678522894055,-11.163522965350523,1.0,0.267605633802817,1.3013710237161071,0.9617959453323849,1.7527468894359892,0.03224430886308469,0.30337078651685395,0.09575034614974971,0.420781970336621,0.28705645382208,1.7677387934166637,Banks—Regional,Financial Services,WSBF
2014Q4,2014,Q4,2015-03-06,2014-12-31,2314000.0,30486000.0,9389000.0,0.071,30486000.0,1.0,1783380000.0,450237000.0,424995000.0,0.0,1333143000.0,0.0,157304000.0,425652350.0,624100350.0,13.90951218758689,0.0,0.19625654655766017,0.7773683637728575,0.007475120985496153,13.90951218758689,0.005139515410772549,13.962223643639703,45.98664109766638,0.9453962024444903,0.6983578219533275,0.0,0.003796525497862281,0.017094505938162367,0.0,0.0012975361392412162,20.847937992849097,1.0,-0.49285714285714294,1.559439606017617,2.839577506342143,1.7859599836013293,-0.12459440057430007,-0.5143756558237146,-0.2868752848245481,1.4683601172822938,0.2967184991037462,1.81485555437162,Banks—Regional,Financial Services,WSBF
2014Q3,2014,Q3,2014-10-31,2014-09-30,4765000.0,34825000.0,13166000.0,0.14,34825000.0,1.0,1799325000.0,448513000.0,394923000.0,0.0,1350812000.0,0.0,156611000.0,393112496.70000005,627562496.7,13.177716794776217,0.0,0.19451738846511887,0.7803564222218754,0.010503478889514226,13.177716794776217,0.01062399529110639,11.288226753768846,20.62499982686254,0.8764796041586309,0.3500524658971668,0.0,0.004243060228311485,0.01935448015227933,0.0,0.0026482153029608324,13.663497852003756,1.0,0.2727272727272728,1.2773941127075097,0.8180973524295679,1.5650594647057696,0.030142578240549014,0.2639257294429708,0.14996942964451043,24.072201358729146,0.3850228602152435,1.6111079676343871,Banks—Regional,Financial Services,WSBF
2014Q2,2014,Q2,2014-08-01,2014-06-30,3770000.0,33806000.0,11449000.0,0.11,33806000.0,1.0,1802392000.0,458009000.0,351305000.0,0.0,1344383000.0,0.0,153409000.0,388179610.0,665575610.0,13.462537844272655,0.0,0.19418639230533646,0.7641771231569685,0.009026465915442653,13.462537844272655,0.008231279298005061,11.482565520913447,25.74135344827586,0.8475370789656972,0.0,0.0,0.0,0.018756186223640583,0.0,0.0020916648542603383,-7.743922636503282,1.0,1.2,1.730154430675476,1.3239622243909166,1.5856166263715448,0.2633978623215487,1.0021242697822623,0.3912990642848463,7.4378609892640855,0.536423268632559,1.67298098021197,Banks—Regional,Financial Services,WSBF
2014Q1,2014,Q1,2014-05-02,2014-03-31,1883000.0,26758000.0,8229000.0,0.05,26758000.0,1.0,1764758000.0,466518000.0,389840000.0,0.0,1298240000.0,0.0,153078000.0,356002960.0,531751960.0,13.615398085454121,0.0,0.19832747606187365,0.750239004711501,0.006598462266349976,13.615398085454121,0.004036285845347875,13.30454294042903,47.26539564524695,0.7631065896707094,0.0,0.0,0.0,0.015162418869896043,0.0,0.0010670018212128802,-110.35429634221947,1.0,-0.10714285714285711,1.5131529132792338,1.3873835445165386,1.694113433990305,0.006318164723580293,-0.027878162106350027,-0.007836990595611285,2.206786279164736,0.41410727534554187,1.7021770955570223,Banks—Regional,Financial Services,WSBF
2013Q4,2013,Q4,2014-03-21,2013-12-31,1937000.0,26590000.0,8294000.0,0.056,26590000.0,1.0,1947039000.0,214472000.0,642494000.0,0.0,1732567000.0,0.0,151195000.0,345754597.59999996,266678597.59999996,6.259397618491711,0.0,0.17976013834340246,1.6319146555261292,0.010912987571120266,6.259397618491711,0.00903148196501175,13.003181556976305,44.62501259679917,1.6121199858256556,0.0,0.0,0.0,0.01365663451014592,0.0,0.000994843965631916,102.90315404761904,1.0,-0.38529088913282106,-0.48162925798457346,1.5604358265720208,0.22924117344847655,-0.13127286983795086,-0.39826032929481203,-0.25594330313088726,5.6185841807341435,-0.1261249391918678,0.2322940640881096,Banks—Regional,Financial Services,WSBF
2013Q3,2013,Q3,2013-12-20,2013-09-30,3219000.0,30608000.0,11147000.0,0.0911,30608000.0,1.0,1597818000.0,212833000.0,278799000.0,0.0,1384985000.0,0.0,149258000.0,315528990.6407,598358990.6407,6.224068149529587,0.0,0.21904872770240416,1.6444818237773278,0.012279049241472571,6.224068149529587,0.01512453425925491,10.308709835360036,24.505202752461944,1.4825191142383933,0.0,0.0,0.0,0.019156124164329102,0.0,0.0020146224413543972,9.031111988113228,1.0,-0.39266666666666666,1.1120071119876278,1.011379831807682,0.23230152341536078,-0.1643551381456809,-0.34666125431296935,-0.20138988393752685,1.3052251960378678,0.26055357440466076,0.0,Banks—Regional,Financial Services,WSBF
2013Q2,2013,Q2,2013-06-30,2013-06-30,4927000.0,36628000.0,13958000.0,0.15,36628000.0,1.0,1632876000.0,209345000.0,256818000.0,0.0,1423531000.0,0.0,146039000.0,325590780.5411,635025780.5411,6.1257650329820414,0.0,0.2143457310904196,1.6718813441926008,0.015405247681893093,6.1257650329820414,0.02353531252239127,8.889122543985476,16.520741858184493,1.5552832909364924,0.0,0.0,0.0,0.022431586966799682,0.0,0.003017375477378564,-15.596416005992529,1.0,0.07142857142857129,2.905454424037333,1.9931248698295492,0.03220714499607929,0.10395129449350493,0.0652972972972973,0.027229908743008537,5.341935328781408,1.0340652140032827,0.19441478077727758,Banks—Regional,Financial Services,WSBF
2013Q1,2013,Q1,2013-03-31,2013-03-31,4625000.0,33179000.0,13588000.0,0.14,33179000.0,1.0,1628754000.0,207105000.0,275376000.0,0.0,1421649000.0,0.0,141112000.0,259867565.8928,554962565.8928,6.064175997054129,0.0,0.21488819060459713,1.6899640279085488,0.014945082869758597,6.064175997054129,0.02233166751164868,7.832290481714337,14.046895453664865,1.254762395368533,0.0,0.0,0.0,0.020370786503056938,0.0,0.0028395939472750337,8.808472845664701,1.0,-0.7358490566037735,6.476774598232344,2.1961874390734297,0.006122731774625317,-0.05786977880001136,-0.7441924778761062,0.12800929769217997,1.438018434866709,0.9603999303650456,0.20257076982249753,Banks—Regional,Financial Services,WSBF
2012Q4,2012,Q4,2012-12-31,2012-12-31,18080000.0,35217000.0,12046000.0,0.53,35217000.0,1.0,1661076000.0,202634000.0,247910000.0,0.0,1458442000.0,0.0,136487000.0,242169891.70720002,549276891.7072,5.933262060245124,0.0,0.21070679487272106,1.7272520899750288,0.06962853426745445,5.933262060245124,0.08922490796213864,6.8765054294005745,3.348588104358407,1.1951098616579647,0.0,0.0,0.0,0.021201317700093193,0.0,0.010884511003710847,-72.1817859037854,1.0,1.12,56.98022474108555,2.4024990850553567,-0.011514936454704895,-0.08570019211797082,1.1401515151515151,-0.20916491596638656,5.1428458752661745,3.2038367898853024,0.1883832048987617,Banks—Regional,Financial Services,WSBF
2012Q3,2012,Q3,2012-09-30,2012-09-30,8448000.0,38518000.0,15232000.0,0.25,38518000.0,1.0,1679568000.0,184812000.0,52419000.0,57053000.0,1494756000.0,0.0,118407000.0,162685741.0437,601319741.0437,5.421816483370025,0.9187772772685048,0.2923686328865518,2.6570406683548686,0.02215675051476784,5.421816483370025,0.04571131744691903,4.223628979793863,4.8143270905451,0.8802769357168366,0.0,0.0,0.0,0.02293327808103036,0.9187772772685048,0.005029864822382898,13.13358690915476,1.0,0.38888888888888895,18.89396806453051,2.672867759146722,-0.09426069887807105,0.13354914655679812,0.36743282615733247,0.13850063532401524,1.4910636099092245,1.0078869192022903,0.05536352792761678,Banks—Regional,Financial Services,WSBF
2012Q2,2012,Q2,2012-06-30,2012-06-30,6178000.0,33980000.0,13379000.0,0.18,33980000.0,1.0,1681181000.0,175784000.0,50352000.0,45031000.0,1505397000.0,0.0,109959000.0,117680444.28,546359444.28,5.160125216345759,1.1181630432368812,0.2849371959354763,2.725111500477859,0.02029702476195063,5.160125216345759,0.03514540572520821,3.463226729841083,4.762076897054063,0.6694604985664224,0.0,0.0,0.0,0.02021198193412845,1.1181630432368812,0.003674797657123177,-6.187194757097791,1.0,1.8213166144200628,6.02466418027304,2.271823467095341,-0.16327501913750395,0.33611198490091226,1.7980072463768115,0.34408278079164156,3.4680882250462894,1.332848976538396,-0.008945734609855175,Banks—Regional,Financial Services,WSBF
2012Q1,2012,Q1,2012-03-31,2012-03-31,2208000.0,25432000.0,9954000.0,0.0638,25432000.0,1.0,1698902000.0,168860000.0,54986000.0,25193000.0,1530042000.0,0.0,103781000.0,96413268.3708,500620268.3708,5.015362555082186,2.1825904020958204,0.2702881037281727,2.719371076631529,0.01563652807105652,5.015362555082186,0.013075920881203363,3.791021876800881,10.916357378940218,0.5709657015918512,0.0,0.0,0.0,0.014969668644807057,2.1825904020958204,0.0012996629587816132,544.7077309084746,1.0,1.4253333333333333,0.12864484676110158,1.6295375120719122,-0.2128077364475017,0.03999345710313241,1.4296555750145943,1.3366197183098592,1.6123633038166403,1.3092059678493329,-0.00759746052418205,Banks—Regional,Financial Services,WSBF
2011Q4,2011,Q4,2011-12-31,2011-12-31,-5139000.0,24454000.0,4260000.0,-0.15,24454000.0,1.0,1712851000.0,166372000.0,72336000.0,27138000.0,1546479000.0,0.0,101573000.0,57849307.7646,446651307.7646,4.941465705401714,2.6654875082909575,0.26922248345010746,2.771728415839204,0.008934011917231307,4.941465705401714,-0.03088861106436179,2.365637841032142,-2.81422979979568,0.3477105989265021,0.0,0.0,0.0,0.014276781809976467,2.6654875082909575,-0.003000260968408811,9.956851594595525,1.0,-23.59016393442623,-3.4140885190403045,1.4042322874700552,-0.2601494761287887,-0.02496012759170654,-23.946601941747574,-0.4642857142857143,-2.3995972729242236,1.3963987011567405,-0.029578647581253587,Banks—Regional,Financial Services,WSBF
2011Q3,2011,Q3,2011-09-30,2011-09-30,-206000.0,25080000.0,7952000.0,-0.0061,25080000.0,1.0,1742268000.0,171334000.0,72478000.0,18678000.0,1570934000.0,0.0,106712000.0,80459357.52000001,460659357.52,5.046791231200972,3.880394046471785,0.25982110674132797,2.6420792136995574,0.018486823971333884,5.046791231200972,-0.001202329952023533,3.208108354066986,-97.64485135922331,0.4696053178003199,0.0,0.0,0.0,0.014395029926509584,3.880394046471785,-0.00011823668918903406,-3.8548944768110394,1.0,0.6453488372093023,-1.2431523624737235,1.5776557635481148,-0.232905819367234,0.14296130884564553,0.6472602739726028,0.16803760282021152,0.9927801486449884,0.6600573188285207,-0.0007872065092531473,Banks—Regional,Financial Services,WSBF
2011Q2,2011,Q2,2011-06-30,2011-06-30,-584000.0,21943000.0,6808000.0,-0.0172,21943000.0,1.0,1723320000.0,170880000.0,86194000.0,1244000.0,1552440000.0,0.0,106918000.0,69400028.77950001,418450028.7795,5.036525865292563,69.28778135048232,0.25256133509737017,2.547073970037453,0.0048267127858867475,5.036525865292563,-0.0034176029962546817,3.1627411374698085,-29.708916429580484,0.40613312722085676,0.0,0.0,0.0,0.012732980525961515,69.28778135048232,-0.00033888076503493255,-5.266355196501746,1.0,0.621978021978022,-1.2895473274927691,1.117746179823103,-0.22413330250613342,0.17191839350566118,0.6217616580310881,-0.014047791455467053,0.7725054788734946,0.8061329867784751,-0.15133245298803397,Banks—Regional,Financial Services,WSBF
2011Q1,2011,Q1,2011-03-31,2011-03-31,-1544000.0,18724000.0,6905000.0,-0.0455,18724000.0,1.0,1761026000.0,170837000.0,116104000.0,979000.0,1590189000.0,0.0,107502000.0,94625824.52610001,413500824.52610004,5.038677186569619,118.59448416751788,0.2470031674716898,2.546163887214128,0.011693209744901546,5.038677186569619,-0.009037854797262887,5.0537184643292035,-15.321538945288212,0.553895377032493,0.0,0.0,0.0,0.010632438135496011,118.59448416751788,-0.0008767616151039223,1.5186541996517358,1.0,-2.729508196721311,-1.6102714852921132,0.7796470868786968,-0.22037574185501577,-0.3781261416852104,-2.720481927710843,-0.2561671873316816,-3.514219745763242,0.8168579189489018,-0.16402036188517663,Banks—Regional,Financial Services,WSBF
2010Q4,2010,Q4,2010-12-31,2010-12-31,-415000.0,30109000.0,9283000.0,-0.0122,30109000.0,1.0,1808966000.0,172220000.0,65905000.0,22959000.0,1636746000.0,0.0,109046000.0,100172703.6305,493605703.6305,5.079467475260159,2.8705518533037155,0.2539229593038233,2.6671582859133665,0.015843914017953455,5.079467475260159,-0.0024097085123679016,3.3270020137002225,-60.345002187048195,0.5816554617959586,0.0,0.0,0.0,0.01664431503964143,2.8705518533037155,-0.00022941282478498767,3.577085546011284,1.0,0.9606451612903226,-1.1935894653183148,1.939557093405505,-0.2394874523868623,0.25407138989545586,0.9602032988108937,-0.01683965261597119,-2.340549795458036,1.9301872693460227,-0.15375763297207803,Banks—Regional,Financial Services,WSBF
2010Q3,2010,Q3,2010-09-30,2010-09-30,-10428000.0,24009000.0,9442000.0,-0.31,24009000.0,1.0,,,,,,,,122644628.0604,,,0.0,0.0,0.0,0.0,,0.0,5.108277231888041,-2.940272057451093,0.0,0.0,0.0,0.0,0.0,0.0,0.0,-4.31285395999578,1.0,-8.33734939759036,-4.335194201523838,1.3204215833887027,0.0,0.348441449031171,-8.294117647058824,0.05485420623394034,-25.756476460128887,1.3080006854317212,0.0,Banks—Regional,Financial Services,WSBF
2010Q2,2010,Q2,2010-06-30,2010-06-30,-1122000.0,17805000.0,8951000.0,-0.0332,17805000.0,1.0,1881025000.0,173301000.0,100295000.0,57901000.0,1707724000.0,0.0,109954000.0,104750860.0,512152860.0,5.128674838564571,1.7321807913507539,0.2699044403981872,2.929567630884992,0.01340682351490019,5.128674838564571,-0.006474284626170651,5.883227183375456,-23.34020944741533,0.6044446367880163,0.0,0.0,0.0,0.009465583923658644,1.7321807913507539,-0.0005964833003282785,-4.150192551505547,1.0,0.8929032258064515,-1.5585522864383932,0.7253775595470765,-0.20993793818512638,0.06400143420580853,0.8925287356321839,-0.17058932542624167,0.08002676349665076,0.7283498865584582,-0.16837476297002252,Banks—Regional,Financial Services,WSBF
2010Q1,2010,Q1,2010-03-31,2010-03-31,-10440000.0,16734000.0,10792000.0,-0.31,16734000.0,1.0,1844938000.0,170279000.0,60791000.0,36900000.0,1674659000.0,0.0,111076000.0,111125729.022,529279729.022,5.042677029268902,1.6474525745257453,0.2595995095770156,2.812707380240664,-0.9860415175375806,5.042677029268902,-0.06131114230175183,6.64071525170312,-2.6610567294540233,0.6526097112503597,0.0,0.0,0.0,0.009070223498025408,1.6474525745257453,-0.005658726743120907,9.56331575060241,1.0,-1.3846153846153846,-5.1432557763072735,0.5969837016380505,-0.21975685434115852,1.0202825063382832,-1.4194669756662803,0.6687799597958868,-6.320877333920701,0.7251351923382641,-0.20852056029091476,Banks—Regional,Financial Services,WSBF
2009Q4,2009,Q4,2009-12-31,2009-12-31,-4315000.0,8283000.0,6467000.0,-0.13,8283000.0,1.0,1868266000.0,168592000.0,61489000.0,73900000.0,1699674000.0,0.0,110900000.0,62929262.088,509970262.088,4.992717867256108,0.8320568335588633,0.272193574148435,3.016335294675904,0.007338201576555226,4.992717867256108,-0.025594334250735505,7.597399745019921,-3.6459595647740435,0.3732636310619721,0.0,0.0,0.0,0.004433522849529992,0.8320568335588633,-0.0023096282863361,-16.139846649910233,1.0,0.74,-3.0210631670435415,-0.18803241290081482,-0.2524758543618594,-0.5629485014774166,0.7461167333490233,-0.34358505887129515,-3.0210631670435415,-0.18803241290081482,-0.2524758543618594,Banks—Regional,Financial Services,WSBF
2009Q3,2009,Q3,2009-09-30,2009-09-30,-16996000.0,18952000.0,9852000.0,-0.5,18952000.0,1.0,1907981000.0,173005000.0,95422000.0,53000000.0,1734976000.0,0.0,115215000.0,154907967.0,599623967.0,5.137392320176793,1.8004150943396227,0.2806804679920817,3.0954770093349904,0.06616015717199251,5.137392320176793,-0.09823993526198664,8.173700242718446,-2.278594478112497,0.8953958960723677,0.0,0.0,0.0,0.00993301295977266,1.8004150943396227,-0.008907845518377804,-39.94532413615266,1.0,-14.698630136986301,-6.406693191671141,14.159076110769675,0.0,0.3316469926925239,-13.580310880829016,-0.3922270203578038,-21.2241504446052,0.9636529108349943,-0.21913477853584915,Banks—Regional,Financial Services,WSBF
2009Q2,2009,Q2,2009-06-30,2009-06-30,1351000.0,14232000.0,16210000.0,0.0365,14232000.0,1.0,1927683000.0,173305000.0,94871000.0,53000000.0,1754378000.0,0.0,118787000.0,89869443.30000001,544609443.3,5.206702999572269,1.7900188679245284,0.2736004830669773,3.0432763047805893,0.016902733314681936,5.206702999572269,0.00779550503447679,6.3146039418212485,16.63017085492228,0.5185623224950233,0.0,0.0,0.0,0.007382956637579934,1.7900188679245284,0.000700841372777578,10.372742763157897,1.0,1.3318181818181818,-0.3172307678763149,0.400089241377707,-0.19791785664246042,0.2935829849118342,1.3750694058856192,0.528668427008676,-0.3172307678763149,0.400089241377707,-0.19791785664246042,Banks—Regional,Financial Services,WSBF
2009Q1,2009,Q1,2009-03-31,2009-03-31,-3602000.0,11002000.0,10604000.0,-0.11,11002000.0,1.0,1923186000.0,169978000.0,66678000.0,41100000.0,1753208000.0,0.0,117436000.0,62374214.0555,507696214.05550003,5.053758284144734,1.6223357664233578,0.2662248997236877,3.012154514113591,0.013643628989800033,5.053758284144734,-0.021190977655931944,5.669352304626432,-4.329137566317324,0.366954629749144,0.0,0.0,0.0,0.005720715521015648,1.6223357664233578,-0.0018729337671967246,-3.7595210689831835,1.0,-2.0,-2.4351808904478642,0.054129697292646765,-0.21804227434486245,0.07926231116342947,-1.9820065430752454,-0.33144190151945024,-2.4351808904478642,0.054129697292646765,-0.21804227434486245,Banks—Regional,Financial Services,WSBF
2008Q4,2008,Q4,2008-12-31,2008-12-31,3668000.0,10194000.0,15861000.0,0.11,10194000.0,1.0,1885432000.0,171267000.0,14847000.0,4100000.0,1714165000.0,0.0,119921000.0,102432283.04450001,574585283.0445,5.092082622754804,3.621219512195122,0.2582962419222756,2.843513344660676,0.516846640830086,5.092082622754804,0.02141685204972353,10.048291450313911,6.9814805782783536,0.5980853465320232,0.0,0.0,0.0,0.0054067184602785996,3.621219512195122,0.0019454427420347168,-10.971752682572838,1.0,1.130952380952381,0.7248451149068555,0.003268899415415913,-0.23759867605225726,-0.31698492462311556,1.1301309114130627,5.116532572021801,0.7248451149068555,0.003268899415415913,-0.23759867605225726,Banks—Regional,Financial Services,WSBF
2008Q3,2008,Q3,2008-09-30,2008-09-30,-28187000.0,14925000.0,-3853000.0,-0.84,14925000.0,1.0,1897861000.0,169393000.0,41152000.0,25050000.0,1728468000.0,0.0,116253000.0,297878456.77140003,768776456.7714,5.050767228039607,1.6427944111776447,0.26980374221294395,3.0228521839745444,-0.008127610510792438,5.050767228039607,-0.166400028336472,19.958355562572866,-2.641984396808813,1.758505113974013,0.0,0.0,0.0,0.007864116497467412,1.6427944111776447,-0.014851983364429744,23.210102600233757,1.0,-10.096433289299867,-10.003506362635482,10.986981705728198,0.0,0.2435427428761873,-10.114747634069401,-1.3751703992210322,-10.088577376201966,0.45423339481213765,0.36840279367049134,Banks—Regional,Financial Services,WSBF
2008Q2,2008,Q2,2008-06-30,2008-06-30,-2536000.0,12002000.0,10270000.0,-0.0757,12002000.0,1.0,1848428000.0,198912000.0,5448000.0,32296000.0,1649516000.0,0.0,144440000.0,324446331.44,838294331.44,5.934627620704282,0.1686896210056973,0.28093926298454686,2.6106821106821108,0.006936395942934806,5.934627620704282,-0.012749356499356499,27.032688838526912,-31.984062641955838,1.6311048676801803,0.0,0.0,0.0,0.00649308493487439,0.1686896210056973,-0.0013719766201334322,23.9780009932747,1.0,-5.15934065934066,-2.27276615743971,0.17253059178130592,-0.08578253024334509,0.17436399217221135,-5.164203612479475,-0.3814370896825875,-2.27276615743971,0.17253059178130592,-0.08578253024334509,Banks—Regional,Financial Services,WSBF
2008Q1,2008,Q1,2008-03-31,2008-03-31,609000.0,10220000.0,16603000.0,0.0182,10220000.0,1.0,1777408000.0,202656000.0,5651000.0,30050000.0,1574752000.0,0.0,146976000.0,364811372.8,826210372.8,6.027272623448213,0.1880532445923461,0.26277028121849344,2.3046443233854412,0.029090575488314094,6.027272623448213,0.0030050923732828044,35.69582904109589,149.7583632183908,1.800150860571609,0.0,0.0,0.0,0.005749945988765663,0.1880532445923461,0.00034263376782370735,60.90340113522538,1.0,1.0,-0.7572720179608433,-0.020480870673548524,-0.06741238350843494,0.002944062806673209,0.9837133550488599,0.05375729880680376,-0.7572720179608433,-0.020480870673548524,-0.06741238350843494,Banks—Regional,Financial Services,WSBF
2007Q4,2007,Q4,2007-12-31,2007-12-31,307000.0,10190000.0,15756000.0,0.0091,10190000.0,1.0,1710202000.0,201819000.0,6051000.0,53484000.0,1508383000.0,0.0,146367000.0,392718602.24,862151602.24,6.002379073857645,0.11313663899483958,0.27802797564264337,2.3559922504818673,-0.023037728432688413,6.002379073857645,0.0015211650042860187,38.5396076781158,319.803422019544,1.9458950953081722,0.0,0.0,0.0,0.005958360474376711,0.11313663899483958,0.00017951095835462712,-61.554639849529785,1.0,-0.272,-0.8555895006852993,0.0031976877920070375,-0.10130646107435509,-0.0199095893046071,-0.27078384798099764,-0.03212728054548805,-0.8555895006852993,0.0031976877920070375,-0.10130646107435509,Banks—Regional,Financial Services,WSBF
2007Q3,2007,Q3,2007-09-30,2007-09-30,421000.0,10397000.0,16279000.0,0.0125,10397000.0,1.0,1679644000.0,202291000.0,6375000.0,47422000.0,1477353000.0,0.0,146060000.0,512311567.24,916308567.24,5.986067377946482,0.13443127662266458,0.2443208203643153,2.028622133461202,0.030563781090432507,5.986067377946482,0.002081160308664251,49.27494154467635,304.2230209263658,2.5325475045355454,0.0,0.0,0.0,0.006190002167125891,0.13443127662266458,0.0002506483516745215,979.563226080306,1.0,1.3462603878116344,-0.8665409400597469,7.287178473607127,0.0,-0.030040115682433064,1.3317572892040976,0.2164848303691526,-0.8665409400597469,7.287178473607127,0.0,Banks—Regional,Financial Services,WSBF
2007Q2,2007,Q2,2007-06-30,2007-06-30,-1269000.0,10719000.0,13382000.0,-0.0361,10719000.0,1.0,1647011000.0,216829000.0,5859000.0,51953000.0,1430182000.0,0.0,145639000.0,529850213.97,898894213.97,6.167050505683124,0.11277500818047081,0.2276262878632869,1.729026098907434,0.01461966065588083,6.167050505683124,-0.005852538175244087,49.43093702490904,-104.38341488770685,2.4436316819705852,0.0,0.0,0.0,0.006508153254592714,0.11277500818047081,-0.0007704866573447293,2264.3171537179487,1.0,-1.659963436928702,-1.6071397126304987,-0.0017197484343290108,-0.049978251458000944,0.03295750216825672,-1.604573606479276,-0.2573806881243063,-1.6071397126304987,-0.0017197484343290108,-0.049978251458000944,Banks—Regional,Financial Services,WSBF
2007Q1,2007,Q1,2007-03-31,2007-03-31,2099000.0,10377000.0,18020000.0,0.0547,10377000.0,1.0,1647537000.0,230153000.0,42218000.0,51953000.0,1417384000.0,0.0,146908000.0,575454380.13,896239380.13,6.371204072113837,0.8126190980309126,0.22033071184440775,1.5772247157325778,0.019859028169422605,6.371204072113837,0.009120020160501927,55.45479234171726,68.5391114971415,2.5003123145472794,0.0,0.0,0.0,0.006298492841131945,0.8126190980309126,0.0012740229809709888,135.94480985825655,1.0,-0.13174603174603178,-0.2213209370766859,-0.0742848973630385,-0.014196570986573915,-0.04911573352881884,-0.08099824868651488,-0.03491859468723222,-0.2213209370766859,-0.0742848973630385,-0.014196570986573915,Banks—Regional,Financial Services,WSBF
