Quarters,Year,Quarter,FillingDate,Date,NetIncome,Revenue,OperatingIncome,EPSDiluted,GrossProfit,GrossProfitRatio,TotalAssets,CommonStockEquity,CurrentAssets,CurrentLiability,TotalLiability,Inventory,RetainedEarnings,MarketCap,EnterpriseValue,bookValuePerShare,currentRatio,debtToAssets,debtToEquity,roic,shareholdersEquityPerShare,roe,priceToSalesRatio,peRatio,pbRatio,payoutRatio,inventoryTurnover,dividendYield,assetTurnover,quickRatio,returnOnAssets,priceToFreeCashFlowsRatio,grossProfitMargin,epsdilutedGrowth,fiveYNetIncomeGrowthPerShare,fiveYRevenueGrowthPerShare,fiveYShareholdersEquityGrowthPerShare,grossProfitGrowth,netIncomeGrowth,operatingIncomeGrowth,threeYNetIncomeGrowthPerShare,threeYRevenueGrowthPerShare,threeYShareholdersEquityGrowthPerShare,Industry,Sector,Symbol
2023Q1,2023,Q1,2023-05-02,2023-03-31,1533000000.0,2917000000.0,2129000000.0,3.17,2420000000.0,0.8296194721,18817000000.0,1229000000.0,1933000000.0,1348000000.0,19767000000.0,150000000.0,0.0,22902880000.0,38379880000.0,2.5392561983471076,1.4339762611275964,0.8668225540734442,13.271765663140766,0.09558518213935213,2.5392561983471076,1.2473555736371034,7.85151868357902,3.7349771689497717,18.635378356387307,0.4918460534898891,3.3133333333333335,0.03292162383071474,0.155019397353457,1.013353115727003,0.08146888451931764,30.214881266490764,0.8296194720603359,-0.31533477321814257,3.5761194029850745,0.8311362209667292,0.0,-0.21121251629726207,-0.38948626045400236,-0.22918175235336713,2.524137931034483,0.6979045401629802,0.0,Oil & Gas Midstream,Energy,CQP
2022Q4,2022,Q4,2023-02-23,2022-12-31,2511000000.0,4721000000.0,2762000000.0,4.63,3068000000.0,0.6498623173,19633000000.0,-2131000000.0,2620000000.0,2421000000.0,21764000000.0,160000000.0,0.0,27525080000.0,42927080000.0,-4.402892561983471,1.0821974390747624,0.8305404166454439,-7.651806663538245,0.17404676860726198,-4.402892561983471,-1.1783200375410605,5.830349502224105,2.740450019912385,-12.91650868137025,0.3018717642373556,10.33125,0.02753852123227253,0.24046248662965417,0.8599752168525403,0.12789690826669384,17.075111662531018,0.6498623173056556,4.066225165562914,3.8356752994210463,1.2399805638127597,0.0,114.62962962962963,4.444444444444445,10.237458193979933,4.963237392631162,1.632503941006333,0.0,Oil & Gas Midstream,Energy,CQP
2022Q3,2022,Q3,2022-11-03,2022-09-30,-729000000.0,4976000000.0,-299000000.0,-1.51,-27000000.0,-0.005426045,20500000000.0,-3884000000.0,3373000000.0,4583000000.0,24384000000.0,241000000.0,0.0,25826240000.0,42144240000.0,-8.024793388429751,0.7359807986035348,0.8441951219512195,-4.455715756951596,-0.03134048432379085,-8.024793388429751,0.18769309989701338,5.19016077170418,-8.85673525377229,-6.649392378990732,-1.0219478737997256,20.759336099585063,0.02884663040380636,0.24273170731707316,0.5732053240235654,-0.035560975609756094,34.947550744248986,-0.005426045016077171,-6.592592592592593,-26.055282069708948,3.3560436744369095,0.0,-1.0328068043742407,-6.651162790697675,-1.5387387387387388,-7.627272727272728,2.3712737127371275,0.0,Oil & Gas Midstream,Energy,CQP
2022Q2,2022,Q2,2022-08-04,2022-06-30,129000000.0,4181000000.0,555000000.0,0.27,823000000.0,0.1968428606,20130000000.0,-2625000000.0,2960000000.0,3779000000.0,22755000000.0,170000000.0,1079000000.0,21717080000.0,37890080000.0,-5.4235537190082646,0.7832759989415189,0.8586189766517636,-6.584380952380952,0.01418979904176492,-5.4235537190082646,-0.04914285714285714,5.194231045204496,42.08736434108527,-8.273173333333332,5.713178294573644,19.75294117647059,0.03393642239196062,0.20769995032290114,0.6136544059274941,0.006408345752608048,34.25406940063092,0.19684286055967473,3.9702970297029707,0.11536561264822136,0.6763081928152495,0.0,0.3536184210526316,3.9318181818181817,0.5331491712707183,-0.44396551724137934,1.452199413489736,0.0,Oil & Gas Midstream,Energy,CQP
2022Q1,2022,Q1,2022-05-04,2022-03-31,-44000000.0,3328000000.0,362000000.0,-0.0909,608000000.0,0.1826923077,19658000000.0,0.0,2434000000.0,1600000000.0,21888000000.0,149000000.0,0.0,27278240000.0,43401240000.0,0.0,1.52125,0.8789805677078034,0.0,-0.005765862819669091,0.0,0.0,8.196586538461538,-154.98999999999998,0.0,-8.977272727272727,18.25503355704698,0.01448040636052766,0.1692949435344389,1.175,-0.002238274493844745,38.258401122019634,0.18269230769230768,-1.14203125,-1.372340425531915,0.4855626976839097,0.0,-0.371900826446281,-1.141025641025641,-0.4843304843304843,-1.1142857142857143,0.9028016009148084,0.0,Oil & Gas Midstream,Energy,CQP
2021Q4,2021,Q4,2022-02-24,2021-12-31,312000000.0,3258000000.0,702000000.0,0.64,968000000.0,0.2971147944,19358000000.0,718000000.0,2212000000.0,1345000000.0,18640000000.0,176000000.0,3081000000.0,20444160000.0,36842160000.0,1.4834710743801653,1.6446096654275093,0.8923442504390949,24.058495821727018,0.023881917187240864,1.4834710743801653,0.43454038997214484,6.275064456721915,16.38153846153846,28.47376044568245,1.2115384615384615,13.011363636363637,0.018489387678437264,0.16830251058993698,1.2557620817843866,0.016117367496642214,43.405859872611465,0.29711479435236343,-0.07246376811594193,1.551471930409824,3.129703793846717,0.0,0.1606714628297362,-0.18110236220472442,0.1396103896103896,-0.35977961432506883,0.23698880790460797,0.0,Oil & Gas Midstream,Energy,CQP
2021Q3,2021,Q3,2021-11-04,2021-09-30,381000000.0,2324000000.0,616000000.0,0.69,834000000.0,0.3588640275387263,19929000000.0,0.0,2815000000.0,2055000000.0,19340000000.0,134000000.0,0.0,19684280000.0,36179280000.0,0.0,1.3698296836982968,0.9136434341913794,0.0,0.03365936287634556,0.0,0.0,8.47,12.916194225721785,0.0,0.952755905511811,11.119402985074627,0.018441111384312762,0.11661397962767826,1.1041362530413625,0.019117868432936926,47.66169491525424,0.3588640275387263,-0.05479452054794526,2.858818967311727,1.7886211063411221,0.0,-0.018823529411764704,-0.035443037974683546,0.019867549668874173,0.24104234527687285,0.5199476782210594,0.0,Oil & Gas Midstream,Energy,CQP
2021Q2,2021,Q2,2021-08-05,2021-06-30,395000000.0,1889000000.0,604000000.0,0.73,850000000.0,0.4499735309687665,19123000000.0,0.0,2045000000.0,1506000000.0,18552000000.0,115000000.0,0.0,21436360000.0,37881360000.0,0.0,1.3579017264276227,0.9247503006850389,0.0,0.03397266437932392,0.0,0.0,11.347993647432505,13.567316455696202,0.0,0.9088607594936708,9.034782608695652,0.01674724626755662,0.09878157192909062,1.0551128818061088,0.02065575485018041,67.62258675078864,0.4499735309687665,0.14062499999999994,2.5688005695360134,3.969087494425748,0.0,0.019184652278177457,0.138328530259366,-0.022653721682847898,0.4056939501779359,0.3425728500355365,0.0,Oil & Gas Midstream,Energy,CQP
2021Q1,2021,Q1,2021-05-04,2021-03-31,347000000.0,1963000000.0,618000000.0,0.64,834000000.0,0.4248599083036169,19153000000.0,0.0,2120000000.0,1739000000.0,18618000000.0,102000000.0,0.0,20110200000.0,36570200000.0,0.0,1.2190914318573893,0.9230407769017909,0.0,0.034765976597659766,0.0,0.0,10.244625573102395,14.488616714697406,0.0,1.0115273775216138,11.068627450980392,0.017453829400005966,0.10249047146661097,0.9718228867165037,0.018117266224612332,45.49819004524887,0.4248599083036169,-0.16883116883116883,2.8421544534163257,10.642711101759502,0.0,-0.03695150115473441,-0.15158924205378974,-0.0112,0.0358208955223881,0.23226616446955417,0.0,Oil & Gas Midstream,Energy,CQP
2020Q4,2020,Q4,2021-02-24,2020-12-31,409000000.0,1997000000.0,625000000.0,0.77,866000000.0,0.43365047571357035,19145000000.0,0.0,2135000000.0,883000000.0,18606000000.0,107000000.0,0.0,18723701292.75,35190701292.75,0.0,2.417893544733862,0.9233220161922173,0.0,0.03516372229098683,0.0,0.0,9.375914518152229,11.444805191167482,0.0,0.8508557457212714,10.570093457943925,0.018586068777691353,0.104309219117263,1.9388448471121178,0.02136328022982502,77.69170660892117,0.43365047571357035,10.625,5.641434690982766,17.878643609125735,0.0,1.4189944134078212,7.104477611940299,3.111842105263158,-0.2822941174189371,-0.1366217707471562,0.0,Oil & Gas Midstream,Energy,CQP
2020Q3,2020,Q3,2020-11-06,2020-09-30,-67000000.0,982000000.0,152000000.0,-0.08,358000000.0,0.3645621181262729,19030000000.0,0.0,2061000000.0,842000000.0,18552000000.0,113000000.0,0.0,16097839999.999998,32515840000.0,0.0,2.4477434679334915,0.9286389910667368,0.0,0.00855326093072984,0.0,0.0,16.39291242362525,-60.0665671641791,0.0,-5.119402985074627,5.522123893805309,0.02130720643266426,0.05160273252758802,1.828978622327791,-0.0035207566999474514,65.70546938775509,0.3645621181262729,-1.1025641025641024,-0.10404782991069778,4.781973872417899,0.0,-0.6146393972012917,-1.1650246305418719,-0.7777777777777778,-3.3027488321954723,-0.1403466864354813,0.0,Oil & Gas Midstream,Energy,CQP
2020Q2,2020,Q2,2020-08-06,2020-06-30,406000000.0,1470000000.0,684000000.0,0.78,929000000.0,0.6319727891156462,19057000000.0,0.0,2163000000.0,493000000.0,18169000000.0,101000000.0,0.0,16930319999.999998,33252320000.0,0.0,4.387423935091278,0.9268510258697591,0.0,0.038513513513513516,0.0,0.0,11.517224489795916,10.425073891625615,0.0,0.8325123152709359,5.356435643564357,0.019964182602573374,0.07713701002256389,3.314401622718053,0.021304507530041455,225.7376,0.6319727891156462,-0.07142857142857137,3.6888575584192207,7.6358160419878525,0.0,0.05448354143019296,-0.06666666666666667,0.030120481927710843,2.5103754940711465,-0.41062591642228735,0.0,Oil & Gas Midstream,Energy,CQP
2020Q1,2020,Q1,2020-04-30,2020-03-31,435000000.0,1718000000.0,664000000.0,0.84,881000000.0,0.5128055878928988,19233000000.0,0.0,2448000000.0,2715000000.0,18413000000.0,98000000.0,0.0,13072840000.0,28931840000.0,0.0,0.901657458563536,0.9147298913326054,0.0,0.03754806604840534,0.0,0.0,7.6093364377182775,7.51312643678161,0.0,0.7586206896551724,8.540816326530612,0.02524317592810743,0.08932563822596579,0.7480662983425415,0.022617376384339416,59.96715596330275,0.5128055878928988,-0.03448275862068969,1.9681155178337482,9.11650628493244,0.0,-0.017837235228539576,-0.029017857142857144,-0.01775147928994083,2.6810928433268857,-0.23311396796245293,0.0,Oil & Gas Midstream,Energy,CQP
2019Q4,2019,Q4,2020-02-25,2019-12-31,448000000.0,1908000000.0,676000000.0,0.87,897000000.0,0.470125786163522,19384000000.0,0.0,2707000000.0,966000000.0,18669000000.0,116000000.0,0.0,20499862079.49,36303862079.490005,0.0,2.8022774327122155,0.9071914981427982,0.0,0.038239619866500735,0.0,0.0,10.744162515455976,11.43965517828683,0.0,0.7254464285714286,8.71551724137931,0.01585376519801861,0.09843169624432521,2.259834368530021,0.02311184482047049,51.89838501136709,0.470125786163522,3.578947368421052,3.3637216775227716,9.714263623116732,0.0,0.5203389830508475,3.0727272727272728,0.953757225433526,2.443505768927541,1.2731745917736674,0.0,Oil & Gas Midstream,Energy,CQP
2019Q3,2019,Q3,2019-11-01,2019-09-30,110000000.0,1476000000.0,346000000.0,0.19,590000000.0,0.3997289972899729,19221000000.0,0.0,2589000000.0,918000000.0,18629000000.0,103000000.0,0.0,22012320000.0,37882320000.0,0.0,2.820261437908497,0.9144685500234119,0.0,0.019584536140827533,0.0,0.0,14.91349593495935,50.028,0.0,2.9,8.601941747572816,0.014491884544654993,0.07679100983299517,2.2342047930283226,0.005722907236876333,-94.0697435897436,0.3997289972899729,-0.5681818181818182,2.011600159784711,7.6837197785872275,0.0,-0.14119359534206696,-0.5258620689655172,-0.23956043956043957,1.53666689344958,0.771086382512692,0.0,Oil & Gas Midstream,Energy,CQP
2019Q2,2019,Q2,2019-08-08,2019-06-30,232000000.0,1705000000.0,455000000.0,0.44,687000000.0,0.4029325513196481,18973000000.0,0.0,2435000000.0,1330000000.0,18172000000.0,104000000.0,0.0,20705520000.0,36415520000.0,0.0,1.830827067669173,0.8815685447741527,0.0,0.027054346533476038,0.0,0.0,12.144,22.31198275862069,0.0,1.3448275862068966,9.788461538461538,0.015068445515978347,0.08986454435250092,1.0714285714285714,0.012227902809255257,-3450.92,0.4029325513196481,-0.41333333333333333,1.4078037331827622,9.070025236022296,0.0,-0.09126984126984126,-0.3974025974025974,-0.19182948490230906,1.9214221066641906,3.485068384328163,0.0,Oil & Gas Midstream,Energy,CQP
2019Q1,2019,Q1,2019-05-09,2019-03-31,385000000.0,1749000000.0,563000000.0,0.75,756000000.0,0.4322469982847341,18005000000.0,0.0,2090000000.0,928000000.0,17124000000.0,109000000.0,0.0,20357040000.0,36435040000.0,0.0,2.252155172413793,0.8929741738405998,0.0,0.03481756338899196,0.0,0.0,11.639245283018868,13.218857142857145,0.0,0.7896103896103897,9.110091743119266,0.014933408786346148,0.09713968342127187,0.3459051724137931,0.021382949180783116,333.72196721311474,0.4322469982847341,0.08695652173913052,3.172057575453385,9.236082879944174,0.0,0.1134020618556701,0.09686609686609686,0.07442748091603053,3.0438889468740213,9.373459866009869,0.0,Oil & Gas Midstream,Energy,CQP
2018Q4,2018,Q4,2019-02-26,2018-12-31,351000000.0,1897000000.0,524000000.0,0.69,679000000.0,0.35793357933579334,17974000000.0,0.0,2356000000.0,1068000000.0,17174000000.0,99000000.0,0.0,12584460000.0,28650460000.0,0.0,2.2059925093632957,0.893846667408479,0.0,0.03261546122245736,0.0,0.0,6.6338745387453875,8.9632905982906,0.0,0.8518518518518519,12.303030303030303,0.02375946206670767,0.10554133748748191,0.43258426966292135,0.01952820741070435,32.77203125,0.35793357933579334,0.14999999999999997,4.129352756662308,14.465570396633025,0.0,0.01951951951951952,0.14332247557003258,0.06504065040650407,7.069336999266567,26.32531983087541,0.0,Oil & Gas Midstream,Energy,CQP
2018Q3,2018,Q3,2018-11-08,2018-09-30,307000000.0,1529000000.0,492000000.0,0.6,666000000.0,0.4355788096795291,17536000000.0,0.0,2035000000.0,694000000.0,16788000000.0,88000000.0,0.0,19272880000.0,35331880000.0,0.0,2.9322766570605188,0.9157732664233577,0.0,0.030637025966747618,0.0,0.0,12.604892086330935,15.694527687296416,0.0,0.9348534201954397,9.806818181818182,0.014891391426709448,0.08719206204379562,0.35446685878962536,0.01750684306569343,85.27823008849558,0.4355788096795291,0.09090909090909079,2.241231113631595,8.014739400948368,0.0,0.1044776119402985,0.09252669039145907,0.08131868131868132,6.0588460266057345,8.002686406239274,0.0,Oil & Gas Midstream,Energy,CQP
2018Q2,2018,Q2,2018-08-09,2018-06-30,281000000.0,1407000000.0,455000000.0,0.55,603000000.0,0.42857142857142855,17542000000.0,0.0,2062000000.0,730000000.0,16814000000.0,87000000.0,0.0,17399800000.0,31924800000.0,0.0,2.824657534246575,0.9147189602097823,0.0,0.028355976567368813,0.0,0.0,12.366595593461264,15.480249110320285,0.0,0.9893238434163701,9.241379310344827,0.01597719514017402,0.0802075019952115,2.4397260273972603,0.01601869798198609,53.869349845201235,0.42857142857142855,-0.1791044776119403,3.9512408808674913,7.272021420375199,0.0,-0.07373271889400922,-0.16119402985074627,-0.10433070866141732,2.861007324915766,7.265709640188373,0.0,Oil & Gas Midstream,Energy,CQP
2018Q1,2018,Q1,2018-05-04,2018-03-31,335000000.0,1593000000.0,508000000.0,0.67,651000000.0,0.4086629001883239,17465000000.0,0.0,2065000000.0,649000000.0,16740000000.0,83000000.0,0.0,14084400000.0,28659400000.0,0.0,3.1818181818181817,0.9190953335241913,0.0,0.03164714677298779,0.0,0.0,8.841431261770245,10.510746268656717,0.0,0.7432835820895523,11.349397590361447,0.017679134361421146,0.09121099341540223,2.8212634822804312,0.019181219582021184,102.80583941605839,0.4086629001883239,-0.1184210526315789,3.947517296005176,8.012656076570297,0.0,-0.03982300884955752,-0.10427807486631016,-0.05925925925925926,1.7455602263777141,8.380439180382641,0.0,Oil & Gas Midstream,Energy,CQP
2017Q4,2017,Q4,2018-02-21,2017-12-31,374000000.0,1518000000.0,540000000.0,0.76,678000000.0,0.44664031620553357,17553000000.0,0.0,2139000000.0,829000000.0,16914000000.0,95000000.0,0.0,10332504000.0,26378504000.0,0.0,2.58021712907117,0.9141457300746311,0.0,0.033653246915119034,0.0,0.0,6.806656126482213,6.906754010695188,0.0,0.5882352941176471,8.842105263157896,0.02129203143787798,0.08648094342847376,0.4270205066344994,0.021306899105566,28.001365853658537,0.44664031620553357,11.642434782608696,11.139156633997843,10.706736819131539,0.0,1.0797546012269938,15.26086956521739,1.7411167512690355,3.9148841930855514,11.591779441526118,0.0,Oil & Gas Midstream,Energy,CQP
2017Q3,2017,Q3,2017-11-09,2017-09-30,23000000.0,903000000.0,197000000.0,0.06011500261369577,326000000.0,0.3610188261351052,17191000000.0,0.0,1754000000.0,637000000.0,16706000000.0,77000000.0,0.0,11026532000.0,27066532000.0,0.0,2.7535321821036107,0.9330463614682101,0.0,0.012281795511221945,0.0,0.0,12.210998892580289,119.85360869565217,0.0,1.0434782608695652,7.4935064935064934,0.0021765682990807986,0.0525274853120819,0.29827315541601257,0.0013379093711825955,-102.09751851851851,0.3610188261351052,-0.7484317825405123,1.224209465556255,6.905108140972503,0.0,-0.00911854103343465,-0.5,-0.015,1.267574323497681,5.720592906385607,0.0,Oil & Gas Midstream,Energy,CQP
2017Q2,2017,Q2,2017-08-08,2017-06-30,46000000.0,992000000.0,200000000.0,0.23896103896103896,329000000.0,0.3316532258064516,17163000000.0,0.0,1216000000.0,623000000.0,16677000000.0,93000000.0,0.0,6237000000.0,22262000000.0,0.0,1.9518459069020866,0.9336945755404067,0.0,0.0124804992199688,0.0,0.0,6.287298387096774,33.89673913043478,0.0,0.5434782608695652,7.129032258064516,0.004008337341670675,0.05779875313173687,0.28731942215088285,0.002680184116995863,-37.8,0.3316532258064516,-0.021276595744680857,2.05063851491736,13.197867960432296,0.0,0.05448717948717949,-0.02127659574468085,-0.0867579908675799,1.20329920097584,13.7310083452669,0.0,Oil & Gas Midstream,Energy,CQP
2017Q1,2017,Q1,2017-05-04,2017-03-31,47000000.0,891000000.0,219000000.0,0.24415584415584415,312000000.0,0.3501683501683502,17092000000.0,0.0,1127000000.0,577000000.0,16627000000.0,87000000.0,0.0,6219675000.0,22239675000.0,0.0,1.9532062391681109,0.9372805991106951,0.0,0.013670411985018727,0.0,0.0,6.980555555555555,33.083377659574474,0.0,0.5319148936170213,6.655172413793103,0.004019502626744966,0.05212965129885327,0.3292894280762565,0.002749824479288556,-15.207029339853301,0.3501683501683502,2.487940630797773,2.237482154773739,10.110294047945333,0.0,0.08160201899043545,-0.44929404183021854,0.09825633001850487,1.6666886925473248,12.111015052693991,0.0,Oil & Gas Midstream,Energy,CQP
2016Q4,2016,Q4,2017-02-24,2016-12-31,85345000.0,550613000.0,199407000.0,0.07,288461000.0,0.5238906455169057,15542340000.0,0.0,958260000.0,855711000.0,15099286000.0,97431000.0,0.0,9735396000.0,24168125000.0,0.0,1.119840693879125,0.9286072110119841,0.0,0.01381630598066381,0.0,0.0,17.681013706541616,28.51776905501201,0.0,0.29008143417892085,2.690642608615328,0.0025429884927125716,0.03542664746749846,0.22149066682559884,0.00549112939235662,-21.92918524058052,0.5238906455169057,1.2592592592592593,3.010863773264344,2.829678320878072,0.0,1.275162280044484,2.0470622876001423,3.163159213328323,1.7852233861187132,3.6324720714838663,0.0,Oil & Gas Midstream,Energy,CQP
2016Q3,2016,Q3,2016-11-03,2016-09-30,-81509000.0,331409000.0,47898000.0,-0.27,126787000.0,0.38256957415157705,14942593000.0,0.0,808392000.0,2312337000.0,14560331000.0,60520000.0,0.0,5631672200.0,19577650200.0,0.0,0.34959956096364847,0.9341382047948439,0.0,0.0034314705640247803,0.0,0.0,16.993117869460395,-17.27316063256818,0.0,-0.303733330061711,3.3810641110376736,0.0043960300104114725,0.02217881461403653,0.051988096890721376,-0.005454809617045716,-8.543477179153431,0.38256957415157705,-0.28571428571428586,-1.4688684403994314,3.3185979496429177,0.0,0.7204754861384391,0.18592759051186017,2.8032396379228204,0.17129080379474715,3.9135152104680606,0.0,Oil & Gas Midstream,Energy,CQP
2016Q2,2016,Q2,2016-08-09,2016-06-30,-100125000.0,151171000.0,12594000.0,-0.21,73693000.0,0.4874810644898823,14258850000.0,0.0,645986000.0,2164926000.0,13770428000.0,48331000.0,0.0,5770190640.0,18963709640.0,0.0,0.2983871042243476,0.9261462880947622,0.0,0.000953673243559014,0.0,0.0,38.16995746538688,-14.407467265917601,0.0,-0.2472409488139825,1.6030704930582855,0.004290152881326638,0.010601906885898934,0.03877130211379049,-0.007021954785975026,-11.434044664619043,0.4874810644898823,-1.625,-3.5477348452955595,0.7300706812022544,0.0,0.684218946406125,-0.3366752997089686,2.3308675895593365,-1.6444033309984085,1.2349760164952737,0.0,Oil & Gas Midstream,Energy,CQP
2016Q1,2016,Q1,2016-05-05,2016-03-31,-74906000.0,67047000.0,-9463000.0,-0.08,43755000.0,0.6526019061255537,13651045000.0,0.0,502216000.0,2252193000.0,13037776000.0,28543000.0,0.0,5550777120.0,18060349120.0,0.0,0.22298977041488008,0.917100998494987,0.0,-0.0007558676794638588,0.0,0.0,82.78934359479172,-18.52580941446613,0.0,-0.3304942194216752,0.816031951792033,0.004459916055862103,0.004911492123863045,0.010815680538923619,-0.005487198965353934,-7.845011511472606,0.6526019061255537,0.5177730192719486,-27.526562470290724,-0.24239436039696888,0.0,-0.10931297709923664,-0.33665239114917916,0.49501040610491487,-0.6573528888708281,-0.04609922567948031,0.0,Oil & Gas Midstream,Energy,CQP
2015Q4,2015,Q4,2016-02-19,2015-12-31,-56040000.0,67272000.0,-18739000.0,-0.16589698046181173,49125000.0,0.7302443810203354,12996327000.0,0.0,493475000.0,2065835000.0,12283396000.0,16667000.0,0.0,8806446000.0,20515103000.0,0.0,0.23887435346966238,0.9121714158161763,0.0,-0.0015806995230149142,0.0,0.0,130.90804495183733,-39.286429336188434,0.0,-0.44177373304782297,1.0887982240355192,0.0028112362240113663,0.0051762317153146425,0.0717550046349297,-0.0043119875330930035,-11.37157843357532,0.7302443810203354,-0.32311297632117486,-9.132481928130607,-0.5529233647636451,0.0,-0.03392330383480826,-1.3222277473893584,-1.521672559227193,-0.5678196172335366,-0.4646150478551819,0.0,Oil & Gas Midstream,Energy,CQP
2015Q3,2015,Q3,2015-10-30,2015-09-30,-24132000.0,67537000.0,35921000.0,-0.1253838360221339,50850000.0,0.7529206212890712,12547332000.0,0.0,642784000.0,427420000.0,11753622000.0,7145000.0,0.0,5069528100.0,16143097100.0,0.0,1.5038697300079547,0.8961269216435813,0.0,0.003194681039722334,0.0,0.0,75.0629743696048,-52.51873135256091,0.0,-1.0257334659373447,2.335479356193142,0.004882702987680451,0.0053825785433907385,0.4049740302278789,-0.0019232773947481425,-7.171665042163979,0.7529206212890712,-11.53838360221339,-1.9077117197049256,-0.14771774241547306,0.0,-0.016402955626910132,0.5980880369068834,9.92668986083499,0.5323589513159062,0.1753170383371289,0.0,Oil & Gas Midstream,Energy,CQP
2015Q2,2015,Q2,2015-07-30,2015-06-30,-60043000.0,67689000.0,-4024000.0,-0.01,51698000.0,0.763757774527619,12308537000.0,0.0,624358000.0,408308000.0,11466008000.0,12462000.0,0.0,5937514400.0,16735719400.0,0.0,1.5291348687755322,0.8931296221476199,0.0,-0.000366047160955867,0.0,0.0,87.7175671083928,-24.721925953066968,0.0,-0.41227120563596087,1.2831808698443268,0.0041690846257147595,0.005499353822472971,0.4834781586449445,-0.004878158955853161,-7.149454114162206,0.763757774527619,0.9836065573770492,-1.882398975190652,-0.5614764880123899,0.0,-0.018100320981557807,0.6639559873737939,0.6195158850226928,-0.37163669542296507,-0.03102898704046724,0.0,Oil & Gas Midstream,Energy,CQP
2015Q1,2015,Q1,2015-04-30,2015-03-31,-178676000.0,67530000.0,-10576000.0,-0.61,52651000.0,0.7796682955723382,12248953000.0,0.0,512432000.0,264272000.0,11321654000.0,16281000.0,0.0,5766221440.0,16586986440.0,0.0,1.9390325119573772,0.8974015166847321,0.0,-0.0009621342495684906,0.0,0.0,85.387552791352,-8.067985403747565,0.0,-0.13854127023215204,0.9138873533566734,0.004292932600243669,0.0055131242645800015,0.747945298783072,-0.014587042663972994,-9.698659194197848,0.7796682955723382,-0.6573220965852143,-3.605619443662458,-0.5658987183273836,0.0,0.01684080418702563,-1.5222829232484931,-3.7671376242804815,-3.7053131777860937,-0.15777946682152677,0.0,Oil & Gas Midstream,Energy,CQP
2014Q4,2014,Q4,2015-02-20,2014-12-31,-70839000.0,66559000.0,3822000.0,-0.3680636378751351,51779000.0,0.7779413753211436,10387515000.0,0.0,486520000.0,214756000.0,9256786000.0,4293000.0,0.0,6158848000.0,14901351000.0,0.0,2.2654547486449736,0.865590374598737,0.0,0.0004250760148689855,0.0,0.0,92.53215943749154,-21.735371758494615,0.0,-0.3492849983766005,3.4428138830654555,0.004017472098678194,0.006407596041979241,1.1601072845461826,-0.00681962914132976,-9.581967595689797,0.7779413753211436,-1.8753567210839301,-1.9625144913401353,-0.5696230350746235,0.0,-0.019504251169308262,-0.6382747456059205,2.8589494163424125,-1.9294569955546155,-0.18748242903938594,0.0,Oil & Gas Midstream,Energy,CQP
2014Q3,2014,Q3,2014-10-30,2014-09-30,-43240000.0,67590000.0,-2056000.0,-0.1280062522942841,52809000.0,0.7813138038171327,10673142000.0,0.0,702960000.0,408337000.0,9446831000.0,13239000.0,0.0,6297389360.0,15034501360.0,0.0,1.7215192353374786,0.842278684196275,0.0,-0.00022870465952372476,0.0,0.0,93.17042994525818,-36.40951295097132,0.0,-0.5718778908418132,1.1164740539315658,0.003926706542407598,0.006332718144291531,0.6668927870851772,-0.004051290613392008,-9.096343285199024,0.7813138038171327,0.8494044090655481,-1.5230291548695891,-0.5579218313663563,0.0,0.003858875413450937,0.8088620128721975,0.733885581154543,-0.3097664560737621,-0.11920119313152541,0.0,Oil & Gas Midstream,Energy,CQP
2014Q2,2014,Q2,2014-07-31,2014-06-30,-226224000.0,67328000.0,-7726000.0,-0.85,52606000.0,0.7813391159695817,10712440000.0,0.0,686202000.0,381497000.0,9418161000.0,5800000.0,0.0,6358977520.0,15039340520.0,0.0,1.7987087709732974,0.8390105335479126,0.0,-0.0008596049110743949,0.0,0.0,94.44774120722434,-7.02730205460075,0.0,-0.10942251927293302,2.5382758620689656,0.003892764193951735,0.006285029367725747,0.8060010956835834,-0.021117877906434015,-11.639912869663267,0.7813391159695817,-13.166666666666668,-5.5334374262413535,-0.40852317456812076,0.0,-0.005614048352645408,-2.244145526508253,-2.5190719622493116,-9.275490587096733,-0.22944728210250734,0.0,Oil & Gas Midstream,Energy,CQP
2014Q1,2014,Q1,2014-05-01,2014-03-31,-69733000.0,67221000.0,5086000.0,-0.06,52903000.0,0.7870010859701582,8373109000.0,0.0,530091000.0,200662000.0,6827852000.0,4072000.0,0.0,5712360000.0,11965368000.0,0.0,2.641710936799195,0.7856520200561106,0.0,0.0007731422013118792,0.0,0.0,84.97880126746107,-20.479399997131917,0.0,-0.35498257639854874,3.5162082514734774,0.004333410359291081,0.008028200755537758,1.6213433534999153,-0.00832820879317348,-7.593557580849276,0.7870010859701582,0.8135226716286358,-5.360808483392079,-0.08679390664737305,0.0,0.00455727930425536,-0.13820063330395324,-0.0630066322770818,-25.843268974197496,-0.23222664481516567,0.0,Oil & Gas Midstream,Energy,CQP
2013Q4,2013,Q4,2014-02-21,2013-12-31,-61266000.0,66999000.0,5428000.0,-0.3217549314118858,52663000.0,0.7860266571142853,8516783000.0,0.0,613128000.0,265887000.0,6877039000.0,10430000.0,0.0,5455303800.0,11680544800.0,0.0,2.3059720858861095,0.7721545799628804,0.0,0.0008253915249564609,0.0,0.0,81.42366005462767,-22.260731074331602,0.0,-0.40404139326869715,1.374496644295302,0.004537602470461865,0.007866702720968705,1.3202300225283674,-0.007193561230807454,-8.805580700145917,0.7860266571142853,-0.608774657059429,-0.8318712094881284,0.0,0.0,-0.005514115758663016,0.3770805161001698,1.2323928586719184,-18.65181053170709,-0.21008331840093988,0.0,Oil & Gas Midstream,Energy,CQP
2013Q3,2013,Q3,2013-11-08,2013-09-30,-98353000.0,67446000.0,-23357000.0,-0.2,52955000.0,0.7851466358271803,7570718000.0,0.0,623219000.0,233878000.0,5844955000.0,14158000.0,0.0,5073324680.0,10307624680.0,0.0,2.664718357434218,0.7362835334772739,0.0,-0.004190201455098001,0.0,0.0,75.22054206328025,-12.895703943956972,0.0,-0.25167508871107136,1.0235202712247493,0.0048790490578261205,0.008908798346471233,1.5440058492034308,-0.012991238083362767,-4.340121854404347,0.7851466358271803,-0.7446516296022399,-6.587731016009703,0.0,1.0,-0.006137157013625614,-1.5976704875600867,-0.14343760708865716,-10.850867834521676,-0.14885727103459656,0.0,Oil & Gas Midstream,Energy,CQP
2013Q2,2013,Q2,2013-08-02,2013-06-30,-37862000.0,67637000.0,-20427000.0,-0.11463606636793024,53282000.0,0.7877640936173987,8011598000.0,0.0,945700000.0,553251000.0,6163144000.0,11730000.0,0.0,5691130910.0,10907834910.0,0.0,1.7093507286927634,0.6954927094444828,0.0,-0.0036660033510361074,0.0,0.0,84.14227286840043,-37.57811862817601,0.0,-0.6537953621044847,1.2237851662404091,0.0043495748721056925,0.00844238565140188,0.6917294320299466,-0.004725898628463386,-6.763078918597742,0.7877640936173987,0.15207030948169487,-0.2984892310120593,0.0,1.0,-0.038647517321016164,0.10885682679407818,-2.3694690265486726,-1.556427286899493,-0.5618110935306497,0.0,Oil & Gas Midstream,Energy,CQP
2013Q1,2013,Q1,2013-05-03,2013-03-31,-42487000.0,66074000.0,14916000.0,-0.13519524985362624,55424000.0,0.8388170838756546,5709531000.0,0.0,732887000.0,284542000.0,4012779000.0,4605000.0,0.0,4952081470.0,8163515470.0,0.0,2.5756724842026837,0.6424846454113307,0.0,0.004066204216356085,0.0,0.0,74.94750537276387,-29.138804045943466,0.0,-0.4030644667780733,2.3127035830618894,0.003458141814456053,0.011572579253882675,1.6100153931581278,-0.00744141681689792,-10.883336747140204,0.8388170838756546,-0.27767102383214676,-1.6176077046349313,0.0,1.0,1.2393535353535354,-1.2192217289109428,-0.23905723905723905,-1.65907882030211,-0.5481841716514577,0.0,Oil & Gas Midstream,Energy,CQP
2012Q4,2012,Q4,2013-02-22,2012-12-31,-19145000.0,67301000.0,19602000.0,-0.10581381852750496,24750000.0,0.3677508506560081,3748278000.0,0.0,532544000.0,155410000.0,2385470000.0,7045000.0,0.0,3846593060.0000005,5594414060.0,0.0,3.4267035583295797,0.5781622921245436,0.0,0.009045213609073455,0.0,0.0,57.15506545222211,-50.229734395403504,0.0,-0.8944894228258031,6.039886444286728,0.0044519916021477975,0.01795517835123222,2.711157583167106,-0.005107678779428847,-14.699269582629565,0.3677508506560081,0.5767447258899802,-0.3178874480602187,0.0,1.0,-0.6267418712674188,0.6784892605840764,24.39119170984456,-1.276711207618152,-0.5370860468822101,0.0,Oil & Gas Midstream,Energy,CQP
2012Q3,2012,Q3,2012-11-02,2012-09-30,-59547000.0,66308000.0,772000.0,-0.25,66308000.0,1.0,3470855000.0,0.0,536367000.0,177531000.0,2540380000.0,6457000.0,0.0,5156953020.0,7083792020.0,0.0,3.0212582591209425,0.6614909006570427,0.0,0.0003362458671593627,0.0,0.0,77.77271249321349,-21.65076754496448,0.0,-0.2293314524661192,0.0,0.0026480753163813,0.01910422648021885,2.248818516202804,-0.01715629146132581,-6.20751989445796,1.0,-0.13636363636363635,-2.904048564219288,0.0,1.0,0.08000521206593264,-0.5477607672913472,-0.9577564979480164,-1.6241894022475178,-0.6241635976125048,0.0,Oil & Gas Midstream,Energy,CQP
2012Q2,2012,Q2,2012-08-03,2012-06-30,-38473000.0,61396000.0,18275000.0,-0.22,61396000.0,1.0,1873000000.0,0.0,198919000.0,81911000.0,2315206000.0,1808000.0,0.0,3824571940.0,5848385940.0,0.0,2.428477249697843,1.1717912439935931,0.0,0.008326631780623438,0.0,0.0,62.29350348556909,-24.852311621136902,0.0,-0.3533646973201986,0.0,0.0035546461704156103,0.032779498131340096,2.125526486064143,-0.0205408435664709,-91.22413691115086,1.0,-0.15789473684210525,-2.0690000446841466,0.0,1.0,-0.11434877313445754,-0.17184977612622218,-0.26579888313044875,-1.8772229395200974,-0.3863127847257644,0.0,Oil & Gas Midstream,Energy,CQP
2012Q1,2012,Q1,2012-05-04,2012-03-31,-32831000.0,69323000.0,24891000.0,-0.19,69323000.0,1.0,1762342000.0,0.0,135818000.0,104110000.0,2337235000.0,2253000.0,0.0,3544341300.0,5678489300.0,0.0,1.3045624819902026,1.2447027875406702,0.0,0.011347142039175927,0.0,0.0,51.12792723915584,-26.989288325058634,0.0,-0.40952148883677014,0.0,0.003793370576360691,0.039335724847958,0.6547401786571895,-0.018629187751299122,-344.0774002524027,1.0,-0.512229875161429,-1.4827516264845904,0.0,1.0,-0.021193380774878572,-0.5703352943990051,-0.32806932296728214,-3.3493685909139583,0.07765454131903803,0.0,Oil & Gas Midstream,Energy,CQP
2011Q4,2011,Q4,2012-02-24,2011-12-31,-20907000.0,70824000.0,37044000.0,-0.12564227378441237,70824000.0,1.0,1737300000.0,0.0,109510000.0,51818000.0,2282319000.0,4842000.0,0.0,2998546020.0,5109549020.0,0.0,2.1133582924852368,1.2619685719219478,0.0,0.016896413001535292,0.0,0.0,42.337993053202304,-35.85576625053809,0.0,-0.6430860477352083,0.0,0.0044838398044663,0.040766706959074424,1.6009880736423636,-0.012034190986012779,3342.860668896321,1.0,0.2609278012681626,0.11231300387241083,0.0,1.0,0.09116119987058406,0.2512892135797164,0.2547505334823697,0.2846715261508878,0.0,0.0,Oil & Gas Midstream,Energy,CQP
2011Q3,2011,Q3,2011-11-07,2011-09-30,-27924000.0,64907000.0,29523000.0,-0.17,64907000.0,1.0,1803032000.0,0.0,164547000.0,96833000.0,2327164000.0,4573000.0,0.0,2205831600.0,4302577600.0,0.0,1.6992864002974193,1.2153106544975352,0.0,0.01347316866583548,0.0,0.0,33.98449473862603,-19.748528147829827,0.0,-0.41824237215298665,0.0,0.005294601818198633,0.03599880645490485,1.0044716160812945,-0.015487245927970218,-226.23913846153846,1.0,-0.5454545454545455,-1.198498137164278,0.0,0.0,-0.11821923949517042,-0.5055804173181646,-0.2006119354489332,-1.5469248860752358,0.0,1.0,Oil & Gas Midstream,Energy,CQP
2011Q2,2011,Q2,2011-08-05,2011-06-30,-18547000.0,73609000.0,36932000.0,-0.11,73609000.0,1.0,1726645000.0,0.0,78153000.0,55444000.0,2285603000.0,437000.0,0.0,2913619860.0,5048363860.0,0.0,1.409584445566698,1.2683968042070026,0.0,0.016863380228312234,0.0,0.0,39.582386121262346,-39.27346552003019,0.0,-0.6236588127459967,0.0,0.003969975685160246,0.04263122992856088,1.009108289445206,-0.010741640580431994,-101.3151074483622,1.0,-10.0,-0.466122949045221,0.0,0.0,-0.0112961719274681,-7.39610683567225,-0.10200111848663895,0.2449583441950447,0.0,1.0,Oil & Gas Midstream,Energy,CQP
2011Q1,2011,Q1,2011-05-06,2011-03-31,-2209000.0,74450000.0,41127000.0,-0.01,74450000.0,1.0,1776345000.0,0.0,118346000.0,93925000.0,2323914000.0,2318000.0,0.0,3090957350.0,5232962350.0,0.0,1.2600053233963269,1.2322476771122726,0.0,0.018788915147674834,0.0,0.0,41.517224311618534,-349.81409574468086,0.0,-5.186962426437302,0.0,0.0037069421226404173,0.04191190337462599,0.5622677668352409,-0.00124356473545398,69.11337231402187,1.0,0.389230479064504,0.8251401251975181,0.0,0.0,-0.2657646107418292,0.16672953602414184,0.010267999705224889,0.8479206986216651,0.0,1.0,Oil & Gas Midstream,Energy,CQP
2010Q4,2010,Q4,2011-03-03,2010-12-31,-2651000.0,72124000.0,40709000.0,-0.01637278819133496,101398000.0,1.4058843103543897,1743492000.0,0.0,78653000.0,52134000.0,2279500000.0,1212000.0,0.0,3450408650.0,5584783650.0,0.0,1.508669965857214,1.2547944011214276,0.0,,0.0,0.0,47.839951333813985,-325.38746227838544,0.0,-4.321388155413052,-24.153465346534652,0.0033201864364674604,0.041367554310544584,1.131353819004872,-0.001520511708685787,809.3850926577528,1.4058843103543897,0.590680295216626,-1.4851004965834866,0.0,-1.0,0.7562656967177622,0.6200372653002724,0.11917853411777643,0.7960805843000541,0.0,1.0,Oil & Gas Midstream,Energy,CQP
2010Q3,2010,Q3,2010-11-05,2010-09-30,-6977000.0,66617000.0,36374000.0,-0.04,57735000.0,0.8666706696488884,1796996000.0,0.0,121949000.0,91696000.0,2318897000.0,901000.0,0.0,3022424000.0,5151946000.0,0.0,1.3299271505845403,1.2167806717432872,0.0,,0.0,0.0,45.370160769773484,-108.29955568295829,0.0,-1.6419664612297549,9.857935627081021,0.0037903351746809847,0.03707131234571474,0.6297984644913628,-0.00388259072362988,287.9047437607163,0.8666706696488884,-1.1142857142857143,-5.545028142589119,0.0,0.0,-0.5209151031856013,-1.1219669953150129,-0.6433117271541622,0.37212023038156944,0.0,1.0,Oil & Gas Midstream,Energy,CQP
2010Q2,2010,Q2,2010-08-06,2010-06-30,57204000.0,129764000.0,101977000.0,0.35,120511000.0,0.9286936284331556,1769503000.0,0.0,83257000.0,45937000.0,2272972000.0,501000.0,0.0,2760308000.0,4885606000.0,0.0,1.812417005899384,1.235022489365658,0.0,,0.0,0.0,21.271754878086373,12.063439619607019,0.0,1.226644989860849,18.469061876247505,0.025420713920330632,0.07333358575826093,1.3222674532511918,0.03232772139973766,-114.16610141450906,0.9286936284331556,-0.027777777777777804,54.66228893058161,0.0,0.0,0.007288593184496694,-0.007701915070774354,0.0023590237573350896,5.770577933450087,0.0,1.0,Oil & Gas Midstream,Energy,CQP
2010Q1,2010,Q1,2010-05-07,2010-03-31,57648000.0,130778000.0,101737000.0,0.36,119639000.0,0.9148251234917187,1883218000.0,0.0,185669000.0,148026000.0,2374889000.0,216000.0,0.0,2650284000.0,4716082000.0,0.0,1.2542999202842744,1.1598248317507585,0.0,,0.0,0.0,20.26551866521892,11.493390924229807,0.0,1.217180127671385,51.56944444444444,0.02647565317528235,0.06944389868830905,0.8090943482901652,0.030611432133720046,24.404313115222056,0.9148251234917187,-0.058572536850271605,55.07879924953095,0.0,0.0,-0.005783853409232559,-0.0682699767261443,-0.020573001906155533,5.483434437704153,0.0,1.0,Oil & Gas Midstream,Energy,CQP
2009Q4,2009,Q4,2010-02-26,2009-12-31,61872000.0,130013000.0,103874000.0,0.382398022249691,120335000.0,0.9255612900248437,1859473000.0,0.0,152931000.0,115584000.0,2339800000.0,2840000.0,0.0,2088838000.0,4154325000.0,0.0,1.3231156561461794,1.1740041398826442,0.0,,0.0,0.0,16.066377977586857,8.440158714765968,0.0,1.1340994310835273,3.4077464788732392,0.033592360920282,0.0699192728262255,1.1378997093023255,0.03327394374642708,31.602136221973435,0.9255612900248437,-0.11070227383792791,59.04127579737336,0.0,-1.0,-0.005257458399120451,-0.10976820477403203,-0.023437720345595908,3.70171608226715,0.0,1.0,Oil & Gas Midstream,Energy,CQP
2009Q3,2009,Q3,2009-11-06,2009-09-30,69501000.0,128533000.0,106367000.0,0.43,120971000.0,0.9411668598725619,1918950000.0,0.0,195177000.0,166934000.0,2390980000.0,0.0,0.0,1577550000.0,3637792000.0,0.0,1.169186624654055,1.1370046118971313,0.0,,0.0,0.0,12.27350174663316,5.674558639444037,0.0,1.0096113724982374,0.0,0.04447973122880416,0.06698090101357514,0.7547473851941486,0.036218244352380205,30.96149317004239,0.9411668598725619,0.6538461538461537,66.19793621013133,0.0,0.0,0.3908549484915379,0.6567185525970776,0.43193505829137613,6.505465779467681,0.0,0.0,Oil & Gas Midstream,Energy,CQP
2009Q2,2009,Q2,2009-08-07,2009-06-30,41951000.0,95695000.0,74282000.0,0.26,86976000.0,0.9088876116829511,1920722000.0,0.0,160843000.0,133330000.0,2357205000.0,0.0,0.0,1192466000.0,3244381000.0,0.0,1.2063526588164704,1.135344937997274,0.0,,0.0,0.0,12.461110820837034,7.106302591118209,0.0,1.6726180543967963,0.0,0.05884276784411463,0.04982241053103989,1.0597689942248556,0.021841265940620247,-109.87432046438772,0.9088876116829511,2.25,40.353658536585364,0.0,0.0,0.5533647663951993,2.0873564910214895,0.7117245829108674,4.3231147021546255,0.0,0.0,Oil & Gas Midstream,Energy,CQP
2009Q1,2009,Q1,2009-05-08,2009-03-31,13588000.0,62549000.0,43396000.0,0.08,55992000.0,0.8951701865737262,1975525000.0,0.0,241486000.0,162475000.0,2383791000.0,0.0,0.0,970800000.0,2980365000.0,0.0,1.4862963532851208,1.1032550840915707,0.0,,0.0,0.0,15.520631824649476,17.86134824845452,0.0,5.164041801589638,0.0,0.07227956324680676,0.03166196327558497,1.1058809047545777,0.00687817162526417,31.730674946886747,0.8951701865737262,1.4554699320876876,13.746716697936211,0.0,0.0,0.0,1.478130827967205,163.5318352059925,2.076362484157161,0.0,0.0,Oil & Gas Midstream,Energy,CQP
2008Q4,2008,Q4,2009-02-27,2008-12-31,-28419000.0,0.0,-267000.0,-0.17564276885043265,0.0,0.0,1978835000.0,0.0,246103000.0,107003000.0,2330520000.0,0.0,0.0,600278000.0,2780977000.0,0.0,2.2999635524237636,1.1020150745261732,0.0,,0.0,0.0,0.0,-5.28060452514163,0.0,-0.40311059502445545,0.0,0.01908449085257164,0.0,0.04402680298683215,-0.014361480365972908,-7.226779673260055,0.0,-1.5091824121490376,-25.659474671669795,0.0,-1.0,0.0,-1.6079654950903919,0.9733692399760623,-25.659474671669795,0.0,-1.0,Oil & Gas Midstream,Energy,CQP
2008Q3,2008,Q3,2008-11-07,2008-09-30,-10897000.0,0.0,-10026000.0,-0.07,0.0,0.0,2020619000.0,-311811000.0,288285000.0,109319000.0,2332430000.0,0.0,0.0,1124510000.0,3303777000.0,-1.9271384425216316,2.637098765996762,1.0785199980797964,-6.989099165840846,,-1.9271384425216316,0.03494745214248375,0.0,-25.798614297513076,-3.6063833540189414,-1.0512985225291365,0.0,0.010187548354394359,0.0,0.0837731775812073,-0.005392901878087854,-26.744119675601112,0.0,0.5333333333333333,-9.222326454033771,0.0,0.0,0.0,0.555460367968017,-2.648471615720524,-9.222326454033771,0.0,0.0,Oil & Gas Midstream,Energy,CQP
2008Q2,2008,Q2,2008-08-11,2008-06-30,-24513000.0,0.0,-2748000.0,-0.15,0.0,0.0,1855370000.0,-289457000.0,248259000.0,63456000.0,2144827000.0,0.0,0.0,1470762000.0,3504240000.0,-1.7889802224969098,3.912301437216339,1.0960002587085056,-7.025174723706803,,-1.7889802224969098,0.08468615372922403,0.0,-14.999816423938318,-5.081107038351119,-0.4673438583608697,0.0,0.007789159632897777,0.0,0.3761188855269793,-0.013211919994394649,-7.975716493587484,0.0,-0.6666666666666666,-21.9953095684803,0.0,0.0,0.0,-0.6888046848088185,0.3297560975609756,-21.9953095684803,0.0,0.0,Oil & Gas Midstream,Energy,CQP
2008Q1,2008,Q1,2008-05-09,2008-03-31,-14515000.0,0.0,-4100000.0,-0.09,0.0,0.0,1922497000.0,-253489000.0,203059000.0,95564000.0,2175986000.0,0.0,0.0,2414056000.0,4447146000.0,-1.56668108776267,2.1248482692227197,1.0575309090209244,-8.020466371321833,,-1.56668108776267,0.05726086733546623,0.0,-41.57864278332759,-9.523316593619446,-0.7892524974164657,0.0,0.004745540285726595,0.0,0.06377924741534469,-0.0075500768011601575,-22.17374850739414,0.0,-0.12092987452851961,-12.616322701688556,0.0,0.0,0.0,-0.11731198522053729,0.10636442894507411,-12.616322701688556,0.0,0.0,Oil & Gas Midstream,Energy,CQP
2007Q4,2007,Q4,2008-02-27,2007-12-31,-12991000.0,0.0,-4588000.0,-0.08029048207663783,0.0,0.0,1904978000.0,-227517000.0,198917000.0,53420000.0,2132495000.0,0.0,0.0,2598508000.0,4631140000.0,-1.4061619283065514,3.723642830400599,1.067017571856473,-8.934035698431327,,-1.4061619283065514,0.0570990299625962,0.0,-50.00592718035562,-11.421159737514119,0.0,0.0,0.0,0.0,0.10477349307375515,-0.006819501327574386,-21.00636211510012,0.0,-0.14700688680911175,-11.186679174484054,0.0,-2.4998220124459447,0.0,-0.1690964722822174,-0.4486896116198295,-11.186679174484054,0.0,-2.4998220124459447,Oil & Gas Midstream,Energy,CQP
2007Q3,2007,Q3,2007-11-06,2007-09-30,-11112000.0,0.0,-3167000.0,-0.07,0.0,0.0,1961827000.0,-203070000.0,198884000.0,90118000.0,2164897000.0,0.0,0.0,2946378000.0,4978651000.0,-1.2550679851668727,2.2069286934907564,1.0359129525692123,-10.007790417097553,,-1.2550679851668727,0.0547200472743389,0.0,-66.2882019438445,-14.509174176392378,0.0,0.0,0.0,0.0,0.0762111897734082,-0.0056641079972902806,-32.052325834384924,0.0,0.0,-9.424015009380863,0.0,0.0,0.0,0.07330497873405054,-0.10194850382741823,-9.424015009380863,0.0,0.0,Oil & Gas Midstream,Energy,CQP
2007Q2,2007,Q2,2007-08-08,2007-06-30,-11991000.0,0.0,-2874000.0,-0.07,0.0,0.0,1935379000.0,-180502000.0,187054000.0,41943000.0,2115881000.0,0.0,0.0,3155100000.0,5187160000.0,-1.1155871446229912,4.459719142645972,1.0499643739029927,-11.257930660048087,,-1.1155871446229912,0.06643139688202901,0.0,-65.7805854390793,-17.479584713742785,0.0,0.0,0.0,0.0,0.12087833488305558,-0.006195685702903669,-22.205565643342766,0.0,0.11914761238139676,-10.24859287054409,0.0,0.0,0.0,0.0674288380774615,-0.5238600212089077,-10.24859287054409,0.0,0.0,Oil & Gas Midstream,Energy,CQP
2007Q1,2007,Q1,2007-05-09,2007-03-31,-12858000.0,0.0,-1886000.0,-0.07946847960444994,0.0,0.0,2014020000.0,-167754000.0,216343000.0,108605000.0,2181774000.0,0.0,0.0,3454430000.0,5486418000.0,-1.0367985166872682,1.9920169421297362,1.0089274187942523,-12.112974951416955,,-1.0367985166872682,0.07664794878214529,0.0,-67.1649945559185,-20.59223625070043,0.0,0.0,0.0,0.0,0.045955526909442476,-0.006384246432508118,-47.10543540513268,0.0,0.4385398017553819,-11.061913696060039,0.0,0.0,0.0,0.4385398017553819,0.0,-11.061913696060039,0.0,0.0,Oil & Gas Midstream,Energy,CQP
