Quarters,Year,Quarter,FillingDate,Date,NetIncome,Revenue,OperatingIncome,EPSDiluted,GrossProfit,GrossProfitRatio,TotalAssets,CommonStockEquity,CurrentAssets,CurrentLiability,TotalLiability,Inventory,RetainedEarnings,MarketCap,EnterpriseValue,bookValuePerShare,currentRatio,debtToAssets,debtToEquity,roic,shareholdersEquityPerShare,roe,priceToSalesRatio,peRatio,pbRatio,payoutRatio,inventoryTurnover,dividendYield,assetTurnover,quickRatio,returnOnAssets,priceToFreeCashFlowsRatio,grossProfitMargin,epsdilutedGrowth,fiveYNetIncomeGrowthPerShare,fiveYRevenueGrowthPerShare,fiveYShareholdersEquityGrowthPerShare,grossProfitGrowth,netIncomeGrowth,operatingIncomeGrowth,threeYNetIncomeGrowthPerShare,threeYRevenueGrowthPerShare,threeYShareholdersEquityGrowthPerShare,Industry,Sector,Symbol
2023Q1,2023,Q1,2023-05-09,2023-03-31,-16843000.0,25119000.0,-16593000.0,-0.21,12124000.0,0.4826625264,371654000.0,-97153000.0,194928000.0,43787000.0,468807000.0,22513000.0,-942939000.0,154206000.0,142525000.0,-1.22854071825999,4.451732249297737,0.27440038315207155,-1.04970510431999,-0.40379949722843955,-1.22854071825999,0.1733657221084269,6.139018273020422,-2.288873716083833,-1.5872489784154888,0.0,0.5772220494825212,0.0,0.06758705677861666,3.8605293808664674,-0.04531903329440824,-16.240758293838862,0.48266252637445756,0.19230769230769237,0.37526858945816804,-0.5111599338206869,-1.982751639739576,0.08569893436016836,0.19198848644758934,0.21404888215233042,0.06091192803599345,-0.18961854003079076,-1.6117524306493638,Diagnostics & Research,Healthcare,LAB
2022Q4,2022,Q4,2023-03-14,2022-12-31,-20845000.0,27021000.0,-21112000.0,-0.26,11167000.0,0.4132711595,390310000.0,-81467000.0,208815000.0,43443000.0,471777000.0,21473000.0,-926096000.0,92937780.0,114283780.0,-1.0255935745398697,4.806643187625164,0.2630088903691937,-1.2600807689002909,-0.3593346253566235,-1.0255935745398697,0.2558704751617219,3.439464860663928,-1.1146291676661069,-1.1408027790393656,0.0,0.7383225445908815,0.0,0.06922958673874613,4.213889464355592,-0.05340626681355845,-4.661806781701444,0.41327115946856147,0.29729729729729726,0.02872052823357082,-0.5254502377678476,-2.283160617714276,0.2111713665943601,0.29161285937606196,0.27267716264167846,-0.44203286140655235,-0.26905567044049966,-1.4653934959956003,Diagnostics & Research,Healthcare,LAB
2022Q3,2022,Q3,2022-11-09,2022-09-30,-29426000.0,25646000.0,-29027000.0,-0.37,9220000.0,0.359510255,414915000.0,-62747000.0,229017000.0,46169000.0,477662000.0,21946000.0,-905251000.0,86786700.0,129688700.0,-0.795302736479207,4.960406333253915,0.2484894496463131,-1.6431383173697547,-0.3599271853322257,-0.795302736479207,0.4689626595693818,3.3840247991889574,-0.7373300822401958,-1.383121105391493,0.0,0.748473525927276,0.0,0.06181025029222853,4.3852368472351575,-0.07092054999216707,-3.3540753623188406,0.35951025501052797,0.548780487804878,0.19266056462203182,-0.5466649468296307,-1.7025411657053204,1.0826744974023041,0.5368828593462283,0.24728366568991,-1.010527230793463,-0.14774436713610403,-1.3397735973707698,Diagnostics & Research,Healthcare,LAB
2022Q2,2022,Q2,2022-08-09,2022-06-30,-63539000.0,18777000.0,-38563000.0,-0.82,4427000.0,0.235767162,441122000.0,-37454000.0,250877000.0,42770000.0,478576000.0,22791000.0,-875825000.0,124513600.0,153723600.0,-0.48128397219259583,5.865723638064064,0.2347899220623773,-2.7652854167779144,-0.35769033218230006,-0.48128397219259583,1.696454317295883,6.6311764392607975,-0.4899101339334897,-3.3244406471938914,0.0,0.6296345048484051,0.0,0.04256645553837714,5.194014496142156,-0.14403951741241652,-4.026178619931449,0.23576716195345368,0.17171717171717177,-0.4149105143448864,-0.7039038155387339,-1.5899986163687818,-0.6382283239356051,0.16711671560402686,-0.40213794858742685,-3.1057126482643715,-0.4081872430091902,-1.1927979434018507,Diagnostics & Research,Healthcare,LAB
2022Q1,2022,Q1,2022-05-09,2022-03-31,-76288000.0,26504000.0,-27503000.0,-0.99,12237000.0,0.4617038938,271938000.0,22113000.0,73197000.0,47173000.0,249825000.0,23245000.0,-812286000.0,276541290.0,386559290.0,0.2870662460567823,1.5516715070061264,0.5148269090748626,6.331162664495998,-0.1350811772092159,0.2870662460567823,-3.449916338805228,10.433945442197404,-0.9062411191799497,12.505824175824175,0.0,0.6137664013766402,0.0,0.09746339239091263,0.9625209335848897,-0.2805345336069251,-16.802849070360917,0.46170389375188653,-7.25,-0.6833493883514519,-0.6059906235341422,-0.7820032213475766,-0.39546487501235056,-7.090783752253685,-1.4427569055866418,-1.2716512312255945,-0.33255520648729625,-0.9079929408300764,Diagnostics & Research,Healthcare,LAB
2021Q4,2021,Q4,2022-03-08,2021-12-31,-9429000.0,38265000.0,-11259000.0,-0.12,20242000.0,0.5289951653,275214000.0,94596000.0,72066000.0,49568000.0,180618000.0,20825000.0,-735998000.0,300475840.0,383672840.0,1.2340969576788603,1.4538815364751452,0.40567703677865224,1.18026132183179,-0.04198691321240629,1.2340969576788603,-0.09967651909171635,7.852498105318176,-7.966800296956199,3.1764116875977844,0.0,0.8654501800720288,0.0,0.13903725827901198,0.9435724661071659,-0.03426061174213521,-40.25128466175486,0.5289951652946557,0.3333333333333333,0.7973621855920263,-0.4198572195221894,-0.32419438293358527,0.48086911990635745,0.31886151845698185,0.4259127065062207,0.654579886525191,-0.35927353841806275,-0.2900126369025149,Diagnostics & Research,Healthcare,LAB
2021Q3,2021,Q3,2021-11-09,2021-09-30,-13843000.0,28504000.0,-19612000.0,-0.18,13669000.0,0.4795467303,282188000.0,99337000.0,73465000.0,47290000.0,182851000.0,24498000.0,-726568000.0,502823590.0,578601590.0,1.3019095424699545,1.5534996828082046,0.37240066905750774,1.0578837693910628,-0.07245396883824529,1.3019095424699545,-0.1393539164661707,17.640457128824025,-9.080827674637,5.061795604860223,0.0,0.6055596375214303,0.0,0.10101067373524034,0.910150137449778,-0.04905594851659178,-44.89496339285714,0.479546730283469,0.21739130434782614,0.7334944654824138,-0.510639627612852,-0.44322355543372116,-0.1675902807380793,0.19249839584670128,-0.1357424137132268,0.5174063249498696,-0.49393571069049647,1.279154957112648,Diagnostics & Research,Healthcare,LAB
2021Q2,2021,Q2,2021-08-06,2021-06-30,-17143000.0,31018000.0,-17268000.0,-0.23,16421000.0,0.5294022825,289315000.0,109450000.0,78206000.0,52848000.0,179865000.0,25074000.0,-712725000.0,464784320.0,529896320.0,1.4505911042782167,1.4798289433848018,0.33173184936833555,0.8768844221105527,-0.06773894404963163,1.4505911042782167,-0.15662859753312014,14.984341994970663,-6.778048182931809,4.24654472361809,0.0,0.5821568158251575,0.0,0.10721186250280836,0.8804306690887073,-0.05925375455818053,-24.675319600764492,0.5294022825456187,0.07999999999999996,0.6467640312272656,-0.5775789292990702,-0.5017337306295844,-0.13759781524079617,0.08915573030125923,0.1062111801242236,0.4543661368032548,-0.3932961506169397,0.6242472609354144,Diagnostics & Research,Healthcare,LAB
2021Q1,2021,Q1,2021-05-07,2021-03-31,-18821000.0,32794000.0,-19320000.0,-0.25,19041000.0,0.5806245045,305198000.0,122938000.0,96327000.0,53529000.0,182260000.0,21892000.0,-695582000.0,337675639.99999994,382212639.99999994,1.6456021524087434,1.799529227147901,0.308917489629683,0.7668987619775822,-0.06886735615176394,1.6456021524087434,-0.15309342920821878,10.296872598646091,-4.485357313639019,2.7467149294766466,0.0,0.6282203544673853,0.0,0.1074515560390304,1.2172093631489473,-0.06166816296306005,-17.033678369652943,0.5806245044825273,-0.041666666666666706,0.634304923958049,-0.5631507018921926,-0.5201206853615127,-0.2737155280924591,-0.044102962387662266,-0.1429247515380975,0.261038262087372,-0.3244395685023687,0.3163733115245632,Diagnostics & Research,Healthcare,LAB
2020Q4,2020,Q4,2021-02-25,2020-12-31,-18026000.0,44608000.0,-16904000.0,-0.24,26217000.0,0.5877196915,324757000.0,139050000.0,117663000.0,54249000.0,185707000.0,19689000.0,-676761000.0,445662000.0,472517000.0,1.8720465285350782,2.168943206326384,0.29368112157705606,0.6859043509528946,-0.06489382238956302,1.8720465285350782,-0.12963682128730672,9.990629483500717,-6.180822145789415,3.2050485436893204,0.0,0.9340748641373355,0.0,0.13735808619983558,1.7317001235045808,-0.055506116881237355,-30.863019390581716,0.5877196915351507,-1.8985507246376814,0.45706061305849266,-0.43675493927553233,-0.530558684200475,0.03546743552272997,-2.0048341390231705,-2.0937042459736457,0.10175717840160202,-0.16219070796728832,1.3421913315151666,Diagnostics & Research,Healthcare,LAB
2020Q3,2020,Q3,2020-11-09,2020-09-30,-5999000.0,39861000.0,-5464000.0,-0.0828,25319000.0,0.6351822583,322977000.0,151973000.0,122663000.0,42791000.0,171004000.0,19560000.0,-658735000.0,538570980.0,561650980.0,2.0965841679772645,2.8665607253861793,0.2954544750864613,0.627907588848019,-0.018189300413166826,2.0965841679772645,-0.039474117112908214,13.51122601038609,-22.44419819969995,3.543859632961118,0.0,0.7434560327198364,0.0,0.1234174569706202,2.276506742071931,-0.01857407803032414,-109.06662211421629,0.6351822583477584,0.54,0.7432263086895858,-0.44787904387416155,-0.5142551318604468,0.6507367322988655,0.5390703034959662,0.6019233571324494,0.8208527470861754,-0.23307268113025698,0.8520452876733895,Diagnostics & Research,Healthcare,LAB
2020Q2,2020,Q2,2020-08-07,2020-06-30,-13015000.0,26058000.0,-13726000.0,-0.18,15338000.0,0.5886100238,282348000.0,132719000.0,78450000.0,38348000.0,149629000.0,18900000.0,-652736000.0,284373160.0,336730160.0,1.8714958542500988,2.045739021591739,0.3376046580815164,0.7182242180848258,-0.046839034440518554,1.8714958542500988,-0.09806433140695756,10.913084657302939,-5.46241183250096,2.142671056894642,0.0,0.5671957671957671,0.0,0.09229036508138892,1.4441170334828413,-0.04609559833963761,-82.88346254736229,0.588610023793077,0.21739130434782614,0.6530501520285257,-0.6301758280936475,-0.5953617399433586,-0.06771213226355459,0.1855444305381727,0.08138134118591889,0.6819573622447799,-0.549079208795761,1.2942379724741988,Diagnostics & Research,Healthcare,LAB
2020Q1,2020,Q1,2020-05-11,2020-03-31,-15980000.0,27617000.0,-14942000.0,-0.23,16452000.0,0.5957200275,290219000.0,141496000.0,82433000.0,35364000.0,148723000.0,16294000.0,-639721000.0,178963320.0,238687320.0,2.008231854438105,2.330986313765411,0.32636043815187843,0.6693899474190083,-0.051739019988518715,2.008231854438105,-0.11293605472946232,6.480186841438244,-2.799801627033792,1.264794199129304,0.0,0.6852215539462378,0.0,0.09515917290046483,1.7785035629453683,-0.05506186707279675,-33.60813521126761,0.5957200275192815,-0.2777777777777779,0.5947151372989251,-0.5825346496624432,-0.5986722327213609,-0.0802772808586762,-0.2597556168703193,-0.6274915586537414,0.6144949818571913,-0.5511441820971845,0.5250419757399619,Diagnostics & Research,Healthcare,LAB
2019Q4,2019,Q4,2020-02-27,2019-12-31,-12685000.0,32440000.0,-9181000.0,-0.18,17888000.0,0.5514180025,264812000.0,153612000.0,96096000.0,32821000.0,111200000.0,13884000.0,-623641000.0,242576880.0,280892880.0,2.203712736349812,2.9278815392584017,0.22648898086189448,0.3904447569200323,-0.042979678163282124,2.203712736349812,-0.08257818399604197,7.477709001233046,-4.780782026014979,1.5791531911569407,0.0,1.0481129357533852,0.0,0.12250200141987523,2.3649492702842694,-0.04790190776853013,-40.30185745140389,0.5514180024660913,0.05263157894736847,0.5306368947260197,-0.6077524322454612,-0.5864604909689192,0.2742555919646673,0.01567471094901839,0.3354806022003474,0.7002227595697849,-0.4591618121851576,0.20677831377779524,Diagnostics & Research,Healthcare,LAB
2019Q3,2019,Q3,2019-11-08,2019-09-30,-12887000.0,26496000.0,-13816000.0,-0.19,14038000.0,0.5298158213,269394000.0,162605000.0,96554000.0,33366000.0,106789000.0,14998000.0,-610956000.0,321641470.0,352430470.0,2.3406843340194907,2.8937840915902417,0.2103795927155022,0.34854401771163246,-0.056027197466791225,2.3406843340194907,-0.07925340549183604,12.139246301328502,-6.239649840924963,1.9780539958795855,0.0,0.8306440858781171,0.0,0.09835408360987995,2.300995024875622,-0.04783699711203664,-54.57099932134374,0.5298158212560387,0.050000000000000044,0.6221921796473072,-0.6385412316281562,-0.5746619680959051,-0.08624617587710734,0.06296807969170364,0.05602623667668762,0.7274996749688398,-0.5003769269322369,0.0010203158008087049,Diagnostics & Research,Healthcare,LAB
2019Q2,2019,Q2,2019-08-07,2019-06-30,-13753000.0,28196000.0,-14636000.0,-0.2,15363000.0,0.5448645198,283793000.0,172640000.0,106779000.0,37320000.0,111153000.0,14269000.0,-598069000.0,834045480.0,867994480.0,2.496312791000318,2.8611736334405147,0.20435669660632927,0.3359302594995366,-0.056587605046270084,2.496312791000318,-0.07966288229842447,29.580276634983687,-15.161155384279793,4.831125347544022,0.0,0.8993622538369893,0.0,0.09935410669043987,2.3612808145766344,-0.048461378539992175,-153.5429823269514,0.5448645197900411,0.5454545454545454,0.5615657878485811,-0.5870827479897961,-0.5686916463586266,-0.09576221306650971,0.45992538778715886,-0.030268900464592425,0.6908253566632103,-0.581064065303083,-0.14253681972475538,Diagnostics & Research,Healthcare,LAB
2019Q1,2019,Q1,2019-05-07,2019-03-31,-25465000.0,30111000.0,-14206000.0,-0.44,16990000.0,0.5642456245,291447000.0,182245000.0,111478000.0,34182000.0,109202000.0,13754000.0,-584316000.0,773361640.0,766413640.0,3.120045881768845,3.261307120706805,0.20136079630258674,0.3220170649400532,-0.05695501060602538,3.120045881768845,-0.13972948503388297,25.68369167413902,-7.592397800903201,4.243527339570359,0.0,0.9539770248654936,0.0,0.10331552563587891,2.762916154701305,-0.08737437681636799,-37.91731908217297,0.5642456245225997,-0.22222222222222227,0.23917291573956603,-0.4609310512130513,-0.49872344894564374,-0.09680506086864069,-0.7235194585448392,-0.2777477963662529,0.36717044475392346,-0.48698615692649017,-0.09015342670020138,Diagnostics & Research,Healthcare,LAB
2018Q4,2018,Q4,2019-03-18,2018-12-31,-14775000.0,32325000.0,-11118000.0,-0.36,18811000.0,0.581933488,303647000.0,72116000.0,127106000.0,37582000.0,231531000.0,13003000.0,-558851000.0,357635179.99999994,434292179.99999994,1.7381956663211935,3.3820978127827153,0.5666382345289103,2.3858505740751013,-0.044805301589398175,1.7381956663211935,-0.20487825170558543,11.063733333333332,-6.05135668358714,4.959165511120972,0.0,1.0392986233946013,0.0,0.10645585169621304,2.9815337129476878,-0.048658475137248185,-543.5185106382978,0.5819334880123743,0.05263157894736847,-0.9708086540971935,-0.04125547928484293,-0.5367587938875779,0.1889141701428391,-0.001694915254237288,0.043859649122807015,0.20328891758539475,-0.2692908246591211,-0.5641236217812504,Diagnostics & Research,Healthcare,LAB
2018Q3,2018,Q3,2018-11-06,2018-09-30,-14750000.0,28963000.0,-11628000.0,-0.38,15822000.0,0.5462831889,252290000.0,22412000.0,71860000.0,38865000.0,229878000.0,15424000.0,-544075000.0,296224250.0,429740250.0,0.5712246718491143,1.8489643638234916,0.6712315192833643,7.555996787435302,-0.05759361793686748,0.5712246718491143,-0.6581295734427985,10.227678417291026,-5.0207500000000005,13.217216223451722,0.0,0.8519839211618258,0.0,0.11480042807879821,1.3947767914576097,-0.05846446549605613,-69.50357813233224,0.5462831888961779,0.09523809523809519,-1.239675249720194,0.03073322739510488,-0.8496510661465047,0.16440977332940832,0.09180469182932086,0.09049667579194369,-0.1663910017789104,-0.2588432577641892,-0.8676564207898682,Diagnostics & Research,Healthcare,LAB
2018Q2,2018,Q2,2018-08-08,2018-06-30,-16241000.0,26428000.0,-12785000.0,-0.42,13588000.0,0.5141516573,259103000.0,34833000.0,75247000.0,36650000.0,224270000.0,15251000.0,-529325000.0,232457880.0,359791880.0,0.8930851472963618,2.0531241473397,0.6435973338788049,4.787356816811644,-0.06263375969127585,0.8930851472963618,-0.46625326558148883,8.795893749054034,-3.578256880733945,6.673495822926536,0.0,0.8419120057701134,0.0,0.10199804710867878,1.5632742155525239,-0.06268163626048329,-52.83133636363636,0.5141516573331315,-0.23529411764705868,-1.618527823043233,-0.01373601432172873,-0.7690423804171231,0.011915400655347037,-0.22601343700460483,-0.012031979735613077,0.2128064739410861,-0.3180308482374867,-0.806905038414188,Diagnostics & Research,Healthcare,LAB
2018Q1,2018,Q1,2018-05-08,2018-03-31,-13247000.0,25248000.0,-12633000.0,-0.34,13428000.0,0.5318441065,269702000.0,48574000.0,81001000.0,33704000.0,221128000.0,15253000.0,-513084000.0,226919040.0,349103040.0,1.2501029442042413,2.40330524566817,0.6086569621285716,3.3795034380532796,-0.054516624931235,1.2501029442042413,-0.2727179149339153,8.987604562737642,-4.282460934551219,4.671615267427018,0.0,0.7749295220612339,0.0,0.0936144337083151,1.8846724424400665,-0.049117173769567896,-13.961671076109026,0.5318441064638784,-0.25925925925925924,-1.4234414737412266,0.12843777867442277,-0.6848398134552808,-0.06005879882402352,-0.2668069235918524,-0.44625071551230683,0.3907811038666117,-0.3079409739523857,-0.750177738513009,Diagnostics & Research,Healthcare,LAB
2017Q4,2017,Q4,2018-03-08,2017-12-31,-10457000.0,27744000.0,-8735000.0,-0.27,14286000.0,0.5149221453,287351000.0,30935000.0,94801000.0,33474000.0,256416000.0,15088000.0,-500196000.0,227966560.0,365148560.0,0.7992713931376602,2.832078628189042,0.6794408232440465,6.311233230968159,-0.03891487075047447,0.7992713931376602,-0.3380313560691773,8.216787773933103,-5.4500946734245,7.369211572652335,0.0,0.8919671261930011,0.0,0.09655090812281844,2.335693373961881,-0.036391033961948975,526.481662817552,0.5149221453287197,0.41304347826086957,-0.8773000634207399,0.14571169695305217,-0.801264050911021,0.17261758187638512,0.34414199698946313,0.4401358800153826,0.3031490509050245,-0.395824930803726,-0.8500120755084348,Diagnostics & Research,Healthcare,LAB
2017Q3,2017,Q3,2017-11-07,2017-09-30,-15944000.0,24747000.0,-15602000.0,-0.46,12183000.0,0.4923020972,291996000.0,39070000.0,96166000.0,31884000.0,252926000.0,17746000.0,-489738000.0,173945520.0,308167520.0,1.1320372033726422,3.016120938401706,0.6683858682995657,4.995290504223189,-0.06367279401616922,1.1320372033726422,-0.4080880470949578,7.028953812583343,-2.727444806823884,4.452150499104172,0.0,0.7079905330778767,0.0,0.08475116097480788,2.3869652490277256,-0.05460348771900985,-20.380260105448155,0.49230209722390594,0.20689655172413784,-1.508350404055951,0.264654836997579,-0.7514037082688041,0.01958322872206879,0.058406661548455675,0.053678655910717535,0.05914058258507,-0.32046889108048093,-0.7942915799765736,Diagnostics & Research,Healthcare,LAB
2017Q2,2017,Q2,2017-08-08,2017-06-30,-16933000.0,23912000.0,-16487000.0,-0.58,11949000.0,0.49970726,278709000.0,23937000.0,79125000.0,34324000.0,254772000.0,18765000.0,-473795000.0,118549760.0,274046760.0,0.8157374591057798,2.305238317212446,0.6999917476651274,8.15031123365501,-0.07176736464882322,0.8157374591057798,-0.7073985879600618,4.957751756440281,-1.7502769739561803,4.952573839662447,0.0,0.6375166533439914,0.0,0.08579557890129132,1.6224798974478498,-0.060755124520557285,-14.059506641366223,0.4997072599531616,0.0169491525423729,-1.588416280542685,0.2929415843055133,-0.6574302870018572,-0.11906517251548215,0.01563771654458784,0.05981979927007299,-0.2722252552454581,-0.17469487907840608,-0.8590583753130053,Diagnostics & Research,Healthcare,LAB
2017Q1,2017,Q1,2017-05-09,2017-03-31,-17202000.0,25533000.0,-17536000.0,-0.59,13564000.0,0.5312340892,292468000.0,38503000.0,86112000.0,31289000.0,253965000.0,19715000.0,-456862000.0,166369910.0,317294910.0,1.3168371011320497,2.752149317651571,0.6668148310242488,5.065111809469392,-0.06805094027460087,1.3168371011320497,-0.44677038152871207,6.515877883523284,-2.417886146959656,4.320959665480612,0.0,0.6071011919857976,0.0,0.08730185866487958,2.0668925181373647,-0.058816691056799375,-18.123083877995644,0.531234089217875,0.03278688524590167,-0.7934642547724436,0.6271439622270867,-0.4825315842520517,-0.020296135789093537,0.027915913200723327,0.009041591320072333,-0.026723147713616734,-0.08682690133037223,-0.7884327393346983,Diagnostics & Research,Healthcare,LAB
2016Q4,2016,Q4,2017-03-03,2016-12-31,-17696000.0,25084000.0,-17696000.0,-0.61,13845000.0,0.5519454632,306395000.0,53233000.0,96671000.0,29500000.0,253162000.0,20114000.0,-439477000.0,212219280.0,372125280.0,1.826112311756029,3.276983050847458,0.6362734378824719,3.6622208028854284,-0.0637413024486709,1.826112311756029,-0.3324253752371649,8.46034444267262,-2.9981250000000004,3.9866113125317004,0.0,0.5587650392761261,0.0,0.08186817670001142,2.5098305084745762,-0.057755511676104376,-18.591264126149802,0.5519454632435018,0.10294117647058831,-2.5811679378002923,0.3503179689744231,-0.34545346000751437,0.16422805247225025,0.10576582950123806,0.04257966780284586,-2.3594763688321785,0.058865170765300096,-0.5133283978408617,Diagnostics & Research,Healthcare,LAB
2016Q3,2016,Q3,2016-11-09,2016-09-30,-19789000.0,22191000.0,-18483000.0,-0.68,11892000.0,0.5358929296,320421000.0,67972000.0,108087000.0,27915000.0,252449000.0,20838000.0,-421781000.0,232842690.0,395417690.0,2.3382985310812208,3.8720042987641055,0.6082029579834031,2.8670776201965515,-0.06923577087800134,2.3382985310812208,-0.29113458482904725,10.492663241854807,-2.9415671585224112,3.4255677337727297,0.0,0.494241289951051,0.0,0.06925576039023659,3.012072362529106,-0.061759372825126946,-15.585186746987953,0.5358929295660403,-0.06250000000000006,-2.04544747738079,0.4468109754247004,-0.20613833914603172,-0.2416299980868567,-0.06295321480367407,-0.018796163598280232,-3.0556497696672182,0.06591646488434326,-0.38454918265134325,Diagnostics & Research,Healthcare,LAB
2016Q2,2016,Q2,2016-08-09,2016-06-30,-18617000.0,28168000.0,-18142000.0,-0.64,15681000.0,0.556695541,342034000.0,84264000.0,127044000.0,32315000.0,257770000.0,18180000.0,-401993000.0,261364319.99999997,420277320.0,2.9112769485903813,3.931425034813554,0.5695661834788355,2.311912560524067,-0.061624663070418736,2.9112769485903813,-0.22093658027152757,9.278767395626241,-3.509753451146801,3.101731700370265,0.0,0.6868536853685369,0.0,0.08235438582129262,3.258393934705245,-0.054430261319050155,-29.459458972046885,0.5566955410394774,0.07246376811594193,-0.7879308760877555,0.8380732233520577,-0.06664381593623524,-0.07856387354565754,0.06371957352645342,0.03852880385818008,-3.0447677424789052,0.4165253537802976,-0.24712487266366753,Diagnostics & Research,Healthcare,LAB
2016Q1,2016,Q1,2016-05-09,2016-03-31,-19884000.0,29003000.0,-18869000.0,-0.69,17018000.0,0.5867668862,354435000.0,98977000.0,137804000.0,30520000.0,255458000.0,19570000.0,-383375000.0,232924410.0,384812410.0,3.429200013858573,4.515203145478375,0.5494434804689153,1.9675480162057852,-0.061870649481212965,3.429200013858573,-0.20089515746082423,8.031045409095611,-2.9285406608328306,2.353318548753751,0.0,0.612416964741952,0.0,0.0818288261599447,3.763499344692005,-0.05610055440348724,-26.065847135183528,0.5867668861841878,-0.5333333333333332,-0.009612246355460126,0.2425160726564185,-0.463699708432804,-0.06149010092097281,-0.5439086885627766,-0.37810400233713115,-3.8970594369171137,0.7450592595238449,-0.13547334555333287,Diagnostics & Research,Healthcare,LAB
2015Q4,2015,Q4,2016-02-29,2015-12-31,-12879000.0,30722000.0,-13692000.0,-0.45,18133000.0,0.5902285007,371061000.0,114901000.0,144095000.0,30081000.0,256160000.0,17924000.0,-363492000.0,311468530.0,478035530.0,3.987817998819977,4.7902330374655095,0.5273634254206182,1.703066117788357,-0.043397150579844786,3.987817998819977,-0.11208779732117213,10.138289499381552,-6.046054235577297,2.7107556070008094,0.0,0.7023543851818791,0.0,0.08279501214086094,4.003490575446295,-0.03470857891290111,-25.314412386215864,0.5902285007486492,-0.40625,-0.5616909034116545,0.10733986347268712,1.2267044186317382,0.05344797536745483,-0.38947027726831374,-0.1614216642632963,-2.1058187092541227,0.7042100723674137,-0.008443437868539893,Diagnostics & Research,Healthcare,LAB
2015Q3,2015,Q3,2015-11-09,2015-09-30,-9269000.0,28643000.0,-11789000.0,-0.32,17213000.0,0.6009496212,378487000.0,124126000.0,145450000.0,27481000.0,254361000.0,19141000.0,-350613000.0,233227379.99999997,400036380.0,4.316225050420752,5.292747716604199,0.516863194772872,1.576027584873435,-0.03548339757985889,4.316225050420752,-0.07467412145722895,8.142561184233495,-6.290521631243931,1.8789567052833411,0.0,0.5971474844574474,0.0,0.07567763225685427,4.487391288526618,-0.02448961258907175,-17.961292260300343,0.6009496211988967,0.39622641509433965,0.8186289300101108,-0.7762350441271227,6.665603896411505,0.03362757461118117,0.3916382252559727,0.19578415990176684,-0.7500394294237436,0.7566772872376676,-0.05215346402472814,Diagnostics & Research,Healthcare,LAB
2015Q2,2015,Q2,2015-08-10,2015-06-30,-15236000.0,28618000.0,-14659000.0,-0.53,16653000.0,0.5819064924,389129000.0,133217000.0,143380000.0,28930000.0,255912000.0,18817000.0,-341344000.0,697032628.803,868856628.803,4.625108495642815,4.956100933287245,0.5025814061660786,1.4680483722047486,-0.04382019034045627,4.625108495642815,-0.11436978763971566,24.356441009259907,-11.437264190125362,5.232309906415848,0.0,0.6358611893500558,0.0,0.07354373485399443,4.207120636017974,-0.03915411084755955,-75.51816130043336,0.5819064924173597,0.05357142857142862,0.7955019513924102,-0.7692840509843958,0.0,0.03544114903935833,0.04362563555332371,-0.04699664309692165,-1.3727542936984825,0.5764633208549065,0.9423186617842599,Diagnostics & Research,Healthcare,LAB
2015Q1,2015,Q1,2015-05-11,2015-03-31,-15931000.0,26729000.0,-14001000.0,-0.56,16083000.0,0.6017060122,395031000.0,142453000.0,155233000.0,24904000.0,252578000.0,17394000.0,-326108000.0,1198502743.064,1357032743.064,5.0039693691162,6.233255701895278,0.4949282461376449,1.3724667083178312,-0.03982016287688839,5.0039693691162,-0.11183337662246495,44.83904160514796,-18.80771362538447,8.41332048510035,0.0,0.6120501322295044,0.0,0.06766304416615405,5.460287504015419,-0.04032848054962775,-110.6752925536984,0.6017060121964907,-0.43589743589743596,0.8148558787254305,-0.7398274704101271,0.0,-0.2238308961922687,-0.45568347953216376,-0.4238787755517136,-0.7059345998433613,0.7494937805509208,0.9663754155026357,Diagnostics & Research,Healthcare,LAB
2014Q4,2014,Q4,2015-02-26,2014-12-31,-10944000.0,33490000.0,-9833000.0,-0.39,20721000.0,0.6187220066,407559000.0,150419000.0,155897000.0,29385000.0,257140000.0,15991000.0,-310177000.0,952096709.9999999,1113838710.0,5.328904949162149,5.305325846520334,0.4795747364185308,1.2994036657603096,-0.02629577929872831,5.328904949162149,-0.07275676610002725,28.429283666766196,-21.7492852247807,6.329630631768593,0.0,0.7985116628103308,0.0,0.08217215176207616,4.685553854007146,-0.02685255386336702,-190.0772030345378,0.6187220065691251,0.20408163265306117,0.7895170504468709,-0.7103517708547709,1.0571198550296383,0.137641374766663,0.20638143582306018,0.24634015482486396,-1.2872540040919345,0.8618433442293665,0.9100776408811163,Diagnostics & Research,Healthcare,LAB
2014Q3,2014,Q3,2014-11-06,2014-09-30,-13790000.0,29635000.0,-13047000.0,-0.49,18214000.0,0.6146111017,410393000.0,154555000.0,132820000.0,27306000.0,255838000.0,16960000.0,-299233000.0,688082500.0,852542500.0,5.503115542104326,4.864132425108035,0.4761265421193831,1.2642683834233768,-0.035441842684016234,5.503115542104326,-0.08922390087671056,23.21857600809853,-12.474302030456853,4.452023551486526,0.0,0.6734080188679246,0.0,0.07221127066007461,4.108327840035157,-0.03360193765488203,-67.33364321362168,0.61461110173781,-0.08888888888888884,0.723698240653637,-0.7629375590729115,8.223551249884354,0.031837752096079766,-0.08736792304052989,-0.054132665427809645,-1.1965808613407578,0.999841223788568,0.8683296362959051,Diagnostics & Research,Healthcare,LAB
2014Q2,2014,Q2,2014-08-04,2014-06-30,-12682000.0,27607000.0,-12377000.0,-0.45,17652000.0,0.63940305,417746000.0,161826000.0,127434000.0,27306000.0,255920000.0,16357000.0,-285443000.0,822024000.0,973686000.0,5.787768240343348,4.666886398593715,0.46761189813906057,1.2071175212882974,-0.03182260318501239,5.787768240343348,-0.0783681237872777,29.775926395479406,-16.20454187036745,5.079678172852322,0.0,0.6086079354404842,0.0,0.06608561183111268,3.9578480919944337,-0.03035816022176155,-337.17145200984413,0.6394030499510993,0.2105263157894736,0.8246497011560998,-0.7707242562825011,0.0,0.037132784958871914,0.1772414687946023,-1.1038585755566888,-0.26081148688815126,0.8648649823120991,0.8555600770541427,Diagnostics & Research,Healthcare,LAB
2014Q1,2014,Q1,2014-05-12,2014-03-31,-15414000.0,25724000.0,-5883000.0,-0.57,17020000.0,0.6616389364,424723000.0,167431000.0,178813000.0,25736000.0,257292000.0,13426000.0,-272761000.0,1185483000.0,1279708000.0,6.224200743494424,6.947971712775878,0.45970903388796935,1.1661460541954596,-0.01424099345509481,6.224200743494424,-0.09206180456426827,46.084706888508784,-19.227374464772282,7.080427161039473,0.0,0.6482943542380456,0.0,0.06056653395271742,6.292236555797326,-0.036291889066521005,-95.91286407766991,0.6616389364018037,-2.1666666666666665,0.8104224436183395,-0.7350146241234936,0.0,0.13846153846153847,-2.3198363127288393,-0.3440712816997944,0.1602395839349274,0.18246088361880106,-0.02658326722890159,Diagnostics & Research,Healthcare,LAB
2013Q4,2013,Q4,2014-03-12,2013-12-31,-4643000.0,20881000.0,-4377000.0,-0.18,14950000.0,0.7159618792,116915000.0,96414000.0,104584000.0,17951000.0,20501000.0,8148000.0,-257347000.0,983604574.305,948343574.305,3.752247518972563,5.826082112417136,0.0,0.0,-0.04581238437493038,3.752247518972563,-0.04815690667330471,47.10524277117954,-52.96169364123411,10.201885351764265,0.0,0.7279086892488954,0.0,0.1785998374887739,5.286390730321431,-0.03971261172646795,847.9349778491379,0.7159618792203438,-0.058823529411764594,0.0,0.0,0.0,0.13696859076735873,-0.08329444703686421,-0.10754048582995951,0.368677193766381,-0.15603856817179654,1.2133124161139677,Diagnostics & Research,Healthcare,LAB
2013Q3,2013,Q3,2013-11-07,2013-09-30,-4286000.0,18287000.0,-3952000.0,-0.17,13149000.0,0.7190353803,114241000.0,97012000.0,86658000.0,15043000.0,17229000.0,8021000.0,-252704000.0,560215985.5339999,540116985.5339999,3.799326388344952,5.7606860333710035,0.0,0.0,-0.041140377204129906,3.799326388344952,-0.04418010143075084,30.634657709520418,-32.677087350326644,5.774708134395745,0.0,0.6405685076673732,0.0,0.16007387890512162,5.058299541314898,-0.03751717859612574,-301.84050944719826,0.719035380324821,-0.06250000000000006,0.9055445274730572,-0.8391000684625166,5.987107515964181,0.04324024119327198,-0.05931784478497281,0.009523809523809525,0.9055445274730572,-0.8391000684625166,5.987107515964181,Diagnostics & Research,Healthcare,LAB
2013Q2,2013,Q2,2013-08-07,2013-06-30,-4046000.0,17480000.0,-3990000.0,-0.16,12604000.0,0.7210526316,111965000.0,98385000.0,80542000.0,11626000.0,13580000.0,7233000.0,-248418000.0,432531000.0,400241000.0,3.8668789057894117,6.927748150696714,0.0,0.0,-0.04070587419219301,3.8668789057894117,-0.04112415510494486,24.74433638443936,-26.725840336134453,4.396310413172739,0.0,0.6741324484999309,0.0,0.156120216138972,6.129795286426974,-0.036136292591434825,-108.15978994748687,0.7210526315789474,-0.14285714285714277,0.0,0.0,0.0,0.22654729466718568,-0.13939735285834975,0.21255180580224986,0.9385228835306066,-0.8404674992364762,0.0,Diagnostics & Research,Healthcare,LAB
2013Q1,2013,Q1,2013-05-09,2013-03-31,-3551000.0,14535000.0,-5067000.0,-0.14,10276000.0,0.7069831441,113237000.0,100124000.0,98557000.0,11537000.0,13113000.0,7371000.0,-244373000.0,464957640.00000006,403142640.00000006,3.966563663735045,8.542688740573807,0.0,0.0,-0.05115466386155974,3.966563663735045,-0.03546602213255563,31.988829721362233,-32.73427485215433,4.643818065598658,0.0,0.5778049111382445,0.0,0.12835910523945354,7.768570685620179,-0.031359008098059825,-293.9049557522124,0.706983144134847,0.0,0.9534573875991513,-0.8404389228763485,0.0,-0.09254680324973508,0.014158800666296502,-0.4506155167477813,0.9534573875991513,-0.8404389228763485,0.0,Diagnostics & Research,Healthcare,LAB
2012Q4,2012,Q4,2013-03-12,2012-12-31,-3602000.0,15659000.0,-3493000.0,-0.14,11324000.0,0.7231623986,113732000.0,100657000.0,101211000.0,11597000.0,13075000.0,7169000.0,-240821000.0,358150680.0,299501680.0,4.021775611315327,8.727343278434077,0.0,0.0,-0.0350425097075767,4.021775611315327,-0.035784893251338705,22.87187432147647,-24.857765130483067,3.558129886644744,0.0,0.6046868461431162,0.0,0.13768332571307987,8.011640941622833,-0.03167094573207189,-84.03347724073205,0.7231623986206016,0.22222222222222213,0.0,0.0,0.0,0.22236614853195164,0.13246628131021196,0.10642107955998976,0.9218690469241544,-0.8472580498638587,1.0431089017484136,Diagnostics & Research,Healthcare,LAB
2012Q3,2012,Q3,2012-11-09,2012-09-30,-4152000.0,12782000.0,-3909000.0,-0.18,9264000.0,0.7247692067,117095000.0,102659000.0,105544000.0,13125000.0,14436000.0,7219000.0,-237219000.0,385502400.00000006,321366400.00000006,4.553717175301633,8.041447619047618,0.016012639309961996,0.018264350909321152,-0.03795211355237146,4.553717175301633,-0.04044457865360076,30.15978720075106,-23.21184971098266,3.7551739253255927,0.0,0.48732511428175646,0.0,0.10915922968529826,7.376152380952381,-0.035458388487979844,-103.68542227003768,0.7247692066969176,0.18181818181818185,0.8963617236614998,-0.8726203398321712,6.977343041700279,0.026823320771447574,0.09344978165938865,0.10875512995896033,0.8963617236614998,-0.8726203398321712,6.977343041700279,Diagnostics & Research,Healthcare,LAB
2012Q2,2012,Q2,2012-08-14,2012-06-30,-4580000.0,12948000.0,-4386000.0,-0.22,9022000.0,0.6967871486,64932000.0,48920000.0,55697000.0,14766000.0,16012000.0,6610000.0,-233067000.0,308981760.0,303830760.0,2.3812305295950154,3.771976161451984,0.0724296186780016,0.09613654946852003,-0.08181112304531978,2.3812305295950154,-0.09362224039247752,23.863280815569972,-16.865816593886464,6.3160621422731,0.0,0.5939485627836611,0.0,0.1994086120864905,3.2157659488013004,-0.07053532926754143,-63.81283767038414,0.6967871485943775,0.33333333333333337,0.0,0.0,0.0,0.21935396675226382,0.3153961136023916,0.3019258316091039,0.9138140644605756,-0.8536496561870602,0.0,Diagnostics & Research,Healthcare,LAB
2012Q1,2012,Q1,2012-05-15,2012-03-31,-6690000.0,10945000.0,-6283000.0,-0.33,7399000.0,0.6760164459,70666000.0,51898000.0,56655000.0,17743000.0,18768000.0,6444000.0,-228487000.0,320797620.0,318644620.0,2.5447680690399137,3.1930902327678523,0.08976028075736564,0.12222050946086555,-0.10851190963416076,2.5447680690399137,-0.12890670160699835,29.30996984924623,-11.987952914798207,6.181309877066554,0.0,0.5502793296089385,0.0,0.15488353663713808,2.7414755114693117,-0.09467070444060793,-45.56784375,0.6760164458656921,-0.9411764705882353,0.8914705632375536,-0.8512869651311685,0.0,-0.17679127725856697,-0.9352039340468614,-1.1090970124202753,0.8914705632375536,-0.8512869651311685,0.0,Diagnostics & Research,Healthcare,LAB
2011Q4,2011,Q4,2012-03-26,2011-12-31,-3457000.0,12996000.0,-2979000.0,-0.17,8988000.0,0.6915974146,79326000.0,56897000.0,70033000.0,20171000.0,22429000.0,5970000.0,-221797000.0,268385040.0,264970040.0,2.7898891830930665,3.4719647017996134,0.12780172957164107,0.17818162644779162,-0.044907119093637295,2.7898891830930665,-0.060758915232789076,20.65135734072022,-19.408811107897023,4.7170332354957205,0.0,0.671356783919598,0.0,0.16383027002496028,3.109414505973923,-0.04357965862390641,-91.47411042944785,0.6915974145891043,0.2272727272727272,0.0,0.0,0.0,0.23275270881909202,0.2298952996212965,0.2653514180024661,0.0,0.0,0.0,Diagnostics & Research,Healthcare,LAB
2011Q3,2011,Q3,2011-11-14,2011-09-30,-4489000.0,10596000.0,-4055000.0,-0.22,7291000.0,0.6880898452,82602000.0,59151000.0,76032000.0,19662000.0,23451000.0,5836000.0,-218340000.0,279742260.0,279451260.0,2.9454735584105167,3.8669514800122062,0.14031137260599016,0.19593920643776097,-0.05757831012451388,2.9454735584105167,-0.07589051748913797,26.400741789354473,-15.579319447538428,4.729290460009129,0.0,0.5663125428375599,0.0,0.12827776567153337,3.4531583765639304,-0.05434493111546936,-105.0872501878287,0.688089845224613,0.38888888888888884,0.8742127985319362,-0.8814593688202961,4.866315188472604,-0.0420444094074366,0.37531310882271085,-0.10974274767378216,0.8742127985319362,-0.8814593688202961,4.866315188472604,Diagnostics & Research,Healthcare,LAB
2011Q2,2011,Q2,2011-08-09,2011-06-30,-7186000.0,10576000.0,-3654000.0,-0.36,7611000.0,0.7196482602,85655000.0,62305000.0,80989000.0,17759000.0,23350000.0,4850000.0,-213851000.0,334980750.0,337857750.0,3.119148936170213,4.560448223436004,0.15184169050259763,0.20874729154963487,-0.048941066693826606,3.119148936170213,-0.11533584784527727,31.6736715204236,-11.653936473698858,5.376466575716234,0.0,0.6113402061855671,0.0,0.1234720681804915,4.204459710569289,-0.08389469382989902,-27.518339768339768,0.7196482602118003,0.4705882352941177,0.0,0.0,0.0,0.3158713692946058,0.020714091032979012,0.25092250922509224,0.0,0.0,0.0,Diagnostics & Research,Healthcare,LAB
2011Q1,2011,Q1,2011-05-12,2011-03-31,-7338000.0,8697000.0,-4878000.0,-0.68,5784000.0,0.6650569162,94718000.0,68763000.0,90843000.0,18545000.0,25955000.0,4653000.0,-206665000.0,153889740.0,112396740.0,6.3941789101729585,4.89851712051766,0.15137566249287357,0.20851329930340445,-0.059086154420747265,6.3941789101729585,-0.10671436673792592,17.694577440496722,-5.2429047424366315,2.237973037825575,0.0,0.6260477111540941,0.0,0.09181992863024979,4.591911566459962,-0.07747207500158365,-106.20409937888199,0.6650569161779925,-1.3448275862068968,0.774248044138615,-0.7759034742311766,0.0,-0.14602096559870073,-1.3840155945419104,-1.4268656716417911,0.774248044138615,-0.7759034742311766,0.0,Diagnostics & Research,Healthcare,LAB
2010Q4,2010,Q4,2011-03-28,2010-12-31,-3078000.0,10355000.0,-2010000.0,-0.29,6773000.0,0.6540801545,24801000.0,-189167000.0,20881000.0,18512000.0,213968000.0,4893000.0,-199327000.0,150771080.0,162873080.0,-17.59038497303329,1.1279710458081245,0.7187210193137373,-0.09422890884773771,0.011510291498609413,-17.59038497303329,0.016271336966807107,14.560220183486239,-12.245864197530866,-0.7970263312311343,0.0,0.7320662170447578,0.0,0.41752348695617114,0.7467048401037165,-0.12410789887504536,-56.46856928838951,0.6540801545147272,0.8370786516853932,0.0,0.0,0.0,0.1265801729873586,0.0893491124260355,0.3514036786060019,0.0,0.0,0.0,Diagnostics & Research,Healthcare,LAB
2010Q3,2010,Q3,2010-09-30,2010-09-30,-3380000.0,8466000.0,-3099000.0,-1.78,6012000.0,0.7101346563,22090000.0,-1449000.0,18260000.0,11443000.0,23539000.0,5568000.0,-196249000.0,26666040.0,36193040.0,-0.7618296529968455,1.595735384077602,0.6613852421910367,-10.082815734989648,-0.2345662515600341,-0.7618296529968455,2.33264320220842,3.1497802976612332,-1.9723402366863905,-18.403064182194615,0.0,0.44073275862068967,0.0,0.38325033952014487,1.0459669667045355,-0.1530104119511091,-7.2226543878656555,0.7101346562721474,0.31274131274131267,0.0,0.0,0.0,0.17353113410111262,0.29860967005602823,0.2666824420255561,0.0,0.0,0.0,Diagnostics & Research,Healthcare,LAB
2010Q2,2010,Q2,2010-06-30,2010-06-30,-4819000.0,8023000.0,-4226000.0,-2.59,5123000.0,0.6385391998,,,,,,,,26119260.0,,,0.0,0.0,0.0,0.0,,0.0,3.255547800074785,-1.3550145258352355,0.0,0.0,0.0,0.0,0.0,0.0,0.0,-7.743628817076786,0.6385391998005734,0.14238410596026496,0.0,0.0,0.0,0.2584131662982068,0.14328888888888888,0.19320351279114165,0.0,0.0,0.0,Diagnostics & Research,Healthcare,LAB
2010Q1,2010,Q1,2010-03-31,2010-03-31,-5625000.0,6716000.0,-5238000.0,-3.02,4071000.0,0.6061643836,,,,,,,,26091220.0,,,0.0,0.0,0.0,0.0,,0.0,3.8849344848123883,-1.1596097777777776,0.0,0.0,0.0,0.0,0.0,0.0,0.0,-7.87778381642512,0.6061643835616438,-0.6413043478260869,0.0,0.0,0.0,-0.10350143140277472,-0.6408984830805134,-0.3831528914708212,0.0,0.0,0.0,Diagnostics & Research,Healthcare,LAB
2009Q4,2009,Q4,2009-12-31,2009-12-31,-3428000.0,7623000.0,-3787000.0,-1.84,4541000.0,0.5956972321,32153000.0,-173619000.0,28483000.0,7129000.0,205772000.0,3945000.0,-182425000.0,26091220.0,25950220.0,-93.29339065018807,3.99537101977837,0.449755854819146,-0.08329157523082151,0.023431690483464548,-93.29339065018807,0.019744382815244876,3.422697100878919,-1.9028019253208868,-0.1502785985404823,0.0,0.7812420785804817,0.0,0.23708518645227505,3.2672184037031844,-0.10661524585575219,-4.943391436150057,0.5956972320608684,0.0,0.0,0.0,0.0,0.0,0.0,0.0,0.0,0.0,0.0,Diagnostics & Research,Healthcare,LAB
2008Q4,2008,Q4,2008-12-31,2008-12-31,,,,,,,32354000.0,-158339000.0,29225000.0,8521000.0,190693000.0,5456000.0,-163297000.0,0.0,-2584000.0,0.0,3.42976176505105,0.47017370340607034,-0.09607235109480293,,0.0,,0.0,0.0,0.0,0.0,,,,2.640769862692172,,0.0,0.0,0.0,0.0,0.0,0.0,0.0,0.0,0.0,0.0,0.0,0.0,Diagnostics & Research,Healthcare,LAB
2008Q2,2008,Q2,2008-06-30,2008-06-30,,,,,,,49678000.0,-144908000.0,44395000.0,15751000.0,194586000.0,6980000.0,-149060000.0,0.0,-12408000.0,0.0,2.818551203098216,0.3333064938202021,-0.11426560300328484,,0.0,,0.0,0.0,0.0,0.0,,,,2.219795568535331,,0.0,0.0,0.0,0.0,0.0,0.0,0.0,0.0,0.0,0.0,0.0,0.0,Diagnostics & Research,Healthcare,LAB
2007Q4,2007,Q4,2007-12-31,2007-12-31,,,,,,,54776000.0,-130331000.0,50329000.0,11575000.0,185107000.0,5498000.0,-133798000.0,0.0,-19718000.0,0.0,4.348077753779697,0.2621403534394625,-0.11017332791124138,,0.0,,0.0,0.0,0.0,0.0,,,,3.651231101511879,,0.0,0.0,0.0,0.0,0.0,0.0,0.0,0.0,0.0,0.0,0.0,0.0,Diagnostics & Research,Healthcare,LAB
