Quarters,Year,Quarter,FillingDate,Date,NetIncome,Revenue,OperatingIncome,EPSDiluted,GrossProfit,GrossProfitRatio,TotalAssets,CommonStockEquity,CurrentAssets,CurrentLiability,TotalLiability,Inventory,RetainedEarnings,MarketCap,EnterpriseValue,bookValuePerShare,currentRatio,debtToAssets,debtToEquity,roic,shareholdersEquityPerShare,roe,priceToSalesRatio,peRatio,pbRatio,payoutRatio,inventoryTurnover,dividendYield,assetTurnover,quickRatio,returnOnAssets,priceToFreeCashFlowsRatio,grossProfitMargin,epsdilutedGrowth,fiveYNetIncomeGrowthPerShare,fiveYRevenueGrowthPerShare,fiveYShareholdersEquityGrowthPerShare,grossProfitGrowth,netIncomeGrowth,operatingIncomeGrowth,threeYNetIncomeGrowthPerShare,threeYRevenueGrowthPerShare,threeYShareholdersEquityGrowthPerShare,Industry,Sector,Symbol
2024Q1,2024,Q1,2023-06-06,2023-04-30,70100000.0,597300000.0,121400000.0,1.45,507000000.0,0.8488196886,3694400000.0,359900000.0,207600000.0,409500000.0,3334500000.0,47900000.0,542400000.0,1702952900.0,4415652900.0,7.508867097851033,0.5069597069597069,0.7782048505846687,7.988330091692137,0.019474334347995823,7.508867097851033,0.19477632675743262,2.851084714548803,6.0732985021398,4.7317390941928315,0.0,1.88517745302714,0.0,0.16167713295799047,0.3235653235653236,0.018974664356864443,41.33380825242718,0.8488196885986942,0.8124999999999999,0.37737888914215806,0.4891517062694666,-0.31980639263767385,0.06354190921505573,0.7908236255875741,0.5722130128470784,2.0691009159412808,1.482152375311606,0.24072534633681264,Entertainment,Communication Services,PLAY
2023Q4,2023,Q4,2023-03-28,2023-01-29,39144000.0,563761000.0,77216000.0,0.8,476709000.0,0.8455870484,3760993000.0,410535000.0,293707000.0,438037000.0,3350458000.0,45421000.0,472266000.0,2008050172.1999998,4689587172.2,8.494672835445998,0.6705072859142036,0.761269164818972,6.974138623990647,0.01335839179597143,8.494672835445998,0.09534875223793343,3.5618820248296705,12.8247635154813,4.891300795790858,0.0,1.9165584201140442,0.0,0.14989684905023754,0.4728299207601184,0.010407889618512984,27.39532834281504,0.8455870484123591,19.0,-0.0780324981703571,0.5520553082762575,-0.18268341905846922,0.17720168612992684,19.40875912408759,1.5646339843231034,-0.008406059553663121,0.0276937529160908,0.5314125085853295,Entertainment,Communication Services,PLAY
2023Q3,2023,Q3,2022-12-06,2022-10-30,1918000.0,481206000.0,30108000.0,0.04,404951000.0,0.8415335636,3685090000.0,361016000.0,233605000.0,406242000.0,3324074000.0,45432000.0,433121000.0,1923005186.5,4689094186.5,7.481252625316308,0.5750390161529335,0.7799809502617304,7.961696988499125,0.00682588218738141,7.481252625316308,0.005312783920934252,3.9962203017003115,250.65239657194996,5.326648089004365,0.0,1.678442507483712,0.0,0.13058188538136112,0.3792394681002949,0.0005204757550019132,509.1356066984379,0.8415335635881515,-0.9322033898305084,-0.8657015648519153,0.6386125377461811,-0.2778546463913552,0.03087395595471752,-0.9340621562156216,-0.46685082872928174,1.5547191078891958,0.03202557876230506,0.5647732250801994,Entertainment,Communication Services,PLAY
2023Q2,2023,Q2,2022-09-07,2022-07-31,29088000.0,468359000.0,56472000.0,0.59,392823000.0,0.838722006,3650740000.0,356379000.0,214506000.0,407585000.0,3294361000.0,46977000.0,431203000.0,1852184067.27,4642400067.27,7.298116698479033,0.526285314719629,0.7917852271046418,8.111033478403609,0.00894901656859383,7.298116698479033,0.08162097093263071,3.9546246944544676,15.91879870797236,5.197231226503245,0.0,1.607935798369415,0.0,0.12829152445805508,0.33138609124477103,0.007967699699239059,75.25838313233919,0.8387220059825903,-0.562962962962963,-0.18641275183889527,0.4164210548535684,-0.28355195010439127,0.030815051957594205,-0.5657470440702257,-0.42791150012156576,-0.34813344305891536,-0.01448208544460379,0.03653986179678122,Entertainment,Communication Services,PLAY
2023Q1,2023,Q1,2022-06-07,2022-05-01,66984000.0,451101000.0,98712000.0,1.35,381080000.0,0.8447775554,2443100000.0,351742000.0,217140000.0,313078000.0,2091358000.0,41601000.0,402115000.0,2249266639.9,3889417639.9,7.240428640654201,0.6935651818396693,0.728268183864762,5.058343899790187,0.02177021828407124,7.240428640654201,0.19043503476980286,4.986170812966498,8.394790695912455,6.3946490322452245,0.0,1.6831566548881036,0.0,0.18464287176128688,0.497569295830432,0.02741762514837706,20.71968311486132,0.8447775553589995,1.5961538461538463,0.3540728558207842,0.2831072463467526,-0.3303592412356105,0.8072654842075311,1.6114619883040935,1.120604094609981,0.19640780502861835,-0.05944185534663475,-0.2595679821328197,Entertainment,Communication Services,PLAY
2022Q4,2022,Q4,2022-03-29,2022-01-30,25650000.0,343102000.0,46549000.0,0.52,210860000.0,0.6145694283,2345790000.0,275460000.0,145571000.0,311515000.0,2070330000.0,40319000.0,335131000.0,1732833227.73,3461302227.73,5.689360777617849,0.46730013000979087,0.7478840816952924,6.368906556305816,0.011190761152669627,5.689360777617849,0.09311696798083206,5.050490022588035,16.889212745906434,6.29068912992812,0.0,3.279892854485478,0.0,0.14626287945638783,0.2915782546586842,0.010934482626322049,30.947871619695672,0.6145694283332653,1.4761904761904765,-0.1827878139081662,0.10723930564216902,-0.45346024891237474,0.13141741071428573,1.423240434577232,1.2629557608167234,-0.311672499223639,-0.1831273472131829,-0.43895738460025596,Entertainment,Communication Services,PLAY
2022Q3,2022,Q3,2021-12-07,2021-10-31,10585000.0,317976000.0,20570000.0,0.21,186368000.0,0.5861071276,2350716000.0,246559000.0,146384000.0,290678000.0,2104157000.0,37256000.0,309481000.0,1842263981.2799997,3622599981.2799997,5.107135315896947,0.5035950433125314,0.7688470236302472,7.330257666522009,0.00784760041079251,5.107135315896947,0.04293090092026655,5.793720221903539,43.511194645252715,7.471899144951106,0.0,3.532531672750698,0.0,0.13526772268534354,0.3256214780616352,0.004502883376809448,-73.00721174922722,0.5861071275819558,-0.8037383177570094,-0.14252992435160836,0.21155899729399097,-0.4877710776722574,-0.22120817036071275,-0.7994125450066325,-0.740169515075726,-0.2807619255366633,-0.09207240277962471,-0.5329813299895017,Entertainment,Communication Services,PLAY
2022Q2,2022,Q2,2021-09-09,2021-08-01,52770000.0,377638000.0,79167000.0,1.07,239304000.0,0.6336862286104682,2384505000.0,229875000.0,195955000.0,308933000.0,2154630000.0,23811000.0,298896000.0,1589894163.0,3317646163.0,4.771308164114569,0.6342961095124185,0.7697836657922713,7.985004893964111,0.01898219599278706,4.771308164114569,0.22955954323001632,4.2101011100577805,7.532187620807278,6.916342199021207,0.0,5.809667800596363,0.0,0.1583716536555805,0.5160989599686664,0.022130379261104505,17.03409362946773,0.6336862286104682,1.675,1.1318765083515845,0.3432431452470444,-0.5127843202589293,0.3651891151805579,1.6875477463712758,1.1398799870256244,0.2761070444299054,-0.03355769206299551,-0.5741331659894855,Entertainment,Communication Services,PLAY
2022Q1,2022,Q1,2021-06-10,2021-04-30,19635000.0,265340000.0,36996000.0,0.4,175290000.0,0.6606241049219869,2317975000.0,178642000.0,111443000.0,279220000.0,2139333000.0,22812000.0,246126000.0,2177785890.2999997,4005114890.2999997,3.745452551754922,0.3991225556908531,0.7970245580733183,10.34181771363957,0.009817717996011397,3.745452551754922,0.10991256255527815,8.20752954812693,27.728366313980136,12.190783188164037,0.0,3.9474837804664213,0.0,0.11447060473042203,0.2699591719790846,0.008470755724285206,32.58353741640109,0.6606241049219869,1.3361344537815125,-0.44962556717504487,-0.11536989541785367,-0.5907458549878397,1.7260427358402537,1.3457779343136391,1.6845913288059067,-0.6123011914132971,-0.33522097236037857,-0.6607167433937247,Entertainment,Communication Services,PLAY
2021Q4,2021,Q4,2021-03-31,2021-01-31,-56785000.0,116821000.0,-54041000.0,-1.19,64302000.0,0.5504318572859331,2352824000.0,153232000.0,118871000.0,271636000.0,2199592000.0,23807000.0,226491000.0,1631809123.5,3530568123.5,3.2161825328831113,0.4376113622642065,0.8120666909212079,12.469001253001984,-0.01327299246301056,3.2161825328831113,-0.37058186279628275,13.96845707107455,-7.1841556903231485,10.649271193353869,0.0,2.206031839374974,0.0,0.049651397639602454,0.30170890456345995,-0.024134826914380337,-58.52554061760276,0.5504318572859331,-0.17821782178217815,-3.1577091797714023,-0.565041138678349,-0.614174174225238,0.01358764186633039,-0.18196199238182462,0.035722570169334264,-2.356684273692964,-0.6737670414857585,-0.6905543789171857,Entertainment,Communication Services,PLAY
2021Q3,2021,Q3,2020-12-10,2020-11-01,-48043000.0,109052000.0,-56043000.0,-1.01,63440000.0,0.5817408208927851,2385061000.0,206774000.0,92392000.0,287427000.0,2178287000.0,26732000.0,283276000.0,795625612.11,2678743612.11,4.342737950374452,0.3214450973638524,0.7930442869176092,9.147470184839486,-0.012054388609652095,4.342737950374452,-0.23234545929372163,7.295836959523897,-4.1401744900922095,3.847802973826497,0.0,1.7062696393835104,0.0,0.04572293958100023,0.1840989190298754,-0.020143300318105073,-29.071383079143526,0.5817408208927851,0.1854838709677419,-10.137699249606861,-0.5099591817883029,-0.44108610354543193,1.2343535378438348,0.18018156376915465,0.30909202983418604,-4.409355534827446,-0.6236441255354632,-0.5808070934283889,Entertainment,Communication Services,PLAY
2021Q2,2021,Q2,2020-09-10,2020-08-02,-58602000.0,50833000.0,-81115000.0,-1.24,28393000.0,0.5585544823244742,2619967000.0,250371000.0,292984000.0,313814000.0,2369596000.0,31189000.0,331319000.0,567225626.52,2427735626.52,5.31440523675584,0.9336231015824661,0.7957409387217472,8.32690287613182,-0.014494600723734348,5.31440523675584,-0.23406065398947962,11.158610086361222,-2.4198219622197192,2.2655404440610134,0.0,0.7194844336144154,0.0,0.01940215277520671,0.7906275691970402,-0.022367457300034695,-14.680132159734983,0.5585544823244742,0.09489051094890519,-5.0415050575328015,-0.7971954563740553,-0.296615206513369,-0.6773412729979431,-0.34581113356604815,-0.3208115545568528,-2.6989267494718394,-0.8406576603597832,-0.4782907117637301,Entertainment,Communication Services,PLAY
2021Q1,2021,Q1,2020-06-11,2020-05-03,-43544000.0,159806000.0,-61413000.0,-1.37,87997000.0,0.5506489118055643,2563351000.0,192635000.0,229792000.0,316695000.0,2370716000.0,34726000.0,389921000.0,358405631.09999996,2271252631.1,6.051997825320998,0.7255940257976918,0.8074118604904283,10.744049627533938,-0.011056340815966662,6.051997825320998,-0.22604407298777482,2.242754534247775,-2.057721104514973,1.8605426381498689,-0.11232316737093515,2.067874215285377,0.013646548981356114,0.06234261324336776,0.5686038617597373,-0.016987139100341702,-9.345405102865636,0.5506489118055643,-2.7125,-3.8166209549936085,-0.09282575121878328,-0.1400607217981031,-0.5694231051524197,-2.743014970778961,-2.632629732028924,-2.3434539740332094,-0.3062455753765256,-0.44027285994738924,Entertainment,Communication Services,PLAY
2020Q4,2020,Q4,2020-04-03,2020-02-02,24982000.0,347158000.0,37616000.0,0.8,204370000.0,0.588694484931933,2370139000.0,169650000.0,78977000.0,290865000.0,2200489000.0,34477000.0,433465000.0,1361309863.6,3252008863.6,5.546952756245349,0.27152459044573946,0.8081188487257498,11.290032419687591,0.00891227312102705,5.546952756245349,0.1472561155319776,3.921297690388814,13.622907129132974,8.024225544356026,0.19562084700984708,4.14154363778751,0.0035899247707471033,0.14647157824920817,0.09277843673181717,0.010540310083079516,85.32718212360535,0.588694484931933,39.0,1.226996930558969,1.190980318252518,-0.14298414549258673,0.19509727671966645,50.829875518672196,4.787967379596861,0.2599994061171981,0.773540433737278,-0.4671404579193338,Entertainment,Communication Services,PLAY
2020Q3,2020,Q3,2019-12-10,2019-11-03,482000.0,299352000.0,6499000.0,0.02,171007000.0,0.5712572489911543,2298187000.0,148121000.0,71609000.0,281383000.0,2150066000.0,32620000.0,413374000.0,1278271026.28,3132213026.2799997,4.781045908382584,0.25448943255278395,0.8157830498562563,12.65736796267916,0.0024835901460332228,4.781045908382584,0.0032540963131493846,4.270126895026591,663.0036443360996,8.62991085855483,0.0,3.934549356223176,0.0,0.1302557189645577,0.08442585372961409,0.000209730539768957,210.03467405192245,0.5712572489911543,-0.9777777777777777,1.117796810480407,1.0617603345701665,-0.3168497987951835,-0.16193169287769113,-0.9851032266040302,-0.8593716189899164,-0.9391549962429159,0.7773876694665299,-0.5204767757714743,Entertainment,Communication Services,PLAY
2020Q2,2020,Q2,2019-09-10,2019-08-04,32356000.0,344599000.0,46214000.0,0.9,204049000.0,0.5921346260436043,2234077000.0,249302000.0,78215000.0,256641000.0,1984775000.0,27409000.0,417779000.0,1356479139.15,3057868139.15,7.040845188363692,0.30476424265803204,0.7719998012602073,6.9181434565306335,0.011475449147695369,7.040845188363692,0.1297863635269673,3.936398942393913,10.480893336243666,5.441108130500357,0.1652861911237483,5.127877704403663,0.003942559708917584,0.15424669785329692,0.09697203486582424,0.014482938591642097,66.74929333480956,0.5921346260436043,-0.20353982300884946,3.5736835603961774,1.0971999966711845,0.851970898792907,-0.06820132977751799,-0.237659920363782,-0.19975757575757574,0.7786196430007527,0.6678088139397447,-0.2810336166922352,Entertainment,Communication Services,PLAY
2020Q1,2020,Q1,2019-06-11,2019-05-05,42443000.0,363582000.0,57750000.0,1.13,218984000.0,0.6022960432584672,2164891000.0,360125000.0,72973000.0,259070000.0,1804766000.0,29609000.0,390771000.0,2152945295.9,3680758295.9,9.778654172074173,0.2816729069363493,0.7151242256538551,4.298968413745228,0.015147282855886441,9.778654172074173,0.11785629989586949,5.921484825706443,12.681392078198998,5.9783277914612984,0.12932639068868837,4.883582694451012,0.002549530640863507,0.16794471407567402,0.08278457559732891,0.019605144092704897,116.4194720110312,0.6022960432584672,0.5066666666666665,2.9304072229284195,0.9806882986692983,0.0,0.1289871884102802,0.44187389590977033,0.4087427428404157,0.5407724609446098,0.5698799857444404,0.0684836337565414,Entertainment,Communication Services,PLAY
2019Q4,2019,Q4,2019-04-02,2019-02-03,29436000.0,331784000.0,40994000.0,0.75,193965000.0,0.5846122778675282,1273187000.0,387837000.0,91093000.0,244390000.0,885350000.0,27315000.0,353962000.0,1945936738.5600002,2317820738.5600004,10.140692741431357,0.3727362003355293,0.30904258368959153,1.0145215644716723,0.04142099134562532,10.140692741431357,0.07589786430897516,5.865071065994744,16.526844158173667,5.017408701490575,0.19459165647506454,5.0455427420831045,0.002943569483270427,0.2605932985492312,0.09601456688080527,0.023119934463672658,40.47710324617785,0.5846122778675282,1.5,5.168400958925513,0.978630344054401,1.6345677870397042,0.19660571513177377,1.4827935222672064,1.6495604963805583,0.3933660985496838,0.538898118065501,0.21651713199982245,Entertainment,Communication Services,PLAY
2019Q3,2019,Q3,2018-12-11,2018-11-04,11856000.0,282139000.0,15472000.0,0.3,162096000.0,0.5745253226246637,1278264000.0,425311000.0,102191000.0,228386000.0,852953000.0,27730000.0,330254000.0,2312535444.48,2675982444.48,10.935612736386195,0.4474486176911019,0.2997534155698666,0.9009031038463619,0.018672653208335246,10.935612736386195,0.027876071862707526,8.196440210250975,48.76297748987854,5.437281058989774,0.0,4.328993869455464,0.0,0.22072044585469042,0.09914793376126382,0.009275079326336344,465.48620057971016,0.5745253226246637,-0.6428571428571429,2.1727600458140417,0.9921927370642067,0.0,-0.14639592197834606,-0.6490127001983481,-0.6631395602003048,1.760665221248747,0.55213880309058,0.4074222286621735,Entertainment,Communication Services,PLAY
2019Q2,2019,Q2,2018-09-14,2018-08-05,33779000.0,319188000.0,45930000.0,0.84,189896000.0,0.5949346466659148,1254857000.0,440925000.0,102444000.0,216645000.0,813932000.0,24993000.0,324240000.0,1994123170.3500001,2333584170.3500004,11.203756158190913,0.47286574811327287,0.2883667222639711,0.8206815218007598,0.04525809915231121,11.203756158190913,0.07660940069172761,6.247487907910072,14.75860127853104,4.522590395985712,0.0,5.1731284759732725,0.0,0.25436205081535185,0.10970481663550971,0.02691860506814721,64.89174000488123,0.5949346466659148,-0.19230769230769237,3.4173915631747183,0.7477217175213835,1.9469516524000599,-0.06065088025643436,-0.19860023724792408,-0.21626510135826907,1.788725437384504,0.5244275054366605,0.48286616479671046,Entertainment,Communication Services,PLAY
2019Q1,2019,Q1,2018-06-11,2018-05-06,42150000.0,332190000.0,58604000.0,1.04,202157000.0,0.6085583551581926,1227306000.0,438210000.0,95394000.0,218234000.0,789096000.0,28332000.0,290461000.0,1660459460.4299998,1998099460.4299998,11.039308538886639,0.437117955955534,0.288888019776649,0.8090960954793364,0.05589325698670813,11.039308538886639,0.09618675977271171,4.998523316264787,9.848514000177936,3.789186601013213,0.0,4.589615981928561,0.0,0.2706659952774614,0.08206328986317439,0.034343513353637965,44.21171713475517,0.6085583551581926,0.22352941176470595,2.621286005186855,0.6789357930749537,0.0,0.1158414748578683,0.18265993265993266,0.3803792250618302,1.186219105418773,0.5120989399224841,0.5685952458640707,Entertainment,Communication Services,PLAY
2018Q4,2018,Q4,2018-04-03,2018-02-04,35640000.0,304913000.0,42455000.0,0.85,181170000.0,0.5941694844103071,1197030000.0,421646000.0,94907000.0,207825000.0,775384000.0,27560000.0,248311000.0,1864134108.45,2211588108.45,10.393369024350786,0.4566678696018285,0.3059647627879001,0.8686172761036509,0.04817572027523646,10.393369024350786,0.08452588190093112,6.11365900584757,13.076137124368687,4.421088089179075,0.0,4.489949201741655,0.0,0.2547246100766063,0.11385540719355226,0.029773689882459087,-309.9657646242102,0.5941694844103071,1.931034482758621,6.040791355369502,0.7142538952284523,1.7002134793511052,0.22906278620128218,1.9316443201447726,1.1306333433704707,1.3951784171920856,0.4507580843436273,0.6057973498306983,Entertainment,Communication Services,PLAY
2018Q3,2018,Q3,2017-12-05,2017-10-29,12157000.0,249979000.0,19926000.0,0.29,147405000.0,0.5896695322407082,1137197000.0,425550000.0,79113000.0,207127000.0,711647000.0,26107000.0,212671000.0,1988958314.52,2288640314.52,10.359760106371402,0.38195406682856414,0.27694410027462263,0.7400775467042651,0.019184567850249683,10.359760106371402,0.028567735871225474,7.956501604214754,40.901503547750266,4.673853400352486,0.0,3.9289845635270235,0.0,0.21982031257556958,0.08144278630984855,0.010690320146817131,-262.95059684294023,0.5896695322407082,-0.5915492957746479,2.1385706514071456,0.6712228049098246,0.0,-0.12178948685409927,-0.5995190407168269,-0.4912034318106376,3.2408136196886286,0.2985311374955021,0.4802769805436731,Entertainment,Communication Services,PLAY
2018Q2,2018,Q2,2017-09-05,2017-07-30,30356000.0,280751000.0,39163000.0,0.71,167847000.0,0.5978500521814704,1110259000.0,422340000.0,86705000.0,195022000.0,687919000.0,23704000.0,200514000.0,2575121033.61,2856005033.61,10.18652601475071,0.4445908666714525,0.27154024421328715,0.7138324572619217,0.04427066117687522,10.18652601475071,0.07187573992517876,9.172259523955391,21.207677507000263,6.097270051640858,0.0,4.763077961525481,0.0,0.2528698258694593,0.11519725979633066,0.027341368095192203,312.0224201635769,0.5978500521814704,-0.2755102040816327,18.852665878482256,0.7890596345073204,1.7408251064666613,-0.11646918246277102,-0.2906813720908496,-0.39025035809927133,3.062099971408492,0.45919051403725514,1.6793870955000367,Entertainment,Communication Services,PLAY
2018Q1,2018,Q1,2017-06-06,2017-04-30,42796000.0,304148000.0,64228000.0,0.98,189973000.0,0.6246070991754015,1076716000.0,454419000.0,79350000.0,196874000.0,622297000.0,23019000.0,180235000.0,2700690427.26,2925050427.26,10.812407318237506,0.4030496662840192,0.22689827215347408,0.5376205660414728,0.06306934501619327,10.812407318237506,0.09417740015272248,8.879527161973776,15.776535349448547,5.94317233051435,0.0,4.960033016204005,0.0,0.2824774592371619,0.10752054613610736,0.03974678559620178,53.91030076772597,0.6246070991754015,0.5555555555555555,3.493767743186357,0.7303356831703673,1.879788695335085,0.18681943411903618,0.5637811963313479,0.4378329975374972,2.472759872733754,0.4519070924407929,0.0,Entertainment,Communication Services,PLAY
2017Q4,2017,Q4,2017-03-28,2017-01-29,27367000.0,270182000.0,44670000.0,0.63,160069000.0,0.5924487937760473,1052733000.0,439452000.0,75604000.0,177797000.0,613281000.0,21860000.0,144337000.0,2324373592.1,2568418592.1,10.409784039122323,0.42522652238226744,0.25089742603300175,0.6010394764388375,0.040166429020432035,10.409784039122323,0.06227528831362697,8.602992027966334,21.233361275441226,5.289254781182017,0.0,5.037191216834401,0.0,0.25664817194863276,0.1461441981585741,0.0259961452714031,310.49607161367885,0.5924487937760473,1.52,4.1955662043524375,0.4597467862602719,1.704478125785385,0.2174028779167047,1.5445839144583915,1.392224066834467,4.1955662043524375,0.4597467862602719,1.704478125785385,Entertainment,Communication Services,PLAY
2017Q3,2017,Q3,2016-12-06,2016-10-30,10755000.0,228659000.0,18673000.0,0.25,131484000.0,0.5750221946216856,1043986000.0,419368000.0,65854000.0,190585000.0,624618000.0,20557000.0,129007000.0,1739232067.25,2002459067.25,9.970415752176558,0.3455361124957368,0.26624016030866315,0.6627854295034433,0.01684705168046365,9.970415752176558,0.025645733580053794,7.606226158821651,40.4284534460716,4.14726938452624,0.0,4.727100257819721,0.0,0.219024967767767,0.11624209670225884,0.010301862285509576,274.54334131807417,0.5750221946216856,-0.5,1.9837004242054777,0.4929250403838829,0.0,-0.09333259779752998,-0.5000464856824098,-0.4812911469763049,1.9837004242054777,0.4929250403838829,0.0,Entertainment,Communication Services,PLAY
2017Q2,2017,Q2,2016-09-06,2016-07-31,21512000.0,244330000.0,35999000.0,0.5,145019000.0,0.5935374288871608,1018289000.0,410040000.0,73431000.0,170068000.0,608249000.0,18674000.0,118737000.0,1854452417.2,2120976417.2,9.79301028786731,0.43177434908389584,0.2845695082633712,0.7066969076187689,0.032438140797692694,9.79301028786731,0.05246317432445615,7.589949728645684,21.55137152751952,4.522613445517511,0.0,5.3181428724429685,0.0,0.2399417061364701,0.14755862360937977,0.021125633292709632,-1156.863641422333,0.5935374288871608,-0.3055555555555555,4.8618518008673,0.7727108552425616,1.6628617195818427,-0.09055619312801409,-0.3096498828664035,-0.29653730409973816,2.4470117714735524,0.2574582764778176,1.575879681985273,Entertainment,Communication Services,PLAY
2017Q1,2017,Q1,2016-06-07,2016-05-01,31161000.0,261987000.0,51174000.0,0.72,159459000.0,0.6086523377114131,1003573000.0,381267000.0,84448000.0,172180000.0,622306000.0,18497000.0,97225000.0,1656813387.8300002,1928285387.8300002,9.151898880935299,0.49046346846323613,0.2985283581762363,0.7857879124078402,0.04773519524821884,9.151898880935299,0.08173012613208067,6.324029008424083,13.29236375461314,4.345546265032118,0.0,5.542952911282911,0.0,0.26105425315348263,0.1683935416424672,0.031050058142257714,42.99614334950953,0.6086523377114131,0.3584905660377357,4.646242259527841,0.6541021750347088,1.4040110187972963,0.15287678759923073,0.35777777777777775,0.34449056802059796,1.5509329395196894,0.26168134931031156,0.0,Entertainment,Communication Services,PLAY
2016Q4,2016,Q4,2016-03-29,2016-01-31,22950000.0,234215000.0,38062000.0,0.53,138314000.0,0.5905428772708836,1004535000.0,346338000.0,110080000.0,156647000.0,658197000.0,19529000.0,66064000.0,1543925909.6,1856680909.6,8.33584047004842,0.7027265124770982,0.3367229613701862,0.9766470904145661,0.035786940546271316,8.33584047004842,0.0662647471545138,6.5919172965010775,16.81836502832244,4.457858824616415,0.0,4.910696912284295,0.0,0.23315763014728208,0.18922162569343812,0.022846391614030372,72.19667568856674,0.5905428772708836,3.8181818181818183,3.4269779244277805,0.2857448591474484,1.16566435255109,0.27727910756501184,4.0395256916996045,3.0238925890686117,3.4269779244277805,0.2857448591474484,1.16566435255109,Entertainment,Communication Services,PLAY
2016Q3,2016,Q3,2015-12-08,2015-11-01,4554000.0,192753000.0,9459000.0,0.11,108288000.0,0.5617967035532521,971899000.0,320443000.0,99063000.0,153000000.0,651456000.0,19623000.0,43114000.0,1645939245.34,1981735245.34,7.769958803891461,0.6474705882352941,0.36539290605299524,1.108231417131908,0.008764682414016301,7.769958803891461,0.014211575849683095,8.539110910543545,90.3567877327624,5.136449369591471,0.0,4.3043877083014825,0.0,0.19832616352110663,0.15358823529411764,0.00468567207086333,-344.9883138419618,0.5617967035532521,-0.6206896551724138,1.4248106712785555,0.2835145497924556,0.0,-0.1426399797314416,-0.6377952755905512,-0.6466171031494004,1.4248106712785555,0.2835145497924556,0.0,Entertainment,Communication Services,PLAY
2016Q2,2016,Q2,2015-09-08,2015-08-02,12573000.0,217339000.0,26767000.0,0.29,126304000.0,0.5811382218561786,951232000.0,308646000.0,100184000.0,146299000.0,642586000.0,19556000.0,38560000.0,1603796479.74,1941074479.74,7.555473598473307,0.6847893697154458,0.37950783825607215,1.1696247480932849,0.02835832681689329,7.555473598473307,0.040735988802706014,7.3792392517679755,31.889693783106658,5.196232835481426,0.0,4.65509306606668,0.0,0.2284815901904057,0.18828563421486136,0.013217595707461482,-216.99316462454337,0.5811382218561786,-0.3555555555555556,2.269128520289095,0.6257059892107998,0.0,-0.03685458718744519,-0.3566165182683451,-0.2512308380888441,8.504721923780622,0.4056536546047995,1.032904220727937,Entertainment,Communication Services,PLAY
2016Q1,2016,Q1,2015-06-08,2015-05-03,19542000.0,222675000.0,35748000.0,0.45,131137000.0,0.5889165824632312,988411000.0,283163000.0,159121000.0,133626000.0,705248000.0,18964000.0,25987000.0,1292352728.9199998,1631337728.9199998,7.037703682957145,1.1907937078113542,0.43409573547845987,1.5152579962777624,0.03154054953197383,7.037703682957145,0.06901325385025586,5.803762114831031,16.533015158632686,4.563988688211383,0.0,4.826935245728749,0.0,0.22528583757161746,0.675467349168575,0.019771127597730094,86.92176008340059,0.5889165824632312,0.32352941176470584,3.854045439968007,0.5279443442713146,0.0,0.12548491194342407,0.3330150068212824,0.27785522788203754,1.1434087970774391,0.3232607053122294,0.8744298943597095,Entertainment,Communication Services,PLAY
2015Q4,2015,Q4,2015-04-07,2015-02-01,14660000.0,207069000.0,27975000.0,0.34,116516000.0,0.5626916631654183,950689000.0,258697000.0,143280000.0,126140000.0,691992000.0,18457000.0,6445000.0,1115940901.6000001,1474084901.6000001,6.472403896697535,1.1358807674013,0.4512727085303396,1.6583879983146306,0.025914327330334275,6.472403896697535,0.056668612314792983,5.389222440828903,19.03037008185539,4.313698657502793,0.0,4.9061602643983315,0.0,0.21780939928830564,0.5810765815760266,0.015420395102920093,93.11923411214954,0.5626916631654183,3.6153846153846154,1.9395686370719556,0.18162629161156083,0.6815406250581948,0.29610554301033404,4.182114174082917,29.809471365638768,1.9395686370719556,0.18162629161156083,0.6815406250581948,Entertainment,Communication Services,PLAY
2015Q3,2015,Q3,2014-10-31,2014-10-31,-4607000.0,163474000.0,908000.0,-0.13,89897000.0,0.5499161946242216,923511000.0,244121000.0,123491000.0,129092000.0,679390000.0,15883000.0,-8215000.0,685775460.58,1055805460.58,6.998528142055205,0.9566123384872803,0.4645055662574674,1.7572269489310628,0.0009120618212923925,6.998528142055205,-0.018871788989886163,4.195012421424814,-37.213775807466895,2.8091620982217833,0.0,4.632437197003085,0.0,0.1770135926913702,0.47290304588975307,-0.004988570791252081,-113.65188276102089,0.5499161946242216,0.6338626365269899,0.4918940864143108,0.2870101891689243,0.0,-0.12868552154612597,0.6680357400201758,-0.9457813339702633,0.4918940864143108,0.2870101891689243,0.0,Entertainment,Communication Services,PLAY
2015Q2,2015,Q2,2014-07-31,2014-07-31,-13878000.0,181385000.0,16747000.0,-0.355058,103174000.0,0.5688121950547179,908124000.0,148600000.0,127528000.0,118042000.0,759524000.0,15254000.0,-3608000.0,675416880.0,1138746880.0,3.8018120009082392,1.0803612273597534,0.5821682941977087,3.5577456258411844,0.01640102747182944,3.8018120009082392,-0.09339165545087483,3.723664470601207,-12.167042801556422,4.545201076716016,0.0,5.127245312704864,0.0,0.19973593914487447,0.5654089222480134,-0.015282053992626558,-9.368558825977196,0.5688121950547179,-2.2108887153375782,-0.46407848929211937,0.4180008755745958,0.0,-0.10267872673508437,-2.2108891021725854,-0.40678686550246185,-1.6688461538461539,0.40975719704035307,0.03376789615015377,Entertainment,Communication Services,PLAY
2015Q1,2015,Q1,2014-04-30,2014-04-30,11461000.0,194823000.0,28231000.0,0.293221,114980000.0,0.5901767245140461,,,,,,,,675416880.0,,,0.0,0.0,0.0,0.0,,0.0,3.466823116367164,14.732939534072072,0.0,0.0,0.0,0.0,0.0,0.0,0.0,29.1492330930905,0.5901767245140461,1.3500142032243183,1.9304525696752748,0.3761116016245807,0.0,0.19591446164087203,1.3500102522042239,0.5418350628072092,1.2134028582464271,0.31103005995841265,0.0,Entertainment,Communication Services,PLAY
2014Q4,2014,Q4,2014-01-31,2014-01-31,4877000.0,171371000.0,18310000.0,0.12477413949145008,96144000.0,0.5610284120417107,861758000.0,150448000.0,99344000.0,113044000.0,711310000.0,15354000.0,-1191000.0,675416880.0,1123013880.0,3.8490916010272054,0.8788082516542232,0.5635886176861717,3.2282050941188984,0.022002800311200447,3.8490916010272054,0.03241651600553015,3.941255404940159,34.62255895017429,4.4893709454429445,0.0,4.89950501497981,0.0,0.19886209353437972,0.35848873005201515,0.00565936144486039,-96.46056555269922,0.5610284120417107,1.4800205416409875,0.0,0.0,0.0,0.2413205427807832,1.48001968503937,21.526905829596412,0.0,0.0,0.0,Entertainment,Communication Services,PLAY
2014Q3,2014,Q3,2013-10-31,2013-10-31,-10160000.0,142330000.0,-892000.0,-0.259935,77453000.0,0.5441790205859622,,,,,,,,675416880.0,,,0.0,0.0,0.0,0.0,,0.0,4.745428792243378,-16.619509842519687,0.0,0.0,0.0,0.0,0.0,0.0,0.0,-69.90445870420203,0.5441790205859622,0.0,0.0,0.0,0.0,0.0,0.0,0.0,0.0,0.0,0.0,Entertainment,Communication Services,PLAY
2013Q2,2013,Q2,2012-07-31,2012-07-31,-1603000.0,147941000.0,8366000.0,-0.041011,118553000.0,0.8013532421708655,796499000.0,145269000.0,98097000.0,87270000.0,651230000.0,14441000.0,-4888000.0,675416880.0,1085447880.0,3.716591033377786,1.1240632519766243,0.5834985354658323,3.199278579738279,0.006747651885273045,3.716591033377786,-0.011034701140642532,4.565447577074645,-105.33638178415471,4.649421968899077,0.0,2.035039124714355,0.0,0.18573909069565686,0.6270768878194111,-0.0020125574545605206,-178.63445649299126,0.8013532421708655,-1.1809849116721611,0.8308893343179661,0.1565480471559462,0.0,-0.10539541201328101,-1.180986790109518,-0.6373173798066502,0.8308893343179661,0.1565480471559462,0.0,Entertainment,Communication Services,PLAY
2013Q1,2013,Q1,2012-04-30,2012-04-30,8857000.0,163474000.0,23067000.0,0.226599,132520000.0,0.8106487881865007,797780000.0,146754000.0,102580000.0,87618000.0,651026000.0,14369000.0,-3285000.0,675416880.0,1078184880.0,3.7545835691876697,1.1707639982651967,0.5786407280202562,3.1455905801545443,0.029686705734328488,3.7545835691876697,0.06035269907464192,4.131647112078985,19.064493620864855,4.6023745860419485,0.0,2.1542208921984827,0.0,0.204911128381258,0.671779771279874,0.011102058211537015,26.490052947405577,0.8106487881865007,0.0,1.264638199948862,0.15468126434751892,0.0,0.0,0.0,0.0,1.264638199948862,0.15468126434751892,0.0,Entertainment,Communication Services,PLAY
2012Q2,2012,Q2,2011-07-31,2011-07-31,-5200000.0,128664000.0,3407000.0,-0.133038,102919000.0,0.7999051793819562,777629000.0,143746000.0,90339000.0,77403000.0,633883000.0,14378000.0,-5179000.0,675416880.0,1093449880.0,3.6776262979983563,1.1671253052207278,0.5816256852560797,3.1464458141443936,0.0036988250165521605,3.6776262979983563,-0.03617491964993808,5.249462786793509,-32.47196538461539,4.69868295465613,0.0,1.7905828348866324,0.0,0.16545679237785627,0.5385708564267535,-0.006686993412025529,-59.28349688405161,0.7999051793819562,-2.004249858463861,0.4514189260470514,0.005847587479283314,0.0,-0.1445089107594095,-2.004248744689069,-0.8139471384884229,0.4514189260470514,0.005847587479283314,0.0,Entertainment,Communication Services,PLAY
2012Q1,2012,Q1,2011-04-30,2011-04-30,5178000.0,148603000.0,18312000.0,0.132475,120304000.0,0.8095664286723686,779692000.0,148800000.0,94260000.0,80527000.0,630892000.0,14071000.0,21000.0,675416880.0,1077366880.0,3.806928840747954,1.1705390738510064,0.5765456103179204,3.021021505376344,0.020702047642085494,3.806928840747954,0.03479838709677419,4.5451093181160545,32.609930475086905,4.539091935483872,0.0,2.011157700234525,0.0,0.19059192604259118,0.663615930060725,0.006641083915187022,51.76401594114041,0.8095664286723686,0.0,0.3239580669905396,0.04964153275648957,0.0,0.0,0.0,0.0,0.3239580669905396,0.04964153275648957,0.0,Entertainment,Communication Services,PLAY
2011Q2,2011,Q2,2010-07-31,2010-07-31,-9479000.0,127916000.0,-5369000.0,-0.242513,101701000.0,0.7950608211638888,,,,,,,,675416880.0,,,0.0,0.0,0.0,0.0,,0.0,5.280159479658526,-17.81350564405528,0.0,0.0,0.0,0.0,0.0,0.0,0.0,-48.738409582912396,0.7950608211638888,-3.4236757945232865,0.0,0.0,0.0,-0.10562649500492473,-3.4236768090002556,-1.435371391501784,0.0,0.0,0.0,Entertainment,Communication Services,PLAY
2011Q1,2011,Q1,2010-04-30,2010-04-30,3911000.0,141575000.0,12332000.0,0.10006,113712000.0,0.8031926540702807,,,,,,,,675416880.0,,,0.0,0.0,0.0,0.0,,0.0,4.770735511213138,43.174180516491944,0.0,0.0,0.0,0.0,0.0,0.0,0.0,274.8949450549451,0.8031926540702807,0.0,0.0,0.0,0.0,0.0,0.0,0.0,0.0,0.0,0.0,Entertainment,Communication Services,PLAY
