Quarters,Year,Quarter,FillingDate,Date,NetIncome,Revenue,OperatingIncome,EPSDiluted,GrossProfit,GrossProfitRatio,TotalAssets,CommonStockEquity,CurrentAssets,CurrentLiability,TotalLiability,Inventory,RetainedEarnings,MarketCap,EnterpriseValue,bookValuePerShare,currentRatio,debtToAssets,debtToEquity,roic,shareholdersEquityPerShare,roe,priceToSalesRatio,peRatio,pbRatio,payoutRatio,inventoryTurnover,dividendYield,assetTurnover,quickRatio,returnOnAssets,priceToFreeCashFlowsRatio,grossProfitMargin,epsdilutedGrowth,fiveYNetIncomeGrowthPerShare,fiveYRevenueGrowthPerShare,fiveYShareholdersEquityGrowthPerShare,grossProfitGrowth,netIncomeGrowth,operatingIncomeGrowth,threeYNetIncomeGrowthPerShare,threeYRevenueGrowthPerShare,threeYShareholdersEquityGrowthPerShare,Industry,Sector,Symbol
2023Q1,2023,Q1,2023-05-04,2023-03-31,-2613000.0,91371000.0,-7597000.0,-0.0185,20717000.0,0.2267349597,727287000.0,-17770000.0,137849000.0,92857000.0,756520000.0,50876000.0,0.0,174182253.24,811447253.24,-0.1254840811473705,1.4845299761999633,0.8949424367546787,-36.628024760832865,-0.014743779776597361,-0.1254840811473705,0.14704558244231852,1.9063187799192305,-16.66496873708381,-9.802040137310074,-0.5438193647148871,1.3887491154965013,0.008158121585682158,0.1256326594590581,0.8510074630884048,-0.00359280449121186,31.75610815679125,0.22673495966991716,0.38333333333333336,0.953770087928025,-0.702169159990528,0.0,0.014246548516596494,0.38459726801695715,0.12325447201384881,0.9359773989428393,-0.6620041261269298,0.0,Oil & Gas Equipment & Services,Energy,CCLP
2022Q4,2022,Q4,2023-03-13,2022-12-31,-4246000.0,93969000.0,-8665000.0,-0.03,20426000.0,0.217369558,722403000.0,-14406000.0,128315000.0,84255000.0,747677000.0,45902000.0,0.0,188239332.89000002,833199332.89,-0.10178520984876403,1.5229363242537535,0.9045297430935364,-45.35853116756907,-0.028551981158934286,-0.10178520984876403,0.2947383034846592,2.0032067265800424,-11.083333307230335,-13.066731423712342,-0.3346679227508243,1.6021741972027363,0.00754890053095534,0.13007836346194576,0.8843154708919352,-0.0058776057131545685,-8.99289761561246,0.2173695580457385,0.06542056074766349,0.8942600934453349,-0.6994451107913712,0.0,-0.05215777262180975,0.06310679611650485,-1.9461672854335008,0.2783056344781191,-0.7469920732234708,0.0,Oil & Gas Equipment & Services,Energy,CCLP
2022Q3,2022,Q3,2022-11-03,2022-09-30,-4532000.0,94895000.0,9158000.0,-0.0321,21550000.0,0.2270931029,730334000.0,-11532000.0,128531000.0,98025000.0,750644000.0,43598000.0,-8442000.0,165220314.48,792368314.48,-0.08166332355960541,1.311206324917113,0.8801630486873129,-55.74167533818939,0.01777141227749857,-0.08166332355960541,0.39299340964273327,1.7410855627799144,-9.11409501765225,-14.32711710718002,-0.3131067961165049,1.6823019404559842,0.008588532254438789,0.12993370156668044,0.7982045396582504,-0.006205380004217249,6.92283225006285,0.2270931029032088,0.34489795918367355,0.8545568694489051,-0.6673342899906621,0.0,0.22352807585306309,0.34508670520231216,0.4360984789085777,0.5818768599906563,-0.7219098268913785,0.0,Oil & Gas Equipment & Services,Energy,CCLP
2022Q2,2022,Q2,2022-08-09,2022-06-30,-6920000.0,84522000.0,6377000.0,-0.049,17613000.0,0.2083836161,736318000.0,-14474511.0,134593000.0,80329000.0,750989000.0,43358000.0,-5410000.0,184990266.64000002,841225266.64,-0.10250057883802183,1.6755219161199566,0.9025977906285056,-45.915126251933486,0.010662797847001066,-0.10250057883802183,0.478081781139273,2.1886640950285137,-6.6831743728323705,-12.780415631312174,-0.20491329479768786,1.5431754232206283,0.007665268155753819,0.11479007711342111,0.9816255648644948,-0.00939811331517089,-8.39681660569198,0.20838361609995032,-0.049250535331905855,0.7349039229882269,-0.7260563372597771,0.0,-0.022151898734177215,-0.0532724505327245,-0.03772446054021428,0.21779195045028138,-0.7927534719186371,0.0,Oil & Gas Equipment & Services,Energy,CCLP
2022Q1,2022,Q1,2022-05-16,2022-03-31,-6570000.0,80012000.0,6627000.0,-0.0467,18012000.0,0.2251162326,739663000.0,-14392000.0,126895000.0,88124000.0,746421000.0,38360000.0,0.0,197078568.39999998,831435568.4,-0.10223739782351697,1.4399596023784667,0.88101067648375,-45.27869649805447,0.011486993057014271,-0.10223739782351697,0.4565036131183991,2.4631126381042843,-7.499184490106545,-13.693619260700387,-0.21476407914764079,1.616266944734098,0.007159581132820935,0.10817358716063938,0.9367482184194998,-0.008882423482045201,76.74399080996884,0.22511623256511523,0.48053392658509453,0.8990812560546341,-0.7076485006038422,0.0,-0.2479645943801929,0.29890086436879737,0.1919064748201439,0.8238991823960466,-0.7417394859545405,0.0,Oil & Gas Equipment & Services,Energy,CCLP
2021Q4,2021,Q4,2022-03-14,2021-12-31,-9371000.0,97409000.0,5560000.0,-0.0899,23951000.0,0.2458807708,722361000.0,-14404000.0,100779000.0,71295000.0,721202000.0,33271000.0,0.0,124004999.58,766195999.58,-0.13822636230841556,1.4135493372606776,0.8981506476678558,-45.04227992224382,0.010710114482956118,-0.13822636230841556,0.6505831713412941,1.273034314899034,-3.3082114923700776,-8.609066896695362,-0.052075552235620534,2.2078687144961076,0.003935325201829254,0.1348480884211634,0.8432288379269234,-0.012972738007727438,-5.6880418136782716,0.245880770770668,0.7003333333333334,0.7502007054371305,-0.6196664558790894,0.0,1.3474468293639126,0.34751427377802535,6.220779220779221,-0.1118056932904777,-0.6901257981212084,0.0,Oil & Gas Equipment & Services,Energy,CCLP
2021Q3,2021,Q3,2021-11-12,2021-09-30,-14362000.0,71294000.0,770000.0,-0.3,10203000.0,0.14311162229640642,683723000.0,0.0,109833000.0,155785000.0,750132000.0,31894000.0,0.0,85946994.7349,722854994.7349,0.0,0.7050293673973745,0.9658765318703627,0.0,0.001176119851241084,0.0,0.0,1.2055291431943782,-1.4960833229163764,0.0,-0.033839298147890266,1.915438640496645,0.005654647978082855,0.10427322175793413,0.46003145360593123,-0.02100558267017491,5.418079476448339,0.14311162229640642,-0.19999999999999996,0.3751979920180347,-0.29950154541733415,0.0,-0.1620400788436268,-0.1884153909805544,-0.7483660130718954,-0.5995846090991125,-0.4524989630698003,0.0,Oil & Gas Equipment & Services,Energy,CCLP
2021Q2,2021,Q2,2021-07-30,2021-06-30,-12085000.0,69758000.0,3060000.0,-0.25,12176000.0,0.17454628859772356,685006000.0,0.0,100453000.0,60525000.0,736914000.0,32418000.0,0.0,88267081.60000001,741962081.6,0.0,1.65969434118133,0.9664148927162681,0.0,0.004907317554160239,0.0,0.0,1.2653327446314402,-1.8259636243276791,0.0,-0.04029788994621432,1.77623542476402,0.00551734566468322,0.10183560435966985,0.9992234613795952,-0.017642181236368733,-5.760430829472036,0.17454628859772356,0.16666666666666663,-0.7886052097475754,-0.36498229516880737,0.0,0.11501831501831501,0.16453508468717595,1.3076923076923077,-0.08171843802580041,-0.400609783070002,0.0,Oil & Gas Equipment & Services,Energy,CCLP
2021Q1,2021,Q1,2021-05-03,2021-03-31,-14465000.0,65710000.0,1326000.0,-0.3,10920000.0,0.16618475117942474,708184000.0,0.0,109296000.0,72486000.0,748076000.0,32683000.0,0.0,86857450.68,727063450.6800001,0.0,1.5078222001489943,0.9335624639924087,0.0,0.0021663847728549163,0.0,0.0,1.3218300210013698,-1.5011657566539924,0.0,-0.033460076045627375,1.6764066946118776,0.005572348672575615,0.09278662042632987,0.9466655630052699,-0.020425482642928955,17.30572836820084,0.16618475117942474,0.3877551020408163,0.9045083109047788,-0.4405909430091251,0.0,0.2583544595528924,0.3717698154180239,-0.6652360515021459,0.24060943293355663,-0.36444102196459605,0.0,Oil & Gas Equipment & Services,Energy,CCLP
2020Q4,2020,Q4,2021-03-04,2020-12-31,-23025000.0,35737000.0,3961000.0,-0.49,8678000.0,0.24282956039958586,709966000.0,0.0,96825000.0,59415000.0,735299000.0,31188000.0,0.0,50193428.46,696306428.46,0.0,1.6296389800555415,0.9334108957330352,0.0,0.006412784239340827,0.0,0.0,1.4045227204298067,-0.5449883654723128,0.0,-0.020846905537459284,0.8676093369244581,0.00956300485396251,0.05033621328345301,1.0168139358747792,-0.032431130504841074,16.067038559539053,0.24282956039958586,-0.8401475122332256,0.8932896986072586,-0.7479368622639901,0.0,-0.11430904266176771,-0.8263663044340446,5.112654320987654,-0.7138638147322549,-0.6583550368823824,0.0,Oil & Gas Equipment & Services,Energy,CCLP
2020Q3,2020,Q3,2020-11-02,2020-09-30,-12607000.0,79158000.0,648000.0,-0.266283,9798000.0,0.12377776093382854,750805000.0,0.0,113504000.0,76895000.0,753229000.0,33981000.0,0.0,42138839.60755,688278839.60755,0.0,1.4760907731321933,0.8828377541438855,0.0,0.0009957490953560663,0.0,0.0,0.5323383562943733,-0.8356238519780677,0.0,-0.038074085825335134,2.041140637415026,0.011390916419872147,0.10543083756767736,0.9522075557578517,-0.016791310659891718,-10.558466451403158,0.12377776093382854,0.4778764705882353,-6.45807518555622,-0.5696362817343688,0.0,-0.24936796138818662,0.48706159980470337,-0.7750780978826797,-0.20676993169634852,-0.17230766095954214,0.0,Oil & Gas Equipment & Services,Energy,CCLP
2020Q2,2020,Q2,2020-08-03,2020-06-30,-24578000.0,96413000.0,2881000.0,-0.51,13053000.0,0.135386306825843,769738000.0,0.0,102912000.0,87260000.0,759408000.0,40192000.0,0.0,35864408.0712,687826408.0712,0.0,1.1793719917487966,0.8557704049949464,0.0,0.004420371756661124,0.0,0.0,0.3719872638669059,-0.36480193741557493,0.0,-0.019529660672145822,2.074044585987261,0.013383742429181531,0.12525430730975995,0.6461608984643594,-0.031930345130421,629.2001415999999,0.135386306825843,-0.7695491813232759,-15.805797638241893,-0.46589058643625714,0.0,-0.17480085977999746,-0.8032281731474689,-0.48202085580726356,-1.8090207607342714,-0.06773733423806493,0.0,Oil & Gas Equipment & Services,Energy,CCLP
2020Q1,2020,Q1,2020-05-07,2020-03-31,-13630000.0,90279000.0,5562000.0,-0.288209,15818000.0,0.1752123971244697,834302000.0,0.0,147631000.0,129584000.0,799543000.0,63288000.0,0.0,30739861.75,680655861.75,0.0,1.1392687368810965,0.7878825653060882,0.0,0.008354902920022814,0.0,0.0,0.34049847417450346,-0.5638272514673515,0.0,-0.035069699192956716,1.176542156490962,0.015549842217491429,0.1082090178376655,0.6111093962217558,-0.01633700985973904,4.471903076811173,0.1752123971244697,-5.9332675792056575,-6.283515452825304,-0.3850449874008329,0.0,-0.24500023865209297,-5.964741951967297,-0.4862368372436726,0.37680331760525826,-0.018116981622781123,0.0,Oil & Gas Equipment & Services,Energy,CCLP
2019Q4,2019,Q4,2020-03-16,2019-12-31,-1957000.0,123542000.0,10826000.0,-0.041569,20951000.0,0.16958605170711175,822246000.0,0.0,127293000.0,107627000.0,773255000.0,56037000.0,0.0,127804082.6763,777494082.6763,0.0,1.1827236659945923,0.7930230125777443,0.0,0.016658205136765344,0.0,0.0,1.034499058427903,-16.326530745567194,0.0,-0.24374041900868676,1.8307725252957867,0.003732275135592792,0.15024943873244748,0.6237282466295632,-0.0023800663061906047,-8.280147889620991,0.16958605170711175,0.48038749999999997,-1.3174140072394607,-0.3000086823388443,0.0,-0.01230435602489157,0.4583448657625242,0.0961927906034832,0.88453098938469,0.06770068787384201,0.0,Oil & Gas Equipment & Services,Energy,CCLP
2019Q3,2019,Q3,2019-11-07,2019-09-30,-3613000.0,113747000.0,9876000.0,-0.08,21212000.0,0.1864840391394938,849929000.0,0.0,152700000.0,133011000.0,798905000.0,63941000.0,0.0,139332220.16,775073220.16,0.0,1.1480253512867358,0.7659663336584586,0.0,0.013670835586609524,0.0,0.0,1.2249309446402983,-9.641033778023804,0.0,-0.13230002767783006,1.4471935065138175,0.0034306494179960393,0.13383117883964427,0.6309929253971476,-0.0042509433140885886,21.184768155694083,0.1864840391394938,-0.3333333333333334,0.30070111457496235,-0.40283712367820695,0.0,-0.09551424185570527,-0.22599253478113335,-0.20852700753325853,0.8401438776059887,0.1366531748509551,0.0,Oil & Gas Equipment & Services,Energy,CCLP
2019Q2,2019,Q2,2019-08-08,2019-06-30,-2947000.0,135856000.0,12478000.0,-0.06,23452000.0,0.1726239547756448,836192000.0,0.0,145611000.0,119399000.0,780897000.0,65765000.0,0.0,167464941.84,802496941.84,0.0,1.219532826908098,0.764570816271861,0.0,0.015632794248959175,0.0,0.0,1.2326650412201154,-14.20639140142518,0.0,-0.16152019002375298,1.7091766137002966,0.0028423859631156816,0.162469863380659,0.6254491243645257,-0.003524310206268417,-21.681116240290006,0.1726239547756448,0.773609680450064,-1.1192158317988041,-0.16487749974579047,0.0,0.39562009045465363,0.7634071933204881,1.0325785958625184,0.5552100025740604,0.2611817466225568,0.0,Oil & Gas Equipment & Services,Energy,CCLP
2019Q1,2019,Q1,2019-05-09,2019-03-31,-12456000.0,103436000.0,6139000.0,-0.265029,16804000.0,0.16245794500947447,849869000.0,0.0,156521000.0,126451000.0,791835000.0,74528000.0,0.0,137236241.96,759903241.96,0.0,1.2377996219879637,0.7525124460358008,0.0,0.014658407998732505,0.0,0.0,1.3267744495146758,-2.7544203990044958,0.0,-0.03821451509312781,1.1624087591240877,0.0034684715436811425,0.12170816914136179,0.5996077532008446,-0.014656376453312216,16.183519099056603,0.16245794500947447,-1.65029,-1.5322337558603614,-0.3151719829524984,0.0,-0.05902116698398477,-2.364667747163695,-0.23224112056028015,0.9165021175132564,-0.10583128938800618,0.0,Oil & Gas Equipment & Services,Energy,CCLP
2018Q4,2018,Q4,2019-03-04,2018-12-31,-3702000.0,138068000.0,7996000.0,-0.1,17858000.0,0.1293420633311122,826744000.0,0.0,151747000.0,94353000.0,759341000.0,65222000.0,0.0,106184124.08,723339124.08,0.0,1.608290144457516,0.7656699050733964,0.0,0.014868800040742891,0.0,0.0,0.7690712118666164,-7.170726909778498,0.0,-2.264451647757969,1.8430897549906473,0.07894777183154215,0.16700211915659502,0.8576833804966456,-0.0044778069148369995,-61.734955860465114,0.1293420633311122,0.4444444444444444,-1.1988020738247243,0.4503455255627765,0.0,0.058063751629339966,0.5341638354095886,0.272033089405027,0.9822494213978454,0.007519990311812581,0.0,Oil & Gas Equipment & Services,Energy,CCLP
2018Q3,2018,Q3,2018-11-08,2018-09-30,-7947000.0,115256000.0,6286000.0,-0.18,16878000.0,0.1464392309294093,844223000.0,0.0,176979000.0,99072000.0,774755000.0,74962000.0,0.0,225848068.68,832142068.6800001,0.0,1.7863674903100775,0.749185937838699,0.0,0.009807833704415056,0.0,0.0,1.95953415596585,-7.1048215892789734,0.0,-1.0045300113250284,1.3123716016114833,0.035346771157520794,0.136523169825982,0.9819828003875969,-0.009413389590191217,-11.228959811067469,0.1464392309294093,0.22710292412727046,-1.4121198451055919,-0.16158709622131978,0.0,0.12775624749432046,0.17149708090075064,0.5268399319893126,-4.844235363762927,-0.2998624395821466,0.0,Oil & Gas Equipment & Services,Energy,CCLP
2018Q2,2018,Q2,2018-08-08,2018-06-30,-9592000.0,99922000.0,4117000.0,-0.23289,14966000.0,0.1497768259242209,839513000.0,0.0,185467000.0,80239000.0,766407000.0,65456000.0,0.0,229822154.28,810944154.28,0.0,2.3114320966113735,0.7534034612924397,0.0,0.0071420715744929765,0.0,0.0,2.300015554932848,-5.989943554003337,0.0,-0.7939949958298582,1.2979100464434123,0.03313866769659279,0.11902376735083316,1.3807998604170042,-0.01142567178828678,-6.733531226158038,0.1497768259242209,0.417775,-1.8671956635699607,-0.2040363070345963,0.0,0.48708267090620033,0.39048103196289,1.3299377475947933,-7.640535874383263,-0.3638428076492591,0.0,Oil & Gas Equipment & Services,Energy,CCLP
2018Q1,2018,Q1,2018-05-09,2018-03-31,-15737000.0,85417000.0,1767000.0,-0.4,10064000.0,0.11782197923130056,853941000.0,0.0,210686000.0,75841000.0,771712000.0,53068000.0,0.0,286247047.68,828561047.6800001,0.0,2.7779960707269153,0.7405827803091782,0.0,0.00304860680909764,0.0,0.0,3.3511718707048948,-4.5473573057126515,0.0,-0.4646374785537269,1.4199329162583854,0.02554436826253034,0.10002681684097613,1.8846534196542768,-0.018428673643729486,-16.447198786485867,0.11782197923130056,-0.37931034482758635,-1.8104298533375995,-0.3510476177284808,0.0,-0.03905280244438079,-0.4744682844561042,-0.3486914854404718,-8.31700292851383,-0.3021130489056478,0.0,Oil & Gas Equipment & Services,Energy,CCLP
2017Q4,2017,Q4,2018-03-02,2017-12-31,-10673000.0,83101000.0,2713000.0,-0.29,10473000.0,0.1260273642916451,742932000.0,0.0,102147000.0,64006000.0,647905000.0,42283000.0,0.0,205774474.98,710349474.98,0.0,1.5958972596319094,0.6893982221791496,0.0,0.005608626853777446,0.0,0.0,2.4761973379381716,-4.819977395765014,0.0,-0.6479902557856273,1.7176643095333821,0.03360961071907579,0.11185545918065179,0.8651845139518171,-0.014366052343956109,66.74488322413234,0.1260273642916451,-0.31818181818181807,-1.5307016053709197,-0.375559067794546,0.0,0.1992442459635864,-0.3646592507352001,0.1290054099042863,-3.1664091451037284,-0.4107453965918207,0.0,Oil & Gas Equipment & Services,Energy,CCLP
2017Q3,2017,Q3,2017-11-08,2017-09-30,-7821000.0,71598000.0,2403000.0,-0.22,8733000.0,0.1219726808011397,745942000.0,0.0,99571000.0,56796000.0,642948000.0,43987000.0,0.0,184663432.77,684056432.77,0.0,1.7531340235227832,0.6793705140614149,0.0,0.005261102847186933,0.0,0.0,2.579170266906897,-5.9028075939777525,0.0,-0.8644674594041682,1.429172255439107,0.03661255451923114,0.09598333382488183,0.89365448271005,-0.01048472937574235,16.815100416135497,0.1219726808011397,-0.047619047619047665,-1.3993777271193424,-0.35465691665730253,0.0,0.16037735849056603,-0.2274011299435028,4.4133522727272725,-1.01035995767591,-0.5008047939605548,0.0,Oil & Gas Equipment & Services,Energy,CCLP
2017Q2,2017,Q2,2017-08-08,2017-06-30,-6372000.0,75315000.0,-704000.0,-0.21,7526000.0,0.09992697337847706,757418000.0,0.0,95218000.0,51273000.0,639418000.0,39949000.0,0.0,167183069.6,671913069.6,0.0,1.8570787744036823,0.6730101476331432,0.0,-0.0015262179385438681,0.0,0.0,2.2197844997676426,-6.559285530445699,0.0,-1.0213433772755807,1.6968885328794212,0.038927386699926944,0.09943650665814649,0.9674097478204903,-0.008412791879781046,31.717524113071523,0.09992697337847706,0.5459155100125631,-1.46982246470443,-0.1982664503570375,0.0,0.21465461588121368,0.5913550952350414,0.7260700389105058,-1.3517652328844108,-0.3682049916064752,0.0,Oil & Gas Equipment & Services,Energy,CCLP
2017Q1,2017,Q1,2017-05-09,2017-03-31,-15593000.0,65552000.0,-2570000.0,-0.462469,6196000.0,0.09452038076641445,762497000.0,0.0,90394000.0,44024000.0,642265000.0,40539000.0,0.0,330425522.0,832814522.0,0.0,2.0532891150281665,0.6659855710907715,0.0,-0.005339313345022671,0.0,0.0,5.040662710519893,-5.29765795549285,0.0,-0.8262040659270186,1.464170305138262,0.03898911900637021,0.08597017430888253,1.0302107941123024,-0.020449916524261733,-61.2579758991472,0.09452038076641445,-0.2846361111111112,-2.526743610068201,-0.2117734298815192,0.0,-0.12312482309651854,-0.28464326907233484,-0.755464480874317,-1.9287352963308109,-0.39502948990948505,0.0,Oil & Gas Equipment & Services,Energy,CCLP
2016Q4,2016,Q4,2017-02-28,2016-12-31,-12138000.0,82868000.0,-1464000.0,-0.36,7066000.0,0.0852681372785635,786140000.0,0.0,102004000.0,49914000.0,642891000.0,31442000.0,0.0,328063169.91,811356169.9100001,0.0,2.0435949833713987,0.6412216653522274,0.0,-0.002995047158255664,0.0,0.0,3.95886433737993,-6.756944511245675,0.0,-1.0617894216510133,2.410851726989377,0.03928511695944308,0.10541124990459715,1.3162840084946108,-0.015439997964739105,25.50044072366887,0.0852681372785635,0.2502374248154752,-2.042569787963728,-0.15636865682093484,0.0,-0.42859453339802683,0.2399974954605222,-1.4742468415937804,-1.8848274688007716,0.181659280726937,0.0,Oil & Gas Equipment & Services,Energy,CCLP
2016Q3,2016,Q3,2016-11-09,2016-09-30,-15971000.0,70714000.0,3087000.0,-0.480152,12366000.0,0.1748734338320559,801503000.0,0.0,101358000.0,48296000.0,633111000.0,45828000.0,0.0,352248561.84,834586561.8399999,0.0,2.098683120755342,0.6184518336175909,0.0,0.006306646283530318,0.0,0.0,4.981312920213819,-5.513877682048713,0.0,-0.8013274059232358,1.2731954263768874,0.03633229879817981,0.08822674400470117,1.0260270001656453,-0.01992631343862718,57.16464814021421,0.1748734338320559,-2.409008292627514,-2.3177495246724455,-0.22008729273682315,0.0,-0.09631686641332944,-2.4126068376068375,-0.4388293037629522,-2.055087136266443,-0.34470671392421076,0.0,Oil & Gas Equipment & Services,Energy,CCLP
2016Q2,2016,Q2,2016-08-09,2016-06-30,-4680000.0,76089000.0,5501000.0,-0.140848,13684000.0,0.1798420270998436,822725000.0,0.0,108707000.0,55357000.0,625640000.0,45184000.0,0.0,271134506.88,823615506.88,0.0,1.9637444225662517,0.6918131818043696,0.0,0.011097107561174189,0.0,0.0,3.5633863880455783,-14.483680923076925,0.0,-2.7316239316239317,1.3811304886685551,0.04715002950789293,0.09248412288431736,1.030655562982098,-0.005688413503904707,15.049650692717584,0.1798420270998436,0.9556254971920953,-3.215049433414859,-0.10798191986189787,0.0,-0.0793864370290635,0.9555762275864033,0.1870953819594303,-1.5244653954642309,-0.2486936238702798,0.0,Oil & Gas Equipment & Services,Energy,CCLP
2016Q1,2016,Q1,2016-05-10,2016-03-31,-105349000.0,81692000.0,4634000.0,-3.174075,14864000.0,0.1819517210987612,834100000.0,0.0,105334000.0,52657000.0,620261000.0,43274000.0,0.0,191177038.07999998,747372038.0799999,0.0,2.000379816548607,0.6791571753986333,0.0,0.008234436798281264,0.0,0.0,2.3402173784458697,-0.453675493075397,0.0,-0.1213490398579958,1.544299117252854,0.06686995534814387,0.09794029492866563,1.0312399111229276,-0.126302601606522,13.911878771648958,0.1819517210987612,0.30342987938692745,-11.561585660746037,0.028722224238885256,-1.0,-0.21764303384388653,0.30333950535643434,-0.4052874743326489,-7.444883232507538,-0.2627085533996719,0.0,Oil & Gas Equipment & Services,Energy,CCLP
2015Q4,2015,Q4,2016-03-07,2015-12-31,-151220000.0,99363000.0,7792000.0,-4.55672,18999000.0,0.1912079949276894,980450000.0,0.0,126200000.0,66900000.0,648292000.0,49771000.0,0.0,378322167.0,948183167.0,0.0,1.8863976083707026,0.5920556887143659,0.0,0.013300913971616318,0.0,0.0,3.8074752875818967,-0.6254499520566064,0.0,-0.11509059648194683,1.614675212473127,0.046003119875341586,0.10134428068743945,1.0223467862481315,-0.15423530011729308,19.83132395030665,0.1912079949276894,-114.918,-4.30676838489033,0.332592395037397,-1.0,-0.14415063741609982,-94.40333539221741,-0.3357203751065644,-9.523547080220368,-0.15363626284818058,0.0,Oil & Gas Equipment & Services,Energy,CCLP
2015Q3,2015,Q3,2015-11-10,2015-09-30,1619000.0,128924000.0,11730000.0,0.04,22199000.0,0.17218671465359436,1168419000.0,0.0,154927000.0,72737000.0,664846000.0,72101000.0,0.0,415145263.23,985189263.23,0.0,2.1299613676670743,0.5035428215391909,0.0,0.016018977477063115,0.0,0.0,3.2200774350004657,64.10519815163681,0.0,10.649166151945645,1.4802152536025852,0.04153004147477913,0.1103405542018745,1.0530816503292684,0.0013856330648508797,-54.86984710943696,0.17218671465359436,1.0,4.618073852784673,0.7578255787352506,-1.0,0.04954848470521488,0.39208942390369733,0.10691705199584788,-0.9116983522410499,0.2411490640709875,0.0,Oil & Gas Equipment & Services,Energy,CCLP
2015Q2,2015,Q2,2015-08-11,2015-06-30,1163000.0,126465000.0,10597000.0,0.02,21151000.0,0.16724785513778515,1223399000.0,0.0,208489000.0,124771000.0,704335000.0,113528000.0,0.0,592592180.82,1137525180.8200002,0.0,1.6709732229444343,0.4726274911128749,0.0,0.014539235735314595,0.0,0.0,4.685819640374808,127.3843896861565,0.0,14.70335339638865,0.9276478049467972,0.02885627005124816,0.10337183535379708,0.7065023122360163,0.0009506301705330803,-2782.1229146478877,0.16724785513778515,-0.5,-0.4837377863610076,0.7302681397164015,0.0,-0.07208037202772659,-0.3567477876106195,-0.08211346903421395,-0.9108632247002127,0.39938791049172545,0.0,Oil & Gas Equipment & Services,Energy,CCLP
2015Q1,2015,Q1,2015-05-12,2015-03-31,1808000.0,102889000.0,11545000.0,0.04,22794000.0,0.22153971755970026,1234509000.0,0.0,216745000.0,143379000.0,698382000.0,123319000.0,0.0,637704047.2399999,1165318047.2399998,0.0,1.5116927862518221,0.4480202250449369,0.0,0.01572494884752494,0.0,0.0,6.197980806888976,88.17810387721238,0.0,9.189712389380531,0.6494944007006219,0.02605440575751426,0.08334406634540534,0.6091268595819471,0.001464549873674473,-136.34895172974126,0.22153971755970026,-0.6972678422765458,-0.30981439992184673,0.38880888178566075,0.0,-0.11465858774178513,-0.5854161889474891,-0.10580125474401673,-0.8199188473740358,0.25854130461006797,0.0,Oil & Gas Equipment & Services,Energy,CCLP
2014Q4,2014,Q4,2015-03-20,2014-12-31,4361000.0,124837000.0,12911000.0,0.13213,25746000.0,0.2062369329605806,1232664000.0,0.0,231487000.0,140571000.0,682383000.0,113130000.0,0.0,437235660.0,943130660.0,0.0,1.6467621344374017,0.4380439438484453,0.0,0.030924024513760247,0.0,0.0,3.502452478031353,25.065103187342352,0.0,3.4946113276771382,0.8759038274551401,0.0348553455132182,0.10127415094462075,0.8031101720838579,0.0035378659553617206,-74.88194211337557,0.2062369329605806,2.3213,0.024407152905269864,0.6650880038944325,-1.0,0.28942755546651977,2.676662821991542,0.31691146470828235,-0.6207334926376905,0.2867956254569496,0.0,Oil & Gas Equipment & Services,Energy,CCLP
2014Q3,2014,Q3,2014-11-14,2014-09-30,-2601000.0,95892000.0,9804000.0,-0.1,19967000.0,0.20822383514787468,1187610000.0,0.0,190615000.0,117067000.0,630719000.0,97946000.0,0.0,572521766.88,1061255766.88,0.0,1.6282556143063374,0.42933370382532987,0.0,0.012654875881295376,0.0,0.0,5.970485200850957,-55.029004890426755,0.0,-2.763936947327951,0.7751720335695179,0.012556727823951551,0.0807436784803092,0.7491265685462172,-0.0021901129158562152,-75.80057816496756,0.20822383514787468,-1.3333333333333335,-13.639463840083996,0.830931469932033,-1.0,0.8046818510484454,-1.5331010452961673,0.6188903566710701,-1.3012307522450204,0.484503290421541,0.0,Oil & Gas Equipment & Services,Energy,CCLP
2014Q2,2014,Q2,2014-08-14,2014-06-30,4879000.0,32108000.0,6056000.0,0.3,11064000.0,0.34458701881151116,226807000.0,0.0,49100000.0,16965000.0,60305000.0,15505000.0,0.0,255323750.0,282334750.0,0.0,2.894193928676687,0.16688638357722646,0.0,0.14421196674195727,0.0,0.0,7.952029089323533,13.082791043246567,0.0,1.4949784791965566,1.3572396001289906,0.028567651853773884,0.1415652956037512,1.8640730916592985,0.021511681738217957,-1636.690705128205,0.34458701881151116,0.03448275862068969,6.735605015039682,0.5690224606342629,0.0,0.10144350423096067,0.056289240095258715,0.017644093429675684,7.264270079914053,0.34710407154043244,0.0,Oil & Gas Equipment & Services,Energy,CCLP
2014Q1,2014,Q1,2014-05-13,2014-03-31,4619000.0,29810000.0,5951000.0,0.29,10045000.0,0.33696746058369675,223631000.0,0.0,46463000.0,18031000.0,55026000.0,13545000.0,0.0,233753596.475936,253340596.475936,0.0,2.5768398868615163,0.14407662622802742,0.0,0.16240708658337533,0.0,0.0,7.841449059910634,12.651742610734791,0.0,1.5076856462437758,1.4592100406053894,0.02979205498862524,0.13329994499868086,1.739171426986856,0.02065456041425384,22.84981392726647,0.33696746058369675,-0.28191160084189676,5.300453231881986,0.4377781426416881,0.0,-0.09675388903875551,-0.27225460847644556,-0.10403492923818126,0.6569224117495055,0.34318573704291494,-1.0,Oil & Gas Equipment & Services,Energy,CCLP
2013Q4,2013,Q4,2014-03-14,2013-12-31,6347000.0,32447000.0,6642000.0,0.40385,11121000.0,0.3427435510216661,225109000.0,0.0,48979000.0,16905000.0,51393000.0,14029000.0,0.0,314183984.4,334665984.4,0.0,2.8973084886128366,0.13308663802868834,0.0,0.22966360429271288,0.0,0.0,9.682990242549387,12.375294800693242,0.0,1.0753111706317946,1.5201368593627487,0.021722940502628626,0.14413906152130745,1.969594794439515,0.028195229866420268,200.88490051150893,0.3427435510216661,0.5532692307692306,2.182545702923474,-0.07617852736549169,-1.0,0.093940586267952,0.5101118248869855,0.16669594238538557,-0.7047462785178685,-0.07428026406555772,-1.0,Oil & Gas Equipment & Services,Energy,CCLP
2013Q3,2013,Q3,2013-11-08,2013-09-30,4203000.0,29963000.0,5693000.0,0.26,10166000.0,0.3392851183125855,229052000.0,0.0,51556000.0,24664000.0,54732000.0,14551000.0,0.0,193302782.4,207573782.4,0.0,2.0903340901719103,0.10640815186071285,0.0,0.1836036883013639,0.0,0.0,6.451382785435371,11.497905210563882,0.0,1.6048060908874613,1.3605250498247543,0.03489344496885007,0.13081309047727155,1.4089766461239053,0.018349545081466218,43.1479425,0.3392851183125855,0.7333333333333335,51.405140003809116,0.4679159955542365,-1.0,0.26900511796280113,0.6961259079903148,0.6554230881070079,51.405140003809116,0.4679159955542365,-1.0,Oil & Gas Equipment & Services,Energy,CCLP
2013Q2,2013,Q2,2013-08-09,2013-06-30,2478000.0,28124000.0,3439000.0,0.15,8011000.0,0.2848456834020765,228091000.0,0.0,54244000.0,24974000.0,51624000.0,14690000.0,0.0,173470147.572864,185491147.572864,0.0,2.172018899655642,0.09423431875874103,0.0,0.12830918721051982,0.0,0.0,6.168046777587256,17.50102376643099,0.0,2.7195318805488298,1.3691626957113683,0.03884818278124405,0.12330166468646286,1.439176743813566,0.010864084948551235,-484.55348484040223,0.2848456834020765,-0.48275862068965514,2.9532690190645448,0.3828803141448916,0.0,-0.19146144529672993,-0.4540647719762062,-0.35137683892870614,2.9532690190645448,0.3828803141448916,0.0,Oil & Gas Equipment & Services,Energy,CCLP
2013Q1,2013,Q1,2013-05-10,2013-03-31,4539000.0,30767000.0,5302000.0,0.29,9908000.0,0.3220333474176878,226601000.0,0.0,55920000.0,27023000.0,46177000.0,16057000.0,0.0,188381814.856331,193269814.856331,0.0,2.0693483329016025,0.06310651762348798,0.0,0.31988624566841634,0.0,0.0,6.122852889665258,10.375733358467228,0.0,1.4672835426305353,1.2990596001743788,0.03535373095900597,0.13577609984068914,1.3423380083632461,0.020030803041469366,-167.45050209451642,0.3220333474176878,-0.07672715695638335,5.2313721985833785,0.493532688437884,0.0,5.375804375804376,-0.07348438456827924,-0.13605996415186572,5.2313721985833785,0.493532688437884,0.0,Oil & Gas Equipment & Services,Energy,CCLP
2012Q4,2012,Q4,2013-03-11,2012-12-31,4899000.0,32418000.0,6137000.0,0.3141,1554000.0,0.04793633166759208,217786000.0,0.0,51163000.0,20539000.0,35536000.0,15908000.0,0.0,153127055.416202,150211055.416202,0.0,2.4910170894396026,0.04614621692854454,0.0,0.5108535702634369,0.0,0.0,4.723519508180702,7.814199602786384,0.0,1.286589099816289,1.9401558964043248,0.04116189645826034,0.14885254332234396,1.5368323676907347,0.02249455887889947,35.11283086819583,0.04793633166759208,-0.01843750000000005,3.181794443249406,0.571262742032594,-1.0,-0.8948080958505381,-0.0323918625320956,-0.04778898370830101,3.181794443249406,0.571262742032594,-1.0,Oil & Gas Equipment & Services,Energy,CCLP
2012Q3,2012,Q3,2012-11-09,2012-09-30,5063000.0,28684000.0,6445000.0,0.32,14773000.0,0.5150257983544834,215792000.0,0.0,50141000.0,21848000.0,32720000.0,16341000.0,0.0,155783546.0,150920546.0,0.0,2.2949926766752107,0.026877734114332322,0.0,0.9386120315718016,0.0,0.0,5.431025868079765,7.692254888406084,0.0,0.0,0.8512942904351019,0.0,0.13292429747163936,1.424295129989015,0.023462408244976644,41.78743186695279,0.5150257983544834,0.3913043478260869,62.623658169110804,0.41628884847204123,-1.0,0.20262129599478998,0.4056079955580233,0.30228328955344513,62.623658169110804,0.41628884847204123,-1.0,Oil & Gas Equipment & Services,Energy,CCLP
2012Q2,2012,Q2,2012-08-10,2012-06-30,3602000.0,24949000.0,4949000.0,0.23,12284000.0,0.4923644234237845,205371000.0,0.0,40532000.0,17601000.0,22049000.0,16141000.0,0.0,113520412.8,106161412.8,0.0,2.302823703198682,0.0,0.0,0.0,0.0,0.0,4.550098713375285,7.878984786229872,0.0,0.0,0.7846477913388266,0.0,0.1214825851751221,1.2695301403329355,0.017538990412473036,15.17652577540107,0.4923644234237845,0.2777777777777779,4.791798187702945,0.23644639684532456,0.0,0.14461423779351473,0.3017708709794001,0.620497707924034,4.791798187702945,0.23644639684532456,0.0,Oil & Gas Equipment & Services,Energy,CCLP
2012Q1,2012,Q1,2012-05-15,2012-03-31,2767000.0,22531000.0,3054000.0,0.18,10732000.0,0.47632151258266386,203036000.0,0.0,39810000.0,13030000.0,17670000.0,17825000.0,0.0,158760642.365325,152740642.365325,0.0,3.0552570990023025,0.0,0.0,0.0,0.0,0.0,7.046320286064756,14.344112971207537,0.0,0.0,0.6619354838709678,0.0,0.1109704682913375,1.4684574059861857,0.013628125061565436,-29.36205703076105,0.47632151258266386,-0.11743074282912479,2.832636508672823,0.10350679528627262,0.0,-0.10102194672474452,-0.11399295549151457,-0.28927158482662324,2.832636508672823,0.10350679528627262,0.0,Oil & Gas Equipment & Services,Energy,CCLP
2011Q4,2011,Q4,2012-03-22,2011-12-31,3123000.0,26349000.0,4297000.0,0.20395,11938000.0,0.4530722228547573,206344000.0,0.0,47370000.0,13327000.0,17700000.0,16966000.0,0.0,135664395.0,118188395.0,0.0,3.5544383582201546,0.0,0.0,0.0,0.0,0.0,5.148749288398042,10.860102065321806,0.0,0.0,0.849404691736414,0.0,0.12769452952351412,2.153748030314399,0.015134920327220565,29.58874482006543,0.4530722228547573,-0.02880952380952381,1.701021927904285,0.29398015578670367,-1.0,0.027366609294320138,-0.05104831358249772,-0.018277358921635824,1.701021927904285,0.29398015578670367,-1.0,Oil & Gas Equipment & Services,Energy,CCLP
2011Q3,2011,Q3,2011-11-14,2011-09-30,3291000.0,24620000.0,4377000.0,0.21,11620000.0,0.4719740048740861,210100000.0,0.0,51906000.0,14910000.0,19322000.0,15372000.0,0.0,139182472.78,119616472.78,0.0,3.4812877263581488,0.0,0.0,0.0,0.0,0.0,5.653227976441917,10.57296207687633,0.0,0.0,0.8456934686442883,0.0,0.11718229414564493,2.3225352112676054,0.015663969538315087,91.08800574607329,0.4719740048740861,4.249999999999999,40.95940735095692,0.2333630256973832,-1.0,0.1486753657572163,4.951175406871609,0.3678125,40.95940735095692,0.2333630256973832,-1.0,Oil & Gas Equipment & Services,Energy,CCLP
2011Q2,2011,Q2,2011-08-15,2011-06-30,553000.0,22326000.0,3200000.0,0.04,10116000.0,0.45310400429991937,204056000.0,0.0,48194000.0,10742000.0,15165000.0,15801000.0,0.0,162455420.76,143122420.76,0.0,4.486501582573077,0.0,0.0,0.0,0.0,0.0,7.27651262026337,73.44277611211572,0.0,0.0,0.7727359027909626,0.0,0.10941114203944015,2.864271085458946,0.002710040381071863,-96.98831090149253,0.45310400429991937,-0.8669018068079727,-0.0639699646505102,0.16473737536852937,0.0,0.039671120246659815,-0.7977322604242868,-0.024687595245352027,-0.0639699646505102,0.16473737536852937,0.0,Oil & Gas Equipment & Services,Energy,CCLP
2011Q1,2011,Q1,2011-03-31,2011-03-31,2734000.0,21766000.0,3281000.0,0.30053,9730000.0,0.447027474042084,193642000.0,22700000.0,34843000.0,7304000.0,170942000.0,16743000.0,0.0,172847883.0,311807883.0,2.4952576364501957,4.77039978094195,0.7493209117856663,6.392070484581498,0.016757996719486176,2.4952576364501957,0.12044052863436124,7.941187310484241,15.805402615215801,7.614444185022027,0.0,0.7188675864540405,0.0,0.11240330093678025,2.2560240963855422,0.014118837855423927,53.11858727719729,0.447027474042084,-0.7819082126507658,2.8025034770514603,0.07042392052719576,0.0,-0.09005891704853643,-0.7819081046585833,-0.037547667937811675,2.8025034770514603,0.07042392052719576,0.0,Oil & Gas Equipment & Services,Energy,CCLP
2010Q4,2010,Q4,2010-12-31,2010-12-31,12536000.0,20440000.0,3409000.0,1.3779977854863286,10693000.0,0.5231409001956947,196566000.0,25953000.0,35542000.0,6599000.0,170613000.0,17731000.0,0.0,172847883.0,311303883.0,2.8528379488454596,5.385967570844067,0.7380981451522644,5.590297846106423,0.0189659986813776,2.8528379488454596,0.4830270103648904,8.456354354207436,3.4470302129865984,6.6600347936654725,0.0,0.5497151880886583,0.0,0.10398542983018426,2.404909834823458,0.06377501704262181,-16.334141277641276,0.5231409001956947,157.68237971975225,9.779019776440242,-0.0020505809979494524,-0.23442477876106196,0.07564631324816416,157.68354430379748,-0.013599537037037037,9.779019776440242,-0.0020505809979494524,-0.23442477876106196,Oil & Gas Equipment & Services,Energy,CCLP
2010Q3,2010,Q3,2010-09-30,2010-09-30,79000.0,20106000.0,3456000.0,0.008684,9941000.0,0.49442952352531583,192144000.0,10291000.0,31393000.0,17140000.0,181853000.0,18619000.0,0.0,172847883.0,170957883.0,1.131220102938721,1.831563593932322,0.0,0.0,0.14739092410844426,1.131220102938721,0.007676610630648139,8.596830945986273,546.9869715189874,16.796024001554756,0.0,0.545947687845749,0.0,0.10464026979765176,0.682730455075846,0.00041114997085519195,20.23506005619293,0.49442952352531583,-0.8721681656926678,0.0,0.0,0.0,-0.12468081359513956,-0.872168284789644,-0.21898305084745762,0.0,0.0,0.0,Oil & Gas Equipment & Services,Energy,CCLP
2010Q2,2010,Q2,2010-06-30,2010-06-30,618000.0,20051000.0,4425000.0,0.067933,11357000.0,0.5664056655528402,,,,,,,,172847883.0,,,0.0,0.0,0.0,0.0,,0.0,8.620412099147174,69.92228276699029,0.0,0.0,0.0,0.0,0.0,0.0,0.0,21.439826717935997,0.5664056655528402,-0.14046941228569623,0.0,0.0,0.0,0.01574098917806994,-0.1404728789986092,-0.020367500553464687,0.0,0.0,0.0,Oil & Gas Equipment & Services,Energy,CCLP
2010Q1,2010,Q1,2010-03-31,2010-03-31,719000.0,20334000.0,4517000.0,0.079035,11181000.0,0.5498672174682797,,,,,,,,172847883.0,,,0.0,0.0,0.0,0.0,,0.0,8.50043685452936,60.100098400556334,0.0,0.0,0.0,0.0,0.0,0.0,0.0,30.570902546869473,0.5498672174682797,-0.38176981341788485,0.0,0.0,0.0,-0.016190057193136823,-0.3817712811693895,-0.07210353327855382,0.0,0.0,0.0,Oil & Gas Equipment & Services,Energy,CCLP
2009Q4,2009,Q4,2009-12-31,2009-12-31,1163000.0,20482000.0,4868000.0,0.12784073265161136,11365000.0,0.554877453373694,202497000.0,33900000.0,36850000.0,3868000.0,168597000.0,18504000.0,0.0,172847883.0,168269883.0,3.7263979680908212,9.52688728024819,0.0,0.0,0.08775902665718001,3.7263979680908212,0.03430678466076696,8.439013914656773,37.15560683576956,5.098757610619469,0.0,0.49270428015564205,0.0,0.10114717748904922,4.445449844881075,0.005743294962394505,-44.64046565082645,0.554877453373694,0.0,0.0,0.0,0.0,0.0,0.0,0.0,0.0,0.0,0.0,Oil & Gas Equipment & Services,Energy,CCLP
