Quarters,Year,Quarter,FillingDate,Date,NetIncome,Revenue,OperatingIncome,EPSDiluted,GrossProfit,GrossProfitRatio,TotalAssets,CommonStockEquity,CurrentAssets,CurrentLiability,TotalLiability,Inventory,RetainedEarnings,MarketCap,EnterpriseValue,bookValuePerShare,currentRatio,debtToAssets,debtToEquity,roic,shareholdersEquityPerShare,roe,priceToSalesRatio,peRatio,pbRatio,payoutRatio,inventoryTurnover,dividendYield,assetTurnover,quickRatio,returnOnAssets,priceToFreeCashFlowsRatio,grossProfitMargin,epsdilutedGrowth,fiveYNetIncomeGrowthPerShare,fiveYRevenueGrowthPerShare,fiveYShareholdersEquityGrowthPerShare,grossProfitGrowth,netIncomeGrowth,operatingIncomeGrowth,threeYNetIncomeGrowthPerShare,threeYRevenueGrowthPerShare,threeYShareholdersEquityGrowthPerShare,Industry,Sector,Symbol
2023Q4,2023,Q4,2023-03-31,2023-03-31,1145000.0,86777000.0,13797000.0,0.0,51677000.0,0.5955149406,1157296000.0,373000.0,470651000.0,392563000.0,1150953000.0,0.0,-883420000.0,0.0,548290000.0,0.0,1.1989183901692213,0.6816199140064426,2114.8418230563,0.02527393941851329,0.0,3.06970509383378,0.0,0.0,0.0,0.0,0.0,,0.07498254551990156,1.1768913524708136,0.0009893752333024568,0.0,0.5955149405948581,-1.0,-1.0,-1.0,-1.0,-0.19957560174715777,-0.198740377886634,-0.23545384018619084,1.0,-1.0,-1.0,Software—Infrastructure,Technology,GB
2023Q3,2023,Q3,2022-12-31,2022-12-31,1429000.0,86685000.0,18046000.0,0.0062,64562000.0,0.7447886024,1172795000.0,-1570000.0,490149000.0,342160000.0,1168562000.0,0.0,-884226000.0,991735439.7108,1544576439.7108002,-0.006864828466738375,1.432514028524667,0.6704539156459569,-500.8312101910828,0.006007625229253034,-0.006864828466738375,-0.9101910828025478,11.440681083356983,173.50165145395383,-631.6786240196179,0.0,0.0,0.0,0.07391317323146841,1.415273556231003,0.0012184567635435007,21.187306437164587,0.7447886024110284,1.1047297297297296,-0.7750956414931213,-0.36945790869835254,-1.0537091566663723,0.04555539360961311,1.1279434148088459,3.1370930765703804,-0.7990879152909107,-0.3947675960750237,-1.0553420405214653,Software—Infrastructure,Technology,GB
2023Q2,2023,Q2,2022-09-30,2022-09-30,-11169000.0,81910000.0,4362000.0,-0.0592,61749000.0,0.7538639971,1151348000.0,-1266000.0,500887000.0,320922000.0,1147060000.0,0.0,-877484000.0,888105244.7731999,1458230244.7732,-0.006714541809425816,1.5607748923414413,0.6873186907867995,-625.0734597156398,0.005248879409011404,-0.006714541809425816,8.822274881516588,10.842452017741422,-19.87879946219894,-701.5049326802526,0.0,0.0,0.0,0.07114269534493481,1.5297330815587589,-0.009700802884966143,-22.862205755372493,0.7538639970699549,0.27003699136868065,-3.1322227522966437,-0.2772972712904268,-1.0525333414713423,0.5040921712865981,0.23896156991005724,1.341983535868287,-1.953430550257898,-0.40153825078540856,-1.0541304777971925,Software—Infrastructure,Technology,GB
2023Q1,2023,Q1,2022-06-30,2022-06-30,-14676000.0,56118000.0,-12755000.0,-0.0811,41054000.0,0.7315656296,1128203000.0,7110000.0,473046000.0,292133000.0,1114588000.0,0.0,-863905000.0,854066440.8000001,1369675440.8000002,0.03927091963545982,1.6192829978126402,0.6961078812944125,110.45724331926864,-0.014297955355877011,0.03927091963545982,-2.0641350210970466,15.2191175879397,-14.548692436631237,120.12186227848102,0.0,0.0,0.0,0.049741048375159434,1.59727247520821,-0.01300829726565166,-15.99794779155584,0.731565629566271,0.4207142857142857,-3.9177278416547616,-0.48436338655200106,-0.6927515399178574,0.833995979450525,0.41483253588516744,0.542323011231117,-17.868360856491183,-0.459240049076358,-0.6834104688396646,Software—Infrastructure,Technology,GB
2022Q4,2022,Q4,2022-03-31,2022-03-31,-25080000.0,39156000.0,-27869000.0,-0.14,22385000.0,0.5716876085,853430000.0,-191525000.0,185906000.0,269869000.0,1039223000.0,0.0,-848929000.0,901176375.0,1583254375.0,-1.0578569455951394,0.688874972671926,0.8597869772564827,-3.831186529173737,-0.045159933109197206,-1.0578569455951394,0.13094896227646521,23.015026432730615,-8.983018092105263,-4.705267589087587,0.0,0.0,0.0,0.04588074007241367,0.6578043421067259,-0.029387295970378355,-34.944215557020435,0.5716876085401982,0.0,-5.986141610023265,-0.6402176264982742,-9.276478384983454,-0.27839205699364944,-0.030106378609274242,-0.5348901250206531,-19.907180645691387,-0.507706769612933,-12.434055778162188,Software—Infrastructure,Technology,GB
2022Q3,2022,Q3,2021-12-31,2021-12-31,-24347000.0,38857000.0,-18157000.0,-0.14,31021000.0,0.7983374939,891527000.0,-172766000.0,217295000.0,282139000.0,1058064000.0,0.0,-823992000.0,1013309921.4649999,1647302921.465,-0.9627582209987239,0.7701700225775239,0.8110219881170172,-4.1851290184411285,-0.03225264862620999,-0.9627582209987239,0.14092471898405937,26.07792473595491,-10.404874537571363,-5.8652160810865555,0.0,0.0,0.0,0.043584770848218844,0.7541637278079245,-0.02730932433902731,108.22491951991881,0.7983374938878451,-5.666666666666667,-5.883599255344742,-0.6397795896096286,-8.532443435986712,0.28238941711451016,-5.232052841995481,-3.303310922237727,-5.883599255344742,-0.6397795896096286,-8.532443435986712,Software—Infrastructure,Technology,GB
2022Q2,2022,Q2,2021-09-30,2021-09-30,5753000.0,31211000.0,7883000.0,0.03,24190000.0,0.775047259,901951000.0,-153279000.0,221438000.0,270983000.0,1048187000.0,0.0,-799354000.0,999613117.642,1639253117.642,-0.8541646930325608,0.8171656524579033,0.8008417308700805,-4.7124524559789664,0.047555756721765784,-0.8541646930325608,-0.03753286490647773,32.027590197109994,43.4387761881627,-6.521526873492128,0.0,0.0,0.0,0.034603875376822024,0.7963599192569275,0.006378395278679219,-20.712648259298398,0.775047258979206,1.1304347826086956,0.1539551696717582,-0.7106611619864147,-7.682827624790801,0.9470379909851899,1.1413409331007542,1.1962019015381553,0.1539551696717582,-0.7106611619864147,-7.682827624790801,Software—Infrastructure,Technology,GB
2022Q1,2022,Q1,2021-06-30,2021-06-30,-40703000.0,16723000.0,-40178000.0,-0.23,12424000.0,0.7429289003,905484000.0,-117608000.0,215956000.0,240515000.0,1016435000.0,0.0,-783501000.0,1502700183.632,2089074183.632,-0.6553839809639508,0.8978899444941064,0.796936224162989,-6.13574756819264,-0.05805055113523966,-0.6553839809639508,0.34609040201346847,89.85828999772768,-9.229664789032748,-12.777193589143595,0.0,0.0,0.0,0.01846857592182744,0.8730391035902126,-0.04495165016720339,-34.614857266009395,0.7429289003169288,0.1785714285714286,-9.164338131609522,-0.8449708952580441,-6.127603855038175,0.6609625668449198,0.19300923906578374,0.1990510934354006,-9.164338131609522,-0.8449708952580441,-6.127603855038175,Software—Infrastructure,Technology,GB
2021Q4,2021,Q4,2021-03-31,2021-03-31,-50438000.0,10465000.0,-50163000.0,-0.28,7480000.0,0.7147634974,961152000.0,-76390000.0,251264000.0,251207000.0,1030763000.0,0.0,-742836000.0,1855431239.2979999,2406082239.298,-0.42569197933674746,1.0002269045050496,0.7630780563324011,-9.60117816468124,-0.06638378545647053,-0.42569197933674746,0.6602696688048174,177.2987328521739,-9.196594032762997,-24.288928384579133,0.0,0.0,0.0,0.010887976095352244,0.9695669308578184,-0.05247661139965375,-74.52428964525846,0.714763497372193,-0.1200000000000001,-11.117015617574161,-0.9029851353749585,-4.330535835031343,-0.2761056808284138,-0.1500296411145059,-0.08047041592176966,-11.117015617574161,-0.9029851353749585,-4.330535835031343,Software—Infrastructure,Technology,GB
2021Q3,2021,Q3,2020-12-31,2020-12-31,-43858000.0,14205000.0,-46427000.0,-0.25,10333000.0,0.7274199226,943783000.0,-86899000.0,288325000.0,247650000.0,1024553000.0,0.0,-690284000.0,1857136495.5,2370191495.5,-0.4998360702884588,1.1642438925903493,0.7652543010416589,-8.311188851425218,-0.06179580998177411,-0.4998360702884588,0.5047008596186378,130.7382256599789,-10.586076060809887,-21.371206751516127,0.0,0.0,0.0,0.01505112933799401,1.1474702200686453,-0.04647042805390646,-45.18580281021898,0.727419922562478,0.8484848484848485,-10.080238243344706,-0.8640766265741097,-4.9106255803332015,0.21995277449822903,0.841466412191666,0.8369661023496238,-10.080238243344706,-0.8640766265741097,-4.9106255803332015,Software—Infrastructure,Technology,GB
2021Q2,2021,Q2,2020-09-30,2020-09-30,-276648000.0,12393000.0,-284769000.0,-1.65,8470000.0,0.6834503349,1011391000.0,-45149000.0,336162000.0,367204000.0,1050289000.0,0.0,-646387000.0,995716931.796,1466679931.796,-0.26895536969523676,0.9154638838356881,0.7126986496814783,-15.96529269751268,-0.4058253530086497,-0.26895536969523676,6.127444683160203,80.34510867392883,-0.8998049252082069,-22.05401961939356,0.0,0.0,0.0,0.012253421278219798,0.8961067962222634,-0.27353219476938195,-14.546844099928414,0.6834503348664569,-4.5,-60.31919165712993,-0.8771857882085304,-3.104257398012861,1.204007285974499,-4.460445286594031,-4.375738583806845,-60.31919165712993,-0.8771857882085304,-3.104257398012861,Software—Infrastructure,Technology,GB
2021Q1,2021,Q1,2020-06-30,2020-06-30,-50664000.0,7633000.0,-52973000.0,-0.3,3843000.0,0.5034717673,281052500.0,17874250.0,102859750.0,87178250.0,263178250.0,0.0,-79298750.0,1525552636.4893186,1630159886.4893186,0.10650541770954991,1.1798785821004665,0.5599363108316062,8.804369414101291,-0.2710698167361168,0.10650541770954991,-2.834468579101221,199.86278481453147,-7.527794077102669,85.34918312596716,0.0,0.0,0.0,0.02715862694692273,1.1497305807354472,-0.18026525293317086,151.43464725921368,0.5034717673260841,-1.9999999999999998,-11.866231486150575,-0.9243377544719658,-0.1667211798086681,-0.9393264813148298,-1.9353418308227115,-5.28759643916914,-11.866231486150575,-0.9243377544719658,-0.1667211798086681,Software—Infrastructure,Technology,GB
2020Q4,2020,Q4,2020-03-31,2020-03-31,-17260000.0,82933000.0,-8425000.0,-0.1,63339000.0,0.7637369925,1124210000.0,63121000.0,411439000.0,348713000.0,1052713000.0,0.0,-317195000.0,1552172804.2410831,1970601804.2410831,0.3761124786351595,1.1798785821004665,0.5733519538164578,10.211625291107556,-0.014211667606168862,0.3761124786351595,-0.27344306965985965,18.7159852440052,-22.482224858648365,24.59043431252805,0.0,0.0,0.0,0.07377002517323276,1.1497305807354472,-0.015353003442417341,25.509857743172653,0.7637369925120278,-6.0,-4.701862376657171,-0.17792519214247798,1.9426349306570658,-0.23864988640871226,-4.166391487800404,-1.7037253591714,-4.701862376657171,-0.17792519214247798,1.9426349306570658,Software—Infrastructure,Technology,GB
2020Q3,2020,Q3,2019-12-31,2019-12-31,5451000.0,109767000.0,11972000.0,0.02,83193000.0,0.7579053814,299788250.0,21741750.0,105326750.0,98609000.0,278046500.0,0.0,-78113750.0,1616350574.3400002,1759114324.3400002,0.12404364569961489,1.0681251204251134,0.5227789948405249,7.208389389078616,0.18092869405328943,0.12404364569961489,0.2507157887474559,14.72528696548143,74.13091975509082,74.34316806788783,0.0,0.0,0.0,0.3661484397737403,1.0278524272632314,0.01818283405036722,15.783132256029687,0.757905381398781,-0.6,0.11941677790327547,0.041818130048120315,-0.02950530626820369,-0.16124251406448492,-0.4994490358126722,-0.5643852563402831,0.11941677790327547,0.041818130048120315,-0.02950530626820369,Software—Infrastructure,Technology,GB
2020Q2,2020,Q2,2019-09-30,2019-09-30,10890000.0,127234000.0,27483000.0,0.05,99186000.0,0.7795557791,299788250.0,21741750.0,105326750.0,98609000.0,278046500.0,0.0,-78113750.0,1637544406.68,1780308156.68,0.12404364569961489,1.0681251204251134,0.5227789948405249,7.208389389078616,0.10671671239894016,0.12404364569961489,0.5008796440028976,12.87033659776475,37.5928468016529,75.3179668922695,0.0,0.0,0.0,0.4244128981039117,1.0278524272632314,0.036325639847459,168.80160877022988,0.7795557791156452,16.625,1.2363692370879968,0.20760053530243655,-0.02950530626820369,0.28147286821705425,15.46215139442231,1.7924202397886608,1.2363692370879968,0.20760053530243655,-0.02950530626820369,Software—Infrastructure,Technology,GB
2020Q1,2020,Q1,2019-06-30,2019-06-30,-753000.0,100466000.0,9842000.0,-0.0032,77400000.0,0.7704098899,299788250.0,21741750.0,105326750.0,98609000.0,278046500.0,0.0,-78113750.0,1583246017.0124998,1726009767.0124998,0.12404364569961489,1.0681251204251134,0.5227789948405249,7.208389389078616,-0.01631691692066743,0.12404364569961489,-0.03463382662389182,15.759023122374732,-525.6460879855576,72.82054190727517,0.0,0.0,0.0,0.33512320779750376,1.0278524272632314,-0.0025117728930336663,-73.88678444150176,0.7704098899130054,-1.4383561643835616,-1.15463599958928,-0.046459316065716925,-0.02950530626820369,-0.030063033371345506,-1.4373457238275011,-0.30703560930101564,-1.15463599958928,-0.046459316065716925,-0.02950530626820369,Software—Infrastructure,Technology,GB
2019Q4,2019,Q4,2019-03-31,2019-03-31,1721750.0,103239000.0,14202750.0,0.0073,79799000.0,0.7729540193,299788250.0,21741750.0,105326750.0,98609000.0,278046500.0,0.0,-78113750.0,2095277624.9999998,2238041375.0,0.09251808510638299,1.0681251204251134,0.5227789948405249,7.208389389078616,0.01836570476856729,0.09251808510638299,0.0791909574896225,20.29540798535437,304.23662334833745,96.37115802545792,0.0,0.0,0.0,0.3443730699919026,1.0278524272632314,0.005743220423081959,103.56639481000926,0.7729540193144063,-0.7125984251968503,-0.7362831770923224,-0.269170585143237,-0.2761555002389761,-0.012718522275972139,-0.646421603860766,-0.02814082386752429,-0.7362831770923224,-0.269170585143237,-0.2761555002389761,Software—Infrastructure,Technology,GB
2019Q3,2019,Q3,2018-12-31,2018-12-31,4869500.0,105361000.0,14614000.0,0.0254,80827000.0,0.7671434402,291891250.0,22402750.0,96111000.0,97211000.0,269488500.0,0.0,-76464000.0,1477475003.7,1619145503.7,0.1278148623591499,0.9886844081431114,0.5262096756925738,6.856122574237538,0.058320694850158124,0.1278148623591499,0.21736170782604813,14.02297817693454,75.85352724612383,65.9506089073886,0.0,0.0,0.0,0.36095977525876505,0.959256154138935,0.016682582982532022,101.14669110886717,0.7671434401723598,0.0,0.0,0.0,0.0,0.0,0.0,0.0,0.0,0.0,0.0,Software—Infrastructure,Technology,GB
2019Q2,2019,Q2,2018-09-30,2018-09-30,4869500.0,105361000.0,14614000.0,0.0254,80827000.0,0.7671434402,291891250.0,22402750.0,96111000.0,97211000.0,269488500.0,0.0,-76464000.0,1469318756.8499997,1610989256.8499997,0.1278148623591499,0.9886844081431114,0.5262096756925738,6.856122574237538,0.058320694850158124,0.1278148623591499,0.21736170782604813,13.945565786676282,75.43478575059041,65.58653544096148,0.0,0.0,0.0,0.36095977525876505,0.959256154138935,0.016682582982532022,100.58832133700729,0.7671434401723598,0.0,0.0,0.0,0.0,0.0,0.0,0.0,0.0,0.0,0.0,Software—Infrastructure,Technology,GB
2019Q1,2019,Q1,2018-06-30,2018-06-30,4869500.0,105361000.0,14614000.0,0.0254,80827000.0,0.7671434402,291891250.0,22402750.0,96111000.0,97211000.0,269488500.0,0.0,-76464000.0,1477935012.9375,1619605512.9375,0.1278148623591499,0.9886844081431114,0.5262096756925738,6.856122574237538,0.058320694850158124,0.1278148623591499,0.21736170782604813,14.02734420646634,75.87714410809632,65.97114251319593,0.0,0.0,0.0,0.36095977525876505,0.959256154138935,0.016682582982532022,101.17818295281452,0.7671434401723598,0.0,0.0,0.0,0.0,0.0,0.0,0.0,0.0,0.0,0.0,Software—Infrastructure,Technology,GB
2018Q4,2018,Q4,2018-03-31,2018-03-31,4869500.0,105361000.0,14614000.0,0.0254,80827000.0,0.7671434402,291891250.0,22402750.0,96111000.0,97211000.0,269488500.0,0.0,-76464000.0,1388341163.4975,1530011663.4975,0.1278148623591499,0.9886844081431114,0.5262096756925738,6.856122574237538,0.058320694850158124,0.1278148623591499,0.21736170782604813,13.176993038197246,71.27739826971454,61.97190806921025,0.0,0.0,0.0,0.36095977525876505,0.959256154138935,0.016682582982532022,95.04466367711238,0.7671434401723598,0.0,0.0,0.0,0.0,0.0,0.0,0.0,0.0,0.0,0.0,Software—Infrastructure,Technology,GB
