Quarters,Year,Quarter,FillingDate,Date,NetIncome,Revenue,OperatingIncome,EPSDiluted,GrossProfit,GrossProfitRatio,TotalAssets,CommonStockEquity,CurrentAssets,CurrentLiability,TotalLiability,Inventory,RetainedEarnings,MarketCap,EnterpriseValue,bookValuePerShare,currentRatio,debtToAssets,debtToEquity,roic,shareholdersEquityPerShare,roe,priceToSalesRatio,peRatio,pbRatio,payoutRatio,inventoryTurnover,dividendYield,assetTurnover,quickRatio,returnOnAssets,priceToFreeCashFlowsRatio,grossProfitMargin,epsdilutedGrowth,fiveYNetIncomeGrowthPerShare,fiveYRevenueGrowthPerShare,fiveYShareholdersEquityGrowthPerShare,grossProfitGrowth,netIncomeGrowth,operatingIncomeGrowth,threeYNetIncomeGrowthPerShare,threeYRevenueGrowthPerShare,threeYShareholdersEquityGrowthPerShare,Industry,Sector,Symbol
2023Q1,2023,Q1,2023-05-04,2023-03-31,-26800000.0,251300000.0,15600000.0,-0.17,26000000.0,0.1034619976,2095500000.0,820900000.0,279400000.0,707000000.0,1273200000.0,0.0,12637000.0,1848636720.0,2410436720.0,5.222109836701718,0.39519094766619517,0.3304223335719399,0.8434644901936899,0.012974212944917938,5.222109836701718,-0.03264709465221099,7.356294150417828,-17.244745522388058,2.2519633572907782,0.0,0.0,0.0,0.11992364590789788,0.29066478076379065,-0.012789310427105703,90.17740097560976,0.10346199761241544,-1.6800000000000002,-1.1895525072822148,-0.6609386403840651,-0.44694219634440163,-0.723404255319149,-1.683673469387755,-0.7291760702753377,-1.3590652322414152,-0.36545275906822045,-0.5758605803946321,Education & Training Services,Consumer Defensive,LAUR
2022Q4,2022,Q4,2023-02-23,2022-12-31,39200000.0,346300000.0,57602000.0,0.25,94000000.0,0.2714409472,1972200000.0,774400000.0,226200000.0,645800000.0,1196400000.0,0.0,39244000.0,1551705999.9999998,2114505999.9999998,4.800991940483571,0.3502632393930009,0.3285670824459994,0.8367768595041323,0.01785391068191707,4.800991940483571,0.0506198347107438,4.480814322841466,9.896084183673468,2.003752582644628,0.0,0.0,0.0,0.17559071088124936,0.2568906782285537,0.019876280296116013,-124.60499478037418,0.2714409471556454,0.3157894736842105,-0.7675781312755129,-0.6811664465464452,-0.4291224339481014,0.3121527680839778,0.2597615451360992,0.022817266544737824,-0.1444706828883901,-0.4790394487485342,-0.6347653224960254,Education & Training Services,Consumer Defensive,LAUR
2022Q3,2022,Q3,2022-11-03,2022-09-30,31117000.0,300999000.0,56317000.0,0.19,71638000.0,0.2380007907,2098763000.0,870556000.0,455883000.0,548435000.0,1228506000.0,0.0,45852000.0,1737004750.0,1927249750.0,5.287473048073127,0.8312434472635772,0.24265912825793098,0.5850100395609242,0.014293003616445364,5.287473048073127,0.03574382348751832,5.770799072422167,13.955432319953724,1.9952820381457368,0.0,0.0,0.0,0.14341733678361968,0.7637951625990318,0.014826352475243752,17.304291193464834,0.23800079070030133,-0.24,1.3450998458978372,-0.6674714894233263,-0.3904820513135533,-0.49751344981657747,-0.28339819911107017,-0.5553019954043319,1.4449545784136382,-0.4702554233586571,-0.5831055182923999,Education & Training Services,Consumer Defensive,LAUR
2022Q2,2022,Q2,2022-08-04,2022-06-30,43423000.0,385381000.0,126641000.0,0.25,142567000.0,0.3699378018,2101949000.0,1016842000.0,400523000.0,369916000.0,1085324000.0,0.0,14735000.0,1933566830.0,2319882830.0,6.0845385623418045,1.082740405929995,0.25843871568720267,0.5342275397751076,0.0227935571984682,6.0845385623418045,0.042703782888590364,5.017286347796077,11.132158245630196,1.9015410752112913,0.1004306473527854,0.0,0.0022554172590972714,0.1833446006539645,0.9632078634068275,0.020658446042220814,-127.88986242476355,0.3699378018117136,1.9615384615384615,-0.6236190443710546,-0.6956602449166475,-0.27400384813665624,4.342989918674812,1.953869472574303,13.018264334735443,-0.9253145883402245,-0.4828643654556165,-0.561627180065709,Education & Training Services,Consumer Defensive,LAUR
2022Q1,2022,Q1,2022-05-05,2022-03-31,-45523000.0,209563000.0,9034000.0,-0.26,26683000.0,0.1273268659,2210732000.0,1046640000.0,491611000.0,426533000.0,1164130000.0,0.0,-28688000.0,2109240750.0,2380888750.0,5.880165173179022,1.1525743611865904,0.255789937450582,0.5402841473668119,-0.08309848308076485,5.880165173179022,-0.04349442024000612,10.064948249452431,-11.583379555389582,2.015249512726439,0.0,0.0,0.0,0.09479348921533683,1.0549476828287612,-0.020591822075222144,40.049381954201955,0.12732686590667244,-7.103286384976525,0.6786571137163346,-0.7877558278578709,-0.3138899456772349,-0.5506475135144238,-6.896761658031088,2.1609517144856545,-1.3004371357029243,-0.5746220548026476,-0.43435159083606956,Education & Training Services,Consumer Defensive,LAUR
2021Q4,2021,Q4,2022-02-24,2021-12-31,7720000.0,296730000.0,2858000.0,0.0426,59381000.0,0.2001179523,2211310000.0,1140843000.0,544319000.0,371928000.0,1070038000.0,0.0,15523000.0,2217888000.0,2462011000.0,6.296043046357616,1.463506377578456,0.25727871714051853,0.4986864976162364,-0.0004975013439114315,6.296043046357616,0.006766925860964217,7.474431301182894,71.82279792746115,1.944078194808576,0.0,0.0,0.0,0.1341874273620614,1.3638795680884472,0.003491143258973188,-9.519322883581987,0.20011795234725172,-0.9780412371134021,-0.86243668678795,-0.8142567044283768,0.32826281987155115,-0.3072112748357892,-0.9785797128793638,-0.9185894149148294,-0.8666514663156767,-0.5985394238364935,-0.31574013301571363,Education & Training Services,Consumer Defensive,LAUR
2021Q3,2021,Q3,2021-11-04,2021-09-30,360406000.0,267691000.0,35106000.0,1.94,85713000.0,0.32019380554445237,3914356000.0,1241349000.0,2169846000.0,1915471000.0,2686397000.0,0.0,-10445000.0,3152817309.9999995,1917181309.9999995,6.6894201078843984,1.1328002355556415,0.15870298971273947,0.500439441285247,-0.004163517778063508,6.6894201078843984,0.29033414454758494,11.777823348562332,2.1869900265256406,2.5398315139416874,0.0,0.0,0.0,0.06838698370817575,1.0600029966519984,0.092072872268133,108.11759919069989,0.32019380554445237,13.933333333333334,1.999370879486616,-0.7931988091200254,0.3686549639177228,-0.24986872505776098,13.427793103448275,-0.3914083628042438,5.590377392300824,-0.5894017677265699,-0.24436524486516817,Education & Training Services,Consumer Defensive,LAUR
2021Q2,2021,Q2,2021-08-05,2021-06-30,-29000000.0,327579000.0,57684000.0,-0.15,114264000.0,0.34881356863535207,3645668000.0,2285584000.0,897025000.0,616794000.0,1373226000.0,0.0,-370851000.0,2785774900.0,3012647900.0,11.904703369967185,1.4543348346449545,0.1793951067403834,0.28614787292875693,0.019036321683124545,11.904703369967185,-0.012688223228724036,8.504131522472441,-24.015300862068965,1.2188459929715993,0.0,0.0,0.0,0.08985431476481127,0.9205877489080633,-0.007954646446138266,-1244.2049575703438,0.34881356863535207,0.8170731707317073,-1.0579567672370727,-0.8153882709769492,0.0,7.890064576363495,0.8241656965463717,1.6677084418515817,-1.144624156841606,-0.7062246179995437,0.20384880042311992,Education & Training Services,Consumer Defensive,LAUR
2021Q1,2021,Q1,2021-05-06,2021-03-31,-164928000.0,194701000.0,-86391000.0,-0.82,12853000.0,0.06601404204395457,4484048000.0,1906404000.0,1311270000.0,797506000.0,2590559000.0,0.0,-341851000.0,2721044160.0,3586745160.0,9.521356081189069,1.6442133350720873,0.3182461472312518,0.7485459535334588,-0.07221820256119342,9.521356081189069,-0.08651261747247697,13.975501718018911,-4.124594004656577,1.4273176934165055,0.0,0.0,0.0,0.043420810838777815,0.8667721622157075,-0.03678105140712142,-5915.3133913043475,0.06601404204395457,-1.4530386740331491,-0.06436457688660037,-0.8570049820437854,3.9807459566426426,-0.8673389344177693,-1.434800260466784,-3.342743247640742,-1.915835032532203,-0.7937556248653761,0.008377925158926975,Education & Training Services,Consumer Defensive,LAUR
2020Q4,2020,Q4,2021-02-25,2020-12-31,379319000.0,285219000.0,36876000.0,1.81,96886000.0,0.33968985235906446,4970894000.0,2276816000.0,1443786000.0,804555000.0,2706960000.0,0.0,-176822000.0,3044496000.0,3809250000.0,10.888646580583453,1.7945149803307419,0.30474478031517066,0.6653387889052079,0.025580031018883887,10.888646580583453,0.166600638786797,10.674239794684086,2.006553850453049,1.3371726129823402,0.0,0.0,0.0,0.05737780769414918,1.0894755485951861,0.07630800415377999,119.2797367183827,0.33968985235906446,1.4852546916890081,15.509287413390899,-0.8419517761522637,3.469569156567911,0.677244005885917,1.4835526399657335,1.1158766320486433,0.7349056173325563,-0.7974322448066853,0.29474994638226926,Education & Training Services,Consumer Defensive,LAUR
2020Q3,2020,Q3,2020-11-05,2020-09-30,-784442000.0,243523000.0,-318235000.0,-3.73,57765000.0,0.23720552062844166,5175149000.0,1837198000.0,1480454000.0,1033792000.0,3350569000.0,0.0,-556141000.0,2789238240.0,3964203240.0,8.747187346750273,1.4320617687116943,0.36554773592026046,1.0297006637281338,-0.05949241735680466,8.747187346750273,-0.42697738621531267,11.453695297774749,-0.8889243054298469,1.5182023059027931,0.0,0.0,0.0,0.04705622968536751,0.8880103541137869,-0.15157863087613516,18.947342164255147,0.23720552062844166,-1.5374149659863945,-2.871192482755422,-0.8431461979178568,2.156841006544114,-0.7568260463236595,-1.548354086601716,-0.24905801083287543,-5.819756910703744,-0.7891057055805094,0.00833945438458752,Education & Training Services,Consumer Defensive,LAUR
2020Q2,2020,Q2,2020-08-06,2020-06-30,-307823000.0,791678000.0,-254780000.0,-1.47,237546000.0,0.30005380975598667,5953677000.0,2294191000.0,1270194000.0,1106168000.0,3673616000.0,0.0,228301000.0,2091942485.0,3845876485.0,10.928413892315973,1.1482830817741971,0.400338311937312,1.0389217811420235,-0.04777007715206543,10.928413892315973,-0.1341749662517201,2.6424158369943336,-1.6989816266165945,0.9118432096542964,0.0,0.0,0.0,0.13297295100154072,0.8753688408993933,-0.05170300639419975,51.89765275744871,0.30005380975598667,-4.127659574468085,-4.550074685826509,-0.6042099700356902,0.9792731025181414,4.930928346847592,-4.090126988907293,-1.1750971101720238,-3.124037958296769,-0.5022968892528225,0.30395860762491195,Education & Training Services,Consumer Defensive,LAUR
2020Q1,2020,Q1,2020-05-07,2020-03-31,99615000.0,528557000.0,-117135000.0,0.47,-60430000.0,-0.11433014793106515,6497082000.0,2583122000.0,1312025000.0,1311361000.0,3927274000.0,0.0,536124000.0,2205008510.0,3345514510.0,12.312248273363807,1.0005063441721997,0.2596828853322153,0.653155754935307,0.02575508557225905,12.312248273363807,0.03856379992892322,4.171751599165274,5.533826507052151,0.8536215130373246,0.0,0.0,0.0,0.08135298276980343,0.7394172924160471,0.015332267624142654,-78.43934794208673,-0.11433014793106515,0.6785714285714283,1.2800296743447694,-0.6207658239459592,0.0,-1.2826803882586832,0.6363860369609856,-1.7544733146972058,1.5965719145533042,-0.5458354366632897,0.4366190545470628,Education & Training Services,Consumer Defensive,LAUR
2019Q4,2019,Q4,2020-02-27,2019-12-31,60875000.0,883152000.0,155254000.0,0.28,213775000.0,0.24205912459010454,6515628000.0,2816963000.0,942927000.0,1070804000.0,3711477000.0,0.0,436509000.0,3773823000.0,4904920000.0,13.14495100326645,0.8805785185710924,0.22571838048458262,0.5220860195891817,0.021657221190408225,13.14495100326645,0.021610152494015718,4.2731296537855314,15.498246406570843,1.339677872943308,0.0,0.0,0.0,0.13554364982162886,0.5813304769126749,0.009342921357695683,-145.18612703420152,0.24205912459010454,1.6511627906976745,-0.19365077299717298,-0.5866928032720039,0.7229073998910993,0.8105478013415544,1.6392686871232647,2.395014213863984,-0.08280786187153709,-0.53256291036467,1.7731623748622545,Education & Training Services,Consumer Defensive,LAUR
2019Q3,2019,Q3,2019-11-06,2019-09-30,-95226000.0,773699000.0,45730000.0,-0.43,118072000.0,0.15260715084289886,6824713000.0,2843440000.0,1124199000.0,1376208000.0,3993833000.0,0.0,375634000.0,3715998975.0,4762269975.0,12.683000807340104,0.8168816051062049,0.20077049393871949,0.4818814534507498,0.03891882285363081,12.683000807340104,-0.03348971668120305,4.802900061910381,-9.755736287883561,1.306867377191008,0.0,0.0,0.0,0.11336725808103579,0.5411667422366386,-0.013953114218868985,15.459174102964118,0.15260715084289886,-1.1235632183908046,0.7072731113341206,-0.5251653925846795,0.0,-0.5806685323824812,-1.1218359450966744,-0.7860054188874902,-1.655959580085339,-0.5052626713347874,1.5949412254552482,Education & Training Services,Consumer Defensive,LAUR
2019Q2,2019,Q2,2019-08-08,2019-06-30,781592000.0,1001802000.0,213697000.0,3.48,281572000.0,0.2810655199330806,7091788000.0,3118214000.0,1120859000.0,1205486000.0,3984705000.0,0.0,470860000.0,3551842980.0,4769396980.0,13.87982622475051,0.9297984381403019,0.20502107508007852,0.4662816599502151,0.022558974416904243,13.87982622475051,0.25065373960863496,3.5454540717626837,1.1360924177831913,1.13906325223349,0.0,0.0,0.0,0.1412622599547533,0.5364409043323606,0.11021085232666289,-82.77617702579879,0.2810655199330806,3.0941176470588236,3.285956793314071,-0.5200384685270919,0.0,10.196289764190999,3.0869051416260986,3.528090951034556,0.3348823197111845,-0.517517182364539,0.0,Education & Training Services,Consumer Defensive,LAUR
2019Q1,2019,Q1,2019-05-09,2019-03-31,191243000.0,621796000.0,-84529000.0,0.85,-30618000.0,-0.04924123024271626,7833521000.0,2335388000.0,1400461000.0,1601672000.0,5505615000.0,0.0,-310732000.0,3358592250.0,5418919250.0,10.395441899801918,0.8743744037480833,0.298602505820818,1.0015933112613407,-0.011365935692110465,10.395441899801918,0.08188917644519883,5.401437529350463,4.390477363877371,1.4381303021168217,0.0,0.0,0.0,0.07937631111220612,0.5092827994745491,0.024413415116905923,265.3964638482813,-0.04924123024271626,1.741935483870968,1.502060817477881,-0.583365692718774,0.0,-1.1234761077078805,1.6721858931365974,-1.604612072356892,2.099971953963238,-0.5929941112199463,4.4379916861050495,Education & Training Services,Consumer Defensive,LAUR
2018Q4,2018,Q4,2019-02-28,2018-12-31,71568000.0,913710000.0,139807000.0,0.31,247967000.0,0.27138479386238523,6769636000.0,2061079000.0,1217133000.0,1190087000.0,4718690000.0,0.0,-530919000.0,3413760000.0,5720721000.0,9.201245535714285,1.0227260696066758,0.3981677892282539,1.3077863585044534,0.009229013399757359,9.201245535714285,0.03472355984413989,3.736152608595725,11.924882629107982,1.6562975024247009,0.0,0.0,0.0,0.13497180646049506,0.551450440177903,0.010571912581415013,-72.47898089171974,0.27138479386238523,1.7380952380952381,-0.09306276351092375,-0.5909088904096347,0.20600632271339214,1.2689731530113646,1.7550243171676039,4.466335627150453,3.555444081118378,-0.5273653482976577,2.776925161826044,Education & Training Services,Consumer Defensive,LAUR
2018Q3,2018,Q3,2018-11-08,2018-09-30,-94789000.0,787102000.0,25576000.0,-0.42,109286000.0,0.13884604536642012,6990536000.0,1983336000.0,1454487000.0,1537265000.0,5018869000.0,0.0,-643407000.0,3394160550.0,5611812550.0,8.852716292398132,0.9461524200446898,0.3733619281840477,1.3159646171904307,0.005126390523739614,8.852716292398132,-0.04779270885013936,4.312224527443711,-8.951884053001931,1.711339152821307,0.0,0.0,0.0,0.11259537179981621,0.5421583136284245,-0.013559618318251991,11.396722673838807,0.13884604536642012,-1.419895191836371,0.708413564958734,-0.5166033410016627,0.0,-0.6775995940715567,-1.4223920502651397,-0.9037675008371806,0.5614595517523085,-0.5247152627723196,2.1949261749293885,Education & Training Services,Consumer Defensive,LAUR
2018Q2,2018,Q2,2018-08-09,2018-06-30,224410000.0,1247917000.0,265773000.0,1.0002496055341112,338976000.0,0.27163344998104844,6930524000.0,2124762000.0,1271701000.0,1251917000.0,4815420000.0,0.0,-548617000.0,3079001120.0,5590644120.0,9.888869238215802,1.01580296457353,0.4204653212368935,1.371468898634294,0.037758568106085084,9.888869238215802,0.10561653493426558,2.4673124254257295,3.4301068579831555,1.4491040031777676,0.006167283097901163,0.0,0.00044949642629555134,0.1800609881734772,0.7003179923269673,0.032379947028536374,-75.86362588084562,0.27163344998104844,0.6953383144645954,0.28667280147121493,-0.374872695060088,0.0,16.083761717568795,0.32882122703237227,10.678903091882443,1.5286423634586859,-0.3904480076499345,0.7909985008237729,Education & Training Services,Consumer Defensive,LAUR
2018Q1,2018,Q1,2018-05-09,2018-03-31,168879000.0,885288000.0,-27459000.0,0.59,19842000.0,0.022413045246292732,7516758000.0,1772924000.0,1493215000.0,1591766000.0,5749285000.0,0.0,-772283000.0,2581768750.0,5086829750.0,9.442249620536309,0.9380870052507718,0.3969892339223905,1.6831358817411237,-0.005688380009664098,9.442249620536309,0.09525450611532135,2.9163037904049305,3.821920946358043,1.456220768628548,0.05755008023496112,0.0,0.0037644734835372068,0.11777524299704739,0.7008699771197525,0.02246699973579035,-50.30628300305918,0.022413045246292732,0.22916666666666666,1.5304541812437775,-0.290270055087637,0.0,-0.9371408296320701,-0.13769052056473233,-1.1512900897525606,1.5304541812437775,-0.290270055087637,0.0,Education & Training Services,Consumer Defensive,LAUR
2017Q4,2017,Q4,2018-03-20,2017-12-31,195845000.0,1261223000.0,181499000.0,0.48,315658000.0,0.2502792924011059,7391723000.0,1575164000.0,1288854000.0,1374749000.0,5804441000.0,0.0,-946236000.0,2539788000.0,5432353000.0,8.409845168179391,0.9375195035602862,0.454738090158411,2.1339352600745065,0.07032387650396757,8.409845168179391,0.1243330853168305,2.01375014569192,3.242089407439557,1.6123959155998995,0.0720927263907682,0.0,0.005559125407317461,0.17062638846179706,0.6312686897753699,0.02649517575266281,-16.550055062849843,0.2502792924011059,1.8764695433803937,1.9681174465943119,-0.3246735084455893,0.10227755650014565,4.322799858354552,2.9992547902693985,32.86429073033708,1.9681174465943119,-0.3246735084455893,0.10227755650014565,Education & Training Services,Consumer Defensive,LAUR
2017Q3,2017,Q3,2017-11-08,2017-09-30,-97959000.0,983394000.0,-5696000.0,-0.5476516595758955,59303000.0,0.06030441511744021,7782564000.0,1551678000.0,1559899000.0,1894979000.0,6200335000.0,0.0,-1142081000.0,2602573050.0,5308019050.0,8.674843881903719,0.8231748214624014,0.41251289420812987,2.0689911180025753,-0.001381061096151294,8.674843881903719,-0.06313101042871008,2.646521180727155,-6.641995758429547,1.6772636139714554,0.0,0.0,0.0,0.12635861394779407,0.6142416353954319,-0.0125869829017789,8.600220906294094,0.06030441511744021,-2.9558987841996265,0.6225725079714424,-0.24355040220863278,0.0,-0.8230780475725925,-1.8416733971439865,-1.0233586221037523,0.6225725079714424,-0.24355040220863278,0.0,Education & Training Services,Consumer Defensive,LAUR
2017Q2,2017,Q2,2017-08-08,2017-06-30,116386000.0,1277439000.0,243850000.0,0.28,335193000.0,0.2623945252963155,7369736000.0,1412953000.0,1242482000.0,1415202000.0,5922129000.0,0.0,-1044123000.0,2955400230.0,6092518230.0,8.380951533593134,0.8779538186068138,0.475496137175063,2.480111511140144,0.03649297218356693,8.380951533593134,0.08237075118563746,2.3135353077524643,6.348272622995894,2.091647938749555,0.0,0.0,0.0,0.17333578841901529,0.6385357002039285,0.015792424586172422,-13.715045200152215,0.2623945252963155,1.3518063302580472,-0.14953601483428575,-0.18444696432394148,0.0,123.09959274342836,1.9477147068163867,4.878885247987784,-0.14953601483428575,-0.18444696432394148,0.0,Education & Training Services,Consumer Defensive,LAUR
2017Q1,2017,Q1,2017-05-11,2017-03-31,-122807000.0,855933000.0,-62866000.0,-0.7958924439893456,2701000.0,0.003155620825461806,7910591000.0,1322405000.0,1777154000.0,1791522000.0,6553545000.0,0.0,-1160508000.0,2201875270.0,5153267270.0,8.570294424533866,0.9919800035947088,0.4813417859676982,2.879373565586942,-0.010002549816150065,8.570294424533866,-0.09286640628249289,2.572485545013453,-4.4823895828413685,1.6650536484662413,0.0,0.0,0.0,0.10820089169064612,0.8242583680245066,-0.015524377382170308,-28.60432687685932,0.003155620825461806,-3.5702886281308492,0.5306019819011296,-0.16498510304758693,0.0,-0.9895462022254475,-3.9729592330783383,-1.3676804304597028,0.5306019819011296,-0.16498510304758693,0.0,Education & Training Services,Consumer Defensive,LAUR
2016Q4,2016,Q4,2017-03-29,2016-12-31,41308000.0,1175893000.0,170980000.0,0.309651,258375000.0,0.2197266247864389,7102965000.0,632210000.0,1225816000.0,1445994000.0,6438573000.0,0.0,-1037701000.0,1767232000.0,5110631000.0,4.740058181381958,0.8477324248924961,0.5361653900870974,6.0238907957798835,0.02169252337172497,4.740058181381958,0.0653390487338068,1.5028850414110808,10.695458506826766,2.79532433843185,0.0,0.0,0.0,0.16554959794958865,0.5734795580064648,0.005815599541881454,-14.881452414234468,0.2197266247864389,-0.5308318181818182,-0.12085026301229713,-0.11580145030759821,-0.3787210530805367,2.9355236702613783,-0.5214384188514429,12.676211806111022,-0.12085026301229713,-0.11580145030759821,-0.3787210530805367,Education & Training Services,Consumer Defensive,LAUR
2016Q3,2016,Q3,2016-09-30,2016-09-30,86317000.0,929855000.0,12502000.0,0.66,65652000.0,0.07060455662441993,7508457000.0,651530000.0,1494526000.0,1916656000.0,6828233000.0,0.0,-1079009000.0,1766264750.0,5306306750.0,4.887586926025671,0.779757035169587,0.5355977932616515,6.172414163584179,0.0027820832935334457,4.887586926025671,0.13248353874725646,1.8995055680724413,5.1156340871439,2.710949227203659,0.0,0.0,0.0,0.12384102352853589,0.5812148867611089,0.011495970477023441,8.30390144943889,0.07060455662441993,-0.7451737451737451,1.4462575096895394,-0.04022886509006524,0.0,-0.7551358367273866,-0.7515263868458701,-0.9406272558033509,1.4462575096895394,-0.04022886509006524,0.0,Education & Training Services,Consumer Defensive,LAUR
2016Q2,2016,Q2,2016-06-30,2016-06-30,347389000.0,1231910000.0,210568000.0,2.59,268116000.0,0.2176425225868773,,,,,,,,1766105750.0,,,0.0,0.0,0.0,0.0,,0.0,1.4336321240999748,1.2709856601677083,0.0,0.0,0.0,0.0,0.0,0.0,0.0,-85.83746051032807,0.2176425225868773,4.396507498544353,2.210737553435708,-0.0052256496405596025,0.0,6.30342404184032,4.367249217288474,19.873173792238056,2.210737553435708,-0.0052256496405596025,0.0,Education & Training Services,Consumer Defensive,LAUR
2016Q1,2016,Q1,2016-03-31,2016-03-31,-103167000.0,906534000.0,-11157000.0,-0.762548,36711000.0,0.04049599904691936,7696970000.0,254834000.0,1322514000.0,1846576000.0,7409708000.0,0.0,-1512715000.0,1766317750.0,5968289750.0,1.911632547428117,0.7161979793953782,0.5932945042010038,17.919783074472008,-0.0025639057644299833,1.911632547428117,-0.40484001349898363,1.9484296783132238,-4.280239199550244,6.9312483812991985,0.0,0.0,0.0,0.11777803473314824,0.5016966536985209,-0.013403586086472989,-13.685807983759743,0.04049599904691936,-5.09905719301614,0.543569437685263,0.023656705631538013,0.0,-0.8021119699860927,-5.189896202075959,-1.0893052965236811,0.543569437685263,0.023656705631538013,0.0,Education & Training Services,Consumer Defensive,LAUR
2015Q4,2015,Q4,2015-12-31,2015-12-31,-16667000.0,1150503000.0,124931000.0,-0.12502719287059194,185514000.0,0.1612459941434312,7439116000.0,324759000.0,1135684000.0,1548183000.0,7083690000.0,0.0,-1409548000.0,1766317750.0,5818932750.0,2.4361736442947484,0.7335592756153504,0.6064279680542688,13.891187003285513,-0.021770084361780066,2.4361736442947484,-0.05132113351746988,1.5352569702121595,-26.494236365272695,5.438856967782263,-1.2012959740805185,0.0,0.011335446297813629,0.15465587577878878,0.5179555646845366,-0.0022404543765683987,-10.031963321197939,0.1612459941434312,0.8704086710415825,-1.3549039649077979,-0.13444537315049782,-0.680690966582372,1.3304315055586962,0.8704086710415825,2.749542303190372,-1.3549039649077979,-0.13444537315049782,-0.680690966582372,Education & Training Services,Consumer Defensive,LAUR
2015Q3,2015,Q3,2015-09-30,2015-09-30,-128612000.0,985395000.0,33319000.0,-0.964780544157471,79605000.0,0.08078486292299027,7845987000.0,369376000.0,1498556000.0,1911870000.0,7447270000.0,1370000.0,-1392881000.0,1766317750.0,5626589750.0,2.7708672462811403,0.7838168913158321,0.5708220011070627,12.124940440093564,0.007196624631937593,2.7708672462811403,-0.3481872130295417,1.7924971711851592,-3.4334233003141232,4.781896360348263,0.0,661.1605839416059,0.0,0.12559222950535096,0.6200897550565676,-0.016392074062829828,7.930665184985632,0.08078486292299027,-3.492477063110107,0.3350979682572507,0.017067498985920526,0.0,-0.716259855429932,-3.3358093750567552,-0.8567787138927098,0.3350979682572507,0.017067498985920526,0.0,Education & Training Services,Consumer Defensive,LAUR
2015Q2,2015,Q2,2015-06-30,2015-06-30,55061000.0,1270177000.0,232640000.0,0.387077,280556000.0,0.22087945223382252,8037523000.0,736045000.0,1236378000.0,1689920000.0,7264866000.0,1169000.0,-1264269000.0,1766317750.0,5870304750.0,5.5214279820264505,0.7316192482484378,0.5567370693682618,6.0795019326264015,0.017979263322882032,5.5214279820264505,0.07480656753323506,1.3906075688663864,8.019822333412034,2.3997415239557363,0.0,846.5534644995723,0.0,0.15803090081359641,0.537933156599129,0.006850493616005826,-25.09508773176103,0.22087945223382252,1.2284918054463498,-0.4911606243473278,0.025552065755371278,0.0,20.995438671513078,1.2436004070256161,5.313500083436857,-0.4911606243473278,0.025552065755371278,0.0,Education & Training Services,Consumer Defensive,LAUR
2015Q1,2015,Q1,2015-03-31,2015-03-31,-226030000.0,885584000.0,-53933000.0,-1.694052,-14031000.0,-0.015843782182153245,,,,,,,,1766317750.0,,,0.0,0.0,0.0,0.0,,0.0,1.994523105656832,-1.9536319846922974,0.0,0.0,0.0,0.0,0.0,0.0,0.0,-11.788340252008863,-0.015843782182153245,-5.808760060559601,0.0,0.0,0.0,-1.0500215687043448,-5.8130403304799625,-1.446110706723134,0.0,0.0,0.0,Education & Training Services,Consumer Defensive,LAUR
2014Q4,2014,Q4,2014-12-31,2014-12-31,46962000.0,1329209000.0,120896000.0,0.35228457620380027,280499000.0,0.21102700929650642,8438218000.0,1017068000.0,1153438000.0,1669315000.0,7381670000.0,1828000.0,-1093300000.0,1766317750.0,5871600750.0,7.6295168295738405,0.6909648568424773,0.5412122559526193,4.49022779204537,-0.022229097522032462,7.6295168295738405,0.04617390380977476,1.328848773970083,9.40290953323964,1.7366761612792851,0.12950896469485967,573.6925601750547,0.0034433215654431377,0.15752247690211368,0.48756885309243614,0.0055653930723287785,-18.28845994553794,0.21102700929650642,1.2427855037998243,0.0,0.0,0.0,13.538900119214222,1.2427855037998243,4.3930004771126265,0.0,0.0,0.0,Education & Training Services,Consumer Defensive,LAUR
2014Q3,2014,Q3,2014-09-30,2014-09-30,-193430000.0,968859000.0,-35631000.0,-1.4510115747860202,19293000.0,0.019913114292172546,,,,,,,,1766317750.0,,,0.0,0.0,0.0,0.0,,0.0,1.8230906148366275,-2.2828901282117564,0.0,0.0,0.0,0.0,0.0,0.0,0.0,25.26848659551944,0.019913114292172546,-2.8515476119386483,0.0,0.0,0.0,-0.9287844671662175,-2.787559260320306,-1.150015156873642,0.0,0.0,0.0,Education & Training Services,Consumer Defensive,LAUR
2014Q2,2014,Q2,2014-06-30,2014-06-30,108209000.0,1238530000.0,237516000.0,0.783675,270910000.0,0.21873511340056356,,,,,,,,1766317750.0,,,0.0,0.0,0.0,0.0,,0.0,1.4261404649059772,4.080801388978736,0.0,,0.0,,0.0,0.0,0.0,0.0,0.21873511340056356,0.0,0.0,0.0,0.0,0.0,0.0,0.0,0.0,0.0,0.0,Education & Training Services,Consumer Defensive,LAUR
2007Q2,2007,Q2,2007-08-09,2007-06-30,58926000.0,375776000.0,66459000.0,0.98,80335000.0,0.21378427573873798,2388554000.0,1161948000.0,467780000.0,561218000.0,1153562000.0,6479000.0,541572000.0,685232839.5,1028930839.5,22.46799936096758,0.8335085474806582,0.20176516838220948,0.4147578032751896,0.04018233628529246,22.46799936096758,0.05071311280711357,1.823514113461211,2.907175268557173,0.5897276293775625,0.0,45.59978391727118,0.0,0.15732363597389884,0.766213842036428,0.024670156086067135,-43.82124701029609,0.21378427573873798,5.546639248994189,9.764786047253112,0.7821130625320282,0.5501269129824983,6.583781742660247,6.268305766651766,7.819105273958547,1.4770047286786667,1.0771819047937088,0.4666334947444861,Education & Training Services,Consumer Defensive,LAUR
2007Q1,2007,Q1,2007-05-07,2007-03-31,-11185000.0,283524000.0,-9746000.0,-0.21554382178370463,10593000.0,0.03736191645151733,2340154000.0,1082921000.0,494254000.0,630458000.0,1257233000.0,6888000.0,488822000.0,687569000.0,1008215000.0,20.86874662761119,0.783960232085246,0.185517277922735,0.4008962795993429,-0.007337345024667684,20.86874662761119,-0.010328546588347627,2.425082179991817,-15.368104604380866,0.6349207375237899,0.0,39.624128919860624,0.0,0.1211561290410802,0.7602917244289072,-0.0047795999750443775,27.842437740433287,0.03736191645151733,-1.198537373307063,-20.55438217837046,0.6426458706540352,0.3933062415979765,-0.8842838884458669,-1.1985373733070628,-1.1251267829860443,-20.55438217837046,0.5875731930552578,0.19823421388709908,Education & Training Services,Consumer Defensive,LAUR
