Quarters,Year,Quarter,FillingDate,Date,NetIncome,Revenue,OperatingIncome,EPSDiluted,GrossProfit,GrossProfitRatio,TotalAssets,CommonStockEquity,CurrentAssets,CurrentLiability,TotalLiability,Inventory,RetainedEarnings,MarketCap,EnterpriseValue,bookValuePerShare,currentRatio,debtToAssets,debtToEquity,roic,shareholdersEquityPerShare,roe,priceToSalesRatio,peRatio,pbRatio,payoutRatio,inventoryTurnover,dividendYield,assetTurnover,quickRatio,returnOnAssets,priceToFreeCashFlowsRatio,grossProfitMargin,epsdilutedGrowth,fiveYNetIncomeGrowthPerShare,fiveYRevenueGrowthPerShare,fiveYShareholdersEquityGrowthPerShare,grossProfitGrowth,netIncomeGrowth,operatingIncomeGrowth,threeYNetIncomeGrowthPerShare,threeYRevenueGrowthPerShare,threeYShareholdersEquityGrowthPerShare,Industry,Sector,Symbol
2023Q1,2023,Q1,2023-04-28,2023-03-31,181400000.0,3582300000.0,276500000.0,8.37,696200000.0,0.1943444156,8182800000.0,3049200000.0,2050200000.0,1068300000.0,5133600000.0,1081400000.0,2763300000.0,4536000000.0,7809500000.0,141.16666666666666,1.9191238416175231,0.43631764188297406,1.1708972845336483,0.030628184914679602,141.16666666666666,0.05949101403646858,1.266225609245457,6.2513781697905175,1.4876033057851241,0.0,2.6688551877196227,0.0,0.43778413257075816,0.5851352616306281,0.02216845089700347,28.984025559105433,0.1943444155989169,-0.47523510971786836,3.3142606446845853,1.1230753031181817,5.853719852305758,-0.05676737569435036,-0.48640996602491504,-0.08625247851949769,7.22587844254511,0.9708093974021305,3.079714530690473,Auto & Truck Dealerships,Consumer Cyclical,ABG
2022Q4,2022,Q4,2023-03-01,2022-12-31,353200000.0,3706000000.0,302600000.0,15.95,738100000.0,0.1991635186,8021400000.0,2903300000.0,1909800000.0,1033400000.0,5118100000.0,959200000.0,2610100000.0,3943500000.0,7397000000.0,131.96818181818182,1.8480743177859493,0.4598698481561822,1.2705541969483003,0.03366840718918107,131.96818181818182,0.12165466882513003,1.0640852671343768,2.7912655719139297,1.3582819550167051,0.0,3.094140950792327,0.0,0.462014112249732,0.6646990516740855,0.04403221382801007,-1095.4166666666667,0.19916351861845655,0.7280606717226434,6.781732620320855,1.0768230512679613,5.896358562796919,-0.03880713634587837,0.7229268292682927,-0.035076530612244895,6.033069224353628,0.6987760391667468,2.900034461902016,Auto & Truck Dealerships,Consumer Cyclical,ABG
2022Q3,2022,Q3,2022-10-28,2022-09-30,205000000.0,3866000000.0,313600000.0,9.23,767900000.0,0.198629074,7816300000.0,2642800000.0,1812600000.0,1158700000.0,5173500000.0,822200000.0,2338200000.0,3339310000.0,6799110000.0,119.58371040723982,1.5643393458185897,0.46071670739352377,1.3626078401695172,0.03626462780875996,119.58371040723982,0.07756924474042683,0.8637635799275737,4.072329268292682,1.2635500227031935,0.0,3.768061298954026,0.0,0.49460742294947735,0.42081643220850956,0.026227243068971253,24.809138187221397,0.19862907397827212,0.01764057331863287,5.224298789924389,1.2492989263808445,6.093073522571668,-0.04335368132552635,0.01787487586891758,-0.06527570789865872,2.937154348919055,0.813899902231,2.806748114630468,Auto & Truck Dealerships,Consumer Cyclical,ABG
2022Q2,2022,Q2,2022-07-28,2022-06-30,201400000.0,3950200000.0,335500000.0,9.07,802700000.0,0.203204901,7638800000.0,2410400000.0,1601500000.0,1156900000.0,5228400000.0,783200000.0,2133300000.0,3742414000.0,7324114000.0,109.06787330316742,1.3843028783818827,0.48198669948159395,1.5274643212744772,0.039783795864945626,109.06787330316742,0.08355459674742781,0.9473986127284695,4.645499006951341,1.5526111848655826,0.0,4.018769152196119,0.0,0.5171231083416243,0.4323623476532112,0.02636539770644604,54.31660377358491,0.20320490101767,-0.12620423892100197,4.942098469481835,1.278364563131295,6.131756569336317,0.01351010101010101,-0.15271350441733278,0.04582294264339152,2.1705033421523297,0.8929713089304734,2.7447355385412506,Auto & Truck Dealerships,Consumer Cyclical,ABG
2022Q1,2022,Q1,2022-05-04,2022-03-31,237700000.0,3911800000.0,320800000.0,10.38,792000000.0,0.2024643387,7860100000.0,2182500000.0,1813900000.0,1584800000.0,5677600000.0,701100000.0,1931900000.0,3652559999.9999995,7429660000.0,95.72368421052632,1.1445608278647148,0.5167109833208229,1.860893470790378,0.037377354190219855,95.72368421052632,0.10891179839633448,0.9337287182371286,3.841564997896508,1.6735670103092783,0.0,4.4498644986449865,0.0,0.4976781465884658,0.43481827359919234,0.03024134552995509,9.408964451313755,0.20246433866762104,0.6118012422360248,5.439241486068111,1.3219524935300162,5.74110452186805,0.460446247464503,0.691814946619217,0.35874629394324437,3.89409342426972,0.9715988558900245,2.642280493147256,Auto & Truck Dealerships,Consumer Cyclical,ABG
2021Q4,2021,Q4,2022-03-01,2021-12-31,140500000.0,2654800000.0,236100000.0,6.44,542300000.0,0.2042715082,8002600000.0,2115500000.0,1929400000.0,1598000000.0,5887100000.0,718400000.0,1881300000.0,3748241000.0,8130541000.0,97.48847926267281,1.20738423028786,0.569964761452528,2.1560860316709998,0.026002923168775786,97.48847926267281,0.06641455920586149,1.4118732107880065,6.669467971530249,1.7717991018671708,0.0,2.9405623608017817,0.0,0.33174218379026815,0.41264080100125156,0.01755679404193637,20.788912922906267,0.20427150821154136,-0.14588859416445618,1.0842404554726077,0.5856981089814053,6.528606192612559,0.12979166666666667,-0.04421768707482993,0.1746268656716418,2.093089838937811,0.3233839069724676,2.9761784652780756,Auto & Truck Dealerships,Consumer Cyclical,ABG
2021Q3,2021,Q3,2021-10-26,2021-09-30,147000000.0,2406000000.0,201000000.0,7.54,480000000.0,0.19950124688279303,3571400000.0,1301300000.0,1150500000.0,659200000.0,2270100000.0,413800000.0,1740800000.0,3797082000.0,5196182000.0,67.42487046632124,1.7452973300970873,0.4843198745589965,1.3292092522861754,0.047157190074981155,67.42487046632124,0.11296395911780527,1.5781720698254365,6.457622448979592,2.917914393299009,0.0,4.6544224262928955,0.0,0.6736853894831158,0.8153822815533981,0.04116032928263426,10.964718452209068,0.19950124688279303,-0.033333333333333305,4.171752062943773,0.6294876558583149,4.803392606647368,-0.03459372485921158,-0.03353057199211045,-0.07967032967032966,2.4386367092012775,0.41872325520920856,1.8035289175185547,Auto & Truck Dealerships,Consumer Cyclical,ABG
2021Q2,2021,Q2,2021-07-28,2021-06-30,152100000.0,2584000000.0,218400000.0,7.8,497200000.0,0.19241486068111455,3524900000.0,1148300000.0,1132500000.0,759300000.0,2376600000.0,560200000.0,1593800000.0,3307441000.0,5042241000.0,59.49740932642487,1.4915053338601343,0.5211779057561917,1.599843246538361,0.05137072669141099,59.49740932642487,0.13245667508490813,1.279969427244582,5.43629355687048,2.8802934773142908,0.0,3.7250981792217064,0.0,0.7330704417146586,0.47543790333201635,0.04315016028823513,9.161886426592798,0.19241486068111455,0.6317991631799162,3.7456763281613976,0.818164451895996,4.98767188576498,0.29918996603083353,0.6390086206896551,0.6023477622890683,2.703259930915371,0.5768658681612289,1.6810153370175915,Auto & Truck Dealerships,Consumer Cyclical,ABG
2021Q1,2021,Q1,2021-04-27,2021-03-31,92800000.0,2192900000.0,136300000.0,4.78,382700000.0,0.17451776186784623,3582300000.0,998000000.0,1317600000.0,1048700000.0,2584300000.0,769600000.0,1441700000.0,3792450000.0,5801250000.0,51.70984455958549,1.256412701439878,0.5685174329341485,2.0406813627254508,0.0316195589574693,51.70984455958549,0.09298597194388777,1.729422226275708,10.21672952586207,3.800050100200401,0.0,2.3521309771309773,0.0,0.6121486196019317,0.31887098312196055,0.025905144739413227,19.538639876352395,0.17451776186784623,0.041394335511982655,2.7690790573290998,0.7803771010382741,4.196646909834274,0.027934461455815202,0.04152637485970819,0.013382899628252789,1.4700941945654002,0.45451671026313734,1.5105415930413886,Auto & Truck Dealerships,Consumer Cyclical,ABG
2020Q4,2020,Q4,2021-03-01,2020-12-31,89100000.0,2234000000.0,134500000.0,4.59,372300000.0,0.16665174574753805,3676300000.0,905500000.0,1405700000.0,1223400000.0,2770800000.0,875200000.0,1348900000.0,2798208000.0,5162008000.0,47.161458333333336,1.149010953081576,0.6433642521012976,2.612037548315848,0.02779311280822561,47.161458333333336,0.09839867476532303,1.2525550581915845,7.851313131313132,3.090235229155163,0.0,2.127170932358318,0.0,0.6076761961755025,0.27693313715873796,0.02423632456545984,337.1334939759036,0.16665174574753805,-0.0745967741935484,1.8114735401459852,0.766058366351722,2.7339278616852143,0.10836558499553439,-0.07380457380457381,0.12930310663308145,1.2493382352941174,0.43449388553075186,1.4645510950448166,Auto & Truck Dealerships,Consumer Cyclical,ABG
2020Q3,2020,Q3,2020-11-03,2020-09-30,96200000.0,1845400000.0,119100000.0,4.96,335900000.0,0.18202015823127776,3530600000.0,811900000.0,1298000000.0,1212700000.0,2718700000.0,828700000.0,1259800000.0,1871040000.0,4076840000.0,42.286458333333336,1.0703389131689618,0.6259276043731944,2.7218869318881636,0.027044977498398,42.286458333333336,0.11848749846040153,1.0138940067194104,4.862370062370062,2.304520261115901,0.0,1.8215276939785205,0.0,0.5226873619214865,0.20582172012863859,0.027247493343907553,30.52267536704731,0.18202015823127776,0.9299610894941636,1.5395262557077627,0.45034240755845556,2.482414215686275,0.38344316309719934,0.9395161290322581,0.4489051094890511,2.362038545059718,0.2358532030876141,1.508209161147903,Auto & Truck Dealerships,Consumer Cyclical,ABG
2020Q2,2020,Q2,2020-07-31,2020-06-30,49600000.0,1445100000.0,82200000.0,2.57,242800000.0,0.16801605425230087,2934400000.0,713100000.0,1591700000.0,893200000.0,2221300000.0,636400000.0,1163600000.0,1484736000.0,2725236000.0,37.140625,1.7820197044334976,0.63171346782988,2.599495161968868,0.023111478737385144,37.140625,0.06955546206703127,1.027427859663691,7.483548387096773,2.082086663862011,0.0,1.889220615964802,0.0,0.4924686477644493,0.9135691894312584,0.016902944383860415,3.553700335088559,0.16801605425230087,1.5445544554455444,0.6845093268450935,0.19384395714962127,1.7070131901006256,-0.10866372980910426,1.5435897435897437,1.3485714285714285,0.6844305120167189,-0.04061465865914945,1.428560201194593,Auto & Truck Dealerships,Consumer Cyclical,ABG
2020Q1,2020,Q1,2020-05-11,2020-03-31,19500000.0,1607300000.0,35000000.0,1.01,272400000.0,0.1694767622721334,3069200000.0,660900000.0,1753200000.0,1181900000.0,2408300000.0,1059700000.0,1114000000.0,1054892999.9999999,2745693000.0,34.602094240837694,1.4833742279380657,0.6775055389026456,3.146315630201241,0.010091402228802622,34.602094240837694,0.029505220154335,0.6563136937721644,13.52426923076923,1.59614616432138,0.0,1.2596961404170992,0.0,0.5236869542551805,0.4591759032067011,0.006353447152352405,9.070447119518485,0.1694767622721334,-0.5530973451327433,-0.21794105207892775,0.5009569287003226,1.5140226991361598,-0.09681697612732096,-0.5527522935779816,-0.5575221238938053,-0.36941792423775793,0.13887251509659904,1.4367672000589926,Auto & Truck Dealerships,Consumer Cyclical,ABG
2019Q4,2019,Q4,2020-03-02,2019-12-31,43600000.0,1894000000.0,79100000.0,2.26,301600000.0,0.15923970432946147,2911300000.0,646300000.0,1602600000.0,1247000000.0,2265000000.0,985000000.0,1094500000.0,2135189000.0000002,4012589000.0,33.83769633507853,1.2851643945469127,0.646068766530416,2.910258393934705,0.0232181943133884,33.83769633507853,0.0674609314559802,1.127343717001056,12.243056192660552,3.303711898499149,0.0,1.6166497461928935,0.0,0.6505684745646275,0.2818765036086608,0.014976127503177275,-79.6712313432836,0.15923970432946147,-0.030042918454935744,4.610080752506877,0.9133112483584314,1.205648895745735,0.029000341180484477,-0.03111111111111111,-0.037712895377128956,-0.26517427298476137,0.2852719826956519,1.6131363633811093,Auto & Truck Dealerships,Consumer Cyclical,ABG
2019Q3,2019,Q3,2019-10-30,2019-09-30,45000000.0,1842000000.0,82200000.0,2.33,293100000.0,0.15912052117263845,2816500000.0,600000000.0,1448000000.0,1235100000.0,2216500000.0,1030100000.0,1050900000.0,1954503000.0,3800903000.0,31.413612565445025,1.1723747065014978,0.6562045091425528,3.0803333333333334,0.024577215744965707,31.413612565445025,0.075,1.0610765472312704,10.85835,3.257505,0.0,1.5036404232598777,0.0,0.6540031954553523,0.2128572585215772,0.015977276761938577,11.859848300970874,0.15912052117263845,-0.17957746478873232,1.1602899718082964,0.9088109452459509,0.7868403406189381,-0.006440677966101695,-0.18032786885245902,-0.04307334109429569,0.5997673065735895,0.2605759566693347,1.7038320674483194,Auto & Truck Dealerships,Consumer Cyclical,ABG
2019Q2,2019,Q2,2019-07-31,2019-06-30,54900000.0,1803500000.0,85900000.0,2.84,295000000.0,0.1635708344884946,2814000000.0,556300000.0,1529500000.0,1272600000.0,2257700000.0,1100800000.0,1009300000.0,1607265000.0,3509065000.0,29.12565445026178,1.2018701870187019,0.6792466240227434,3.435915872730541,0.025153693279099318,29.12565445026178,0.09868775840373899,0.8911921264208483,7.319057377049181,2.8892054646773326,0.0,1.3703670058139534,0.0,0.6409026297085999,0.22065063649222066,0.01950959488272921,19.27176258992806,0.1635708344884946,0.3459715639810427,1.4259796701133163,0.9030529055606595,0.6688867810948034,0.05659025787965616,0.3422982885085575,0.10411311053984576,0.7308729332211077,0.2822737196195776,1.9311337128906436,Auto & Truck Dealerships,Consumer Cyclical,ABG
2019Q1,2019,Q1,2019-05-08,2019-03-31,40900000.0,1670800000.0,77800000.0,2.11,279200000.0,0.16710557816614796,2904900000.0,504600000.0,1628600000.0,1416800000.0,2400300000.0,1167800000.0,957700000.0,1362240000.0,3377740000.0,26.28125,1.1494918125352909,0.697579951117078,4.01585414189457,0.02271456797727187,26.28125,0.08105430043598891,0.8153220014364376,8.326650366748167,2.699643281807372,0.0,1.191642404521322,0.0,0.5751660986608833,0.20108695652173914,0.014079658508038143,22.114285714285714,0.16710557816614796,0.024271844660194088,1.062367303609342,0.9513412505224853,0.5613640805159272,-0.009226401703335699,0.012376237623762377,0.00646830530401035,0.6698084677419357,0.3635583247356202,1.6411678039702233,Auto & Truck Dealerships,Consumer Cyclical,ABG
2018Q4,2018,Q4,2019-02-28,2018-12-31,40400000.0,1784200000.0,77300000.0,2.06,281800000.0,0.15794193476067706,2695400000.0,473200000.0,1553000000.0,1303300000.0,2222200000.0,1067600000.0,922700000.0,1286538000.0,3237138000.0,24.518134715025905,1.1915905777641371,0.7267566965941975,4.139687235841082,0.023734613621676375,24.518134715025905,0.08537616229923922,0.7210727496917386,7.96125,2.718803888419273,0.0,1.4072686399400525,0.0,0.6619425688209543,0.26977672063224123,0.014988498924092899,-11.177567332754126,0.15794193476067706,-0.05504587155963307,1.3734037020629077,1.0506113989637307,0.5242623497926827,0.013669064748201438,-0.08803611738148984,-0.043316831683168314,0.2681819900911462,0.40316692275986865,0.9411814130497457,Auto & Truck Dealerships,Consumer Cyclical,ABG
2018Q3,2018,Q3,2018-10-24,2018-09-30,44300000.0,1757400000.0,80800000.0,2.18,278000000.0,0.15818823261636508,2516300000.0,481000000.0,1375500000.0,1135500000.0,2035300000.0,962800000.0,887100000.0,1365200000.0,3054700000.0,24.05,1.2113606340819023,0.6741247069109406,3.5266112266112266,0.027816938705267077,24.05,0.0920997920997921,0.7768294070786389,7.70428893905192,2.8382536382536383,0.0,1.5365600332363938,0.0,0.6984063903350157,0.22800528401585204,0.017605214004689423,20.076470588235296,0.15818823261636508,0.0331753554502371,1.9956167400881057,0.9407258992805758,0.567923125929072,0.0007199424046076314,0.02546296296296296,0.01507537688442211,0.12267123287671222,0.32593393148450245,0.9805882352941178,Auto & Truck Dealerships,Consumer Cyclical,ABG
2018Q2,2018,Q2,2018-07-25,2018-06-30,43200000.0,1723600000.0,79600000.0,2.11,277800000.0,0.16117428637734973,2520900000.0,450500000.0,1386000000.0,1169000000.0,2070400000.0,967400000.0,842800000.0,1391565000.0,3130365000.0,22.192118226600986,1.18562874251497,0.6907453687175216,3.865260821309656,0.02695708371314638,22.192118226600986,0.09589345172031076,0.8073595961940125,8.053038194444444,3.0889345172031075,0.0,1.4945213975604714,0.0,0.6837240668015392,0.22207014542343884,0.017136736879685827,-89.20288461538462,0.16117428637734973,0.09326424870466318,1.4275862068965517,0.9450481527551585,0.50687222526303,0.04672192916352675,0.0773067331670823,0.08743169398907104,0.3876523677681494,0.34676350947902684,0.6174837325888127,Auto & Truck Dealerships,Consumer Cyclical,ABG
2018Q1,2018,Q1,2018-04-26,2018-03-31,40100000.0,1609200000.0,73200000.0,1.93,265400000.0,0.16492667163808103,2429400000.0,424300000.0,1326600000.0,1101100000.0,2005100000.0,912800000.0,799500000.0,1390500000.0,3052900000.0,20.597087378640776,1.2047952047952049,0.6862599818885321,3.929295309922225,0.026281873930596555,20.597087378640776,0.09450860240395946,0.8640939597315436,8.668952618453865,3.277162385104879,0.0,1.4721735319894829,0.0,0.6623857742652507,0.24184906003087822,0.01650613320161357,93.32214765100672,0.16492667163808103,-0.053921568627451025,0.8507692307692307,0.9698057777052389,0.4835664335664335,-0.011177347242921014,-0.05647058823529412,-0.012145748987854251,0.4911296211158288,0.3933090436471304,0.4964858729527644,Auto & Truck Dealerships,Consumer Cyclical,ABG
2017Q4,2017,Q4,2018-02-27,2017-12-31,42500000.0,1670900000.0,74100000.0,2.04,268400000.0,0.16063199473337722,2356700000.0,394200000.0,1302100000.0,1058200000.0,1962500000.0,826000000.0,750300000.0,1318400000.0,3008100000.0,19.135922330097088,1.2304857304857304,0.7189714431196164,4.298325722983257,0.027717430336110314,19.135922330097088,0.10781329274479959,0.7890358489436831,7.7552941176470584,3.3444951801116183,0.0,1.6979418886198547,0.0,0.7089998727033564,0.3085428085428085,0.0180336911783426,-399.5151515151515,0.16063199473337722,0.3783783783783784,1.8051013455970026,1.1020407666347967,0.4727249062388523,0.0311179408374952,0.38436482084690554,0.06312769010043041,4.070347210794801,0.5650285190137524,0.24734040812051153,Auto & Truck Dealerships,Consumer Cyclical,ABG
2017Q3,2017,Q3,2017-10-25,2017-09-30,30700000.0,1602100000.0,69700000.0,1.48,260300000.0,0.16247425254353662,2269800000.0,347300000.0,1220700000.0,980400000.0,1922500000.0,843500000.0,707800000.0,1258660000.0,2859860000.0,16.859223300970875,1.2451040391676866,0.7066701912062737,4.618485459257126,0.021888166474410373,16.859223300970875,0.0883961992513677,0.7856313588415205,10.249674267100977,3.6241289951050963,0.0,1.590752815649081,0.0,0.7058331130496079,0.2481640146878825,0.013525420741915588,10.944869565217392,0.16247425254353662,-0.026315789473684233,1.239036630552038,1.0191204348710567,0.36046145474881747,-0.02545862972669412,-0.03761755485893417,-0.02653631284916201,0.36648244958924564,0.5393205173178709,-0.041029100269265054,Auto & Truck Dealerships,Consumer Cyclical,ABG
2017Q2,2017,Q2,2017-07-26,2017-06-30,31900000.0,1631800000.0,71600000.0,1.52,267100000.0,0.1636842750337051,2367000000.0,318100000.0,1318000000.0,1103200000.0,2048900000.0,930400000.0,677100000.0,1176240000.0,2913640000.0,15.29326923076923,1.194706308919507,0.7351499788762146,5.470292360892801,0.02154809603640848,15.29326923076923,0.10028292989625903,0.7208236303468563,9.218181818181817,3.697705124174788,0.0,1.4667884780739466,0.0,0.689395859738065,0.21763959390862944,0.013476975073933249,86.48823529411764,0.1636842750337051,-0.055900621118012465,1.2605040102078018,1.0485766647290578,0.30952828490342243,0.02691272587466359,-0.061764705882352944,-0.009681881051175657,0.2944209342189844,0.5811449176737857,-0.12370261404631676,Auto & Truck Dealerships,Consumer Cyclical,ABG
2017Q1,2017,Q1,2017-04-27,2017-03-31,34000000.0,1551700000.0,72300000.0,1.61,260100000.0,0.16762260746278276,2399700000.0,298200000.0,1348600000.0,1153400000.0,2101500000.0,969100000.0,645000000.0,1262100000.0,2993600000.0,14.2,1.169238772325299,0.7228403550443806,5.816901408450704,0.022773408751837105,14.2,0.11401743796109994,0.8133659856931108,9.280147058823529,4.232394366197183,0.0,1.3327829945310081,0.0,0.6466224944784765,0.2230795907750997,0.014168437721381839,13.585575888051668,0.16762260746278276,-0.47727272727272724,1.8609307359307357,1.0900352974295675,0.2690229885057471,-0.017006802721088437,-0.4932935916542474,-0.09737827715355805,0.5674855929632999,0.6569082217234464,-0.15638069181160844,Auto & Truck Dealerships,Consumer Cyclical,ABG
2016Q4,2016,Q4,2017-02-23,2016-12-31,67100000.0,1666500000.0,80100000.0,3.08,264600000.0,0.15877587758775877,2336100000.0,279700000.0,1332400000.0,1104900000.0,2056400000.0,894900000.0,611500000.0,1332720000.0,3118720000.0,12.949074074074074,1.2059009865146166,0.7659774838405891,6.3975688237397215,0.024299416796093473,12.949074074074074,0.2398998927422238,0.7997119711971197,4.965424739195232,4.764819449410083,0.0,1.566543747904794,0.0,0.7133684345704379,0.2936012308806227,0.028723085484354264,-31.065734265734267,0.15877587758775877,1.0952380952380953,3.479112833763996,1.1952603130895922,0.22909153795559192,-0.0041400075272864136,1.0709876543209877,0.13295615275813297,2.522218780118408,0.7113888888888888,-0.19497195422083308,Auto & Truck Dealerships,Consumer Cyclical,ABG
2016Q3,2016,Q3,2016-10-26,2016-09-30,32400000.0,1683100000.0,70700000.0,1.47,265700000.0,0.15786346622304082,2326500000.0,255600000.0,1337100000.0,1099800000.0,2070900000.0,892400000.0,544400000.0,1224740000.0,2920740000.0,11.618181818181819,1.2157665030005456,0.7305824199441221,6.649843505477309,0.02266003000721839,11.618181818181819,0.1267605633802817,0.7276691818667934,9.450154320987656,4.791627543035993,0.0,1.5883012102196326,0.0,0.7234472383408553,0.22231314784506273,0.013926499032882012,19.471224165341813,0.15786346622304082,-0.10909090909090906,2.7955654101995564,1.2608316313126604,0.17516389162847365,-0.007100149476831091,-0.11716621253405994,-0.09475032010243278,0.9917501001201441,0.6897047089601047,-0.24256066719434732,Auto & Truck Dealerships,Consumer Cyclical,ABG
2016Q2,2016,Q2,2016-07-27,2016-06-30,36700000.0,1627400000.0,78100000.0,1.65,267600000.0,0.16443406660931548,2372100000.0,219600000.0,1379500000.0,1173900000.0,2152500000.0,989500000.0,512000000.0,1165554000.0,2989854000.0,9.936651583710407,1.1751426867705936,0.769824206399393,8.315573770491802,0.023723287897019985,9.936651583710407,0.16712204007285975,0.7162062185080497,7.939741144414168,5.307622950819672,0.0,1.3742294087923193,0.0,0.686058766493824,0.2096430701081864,0.015471523122971207,506.76260869565215,0.16443406660931548,0.29921259842519676,2.753967242368237,1.1761923131078418,0.024956670427712317,0.02607361963190184,0.18387096774193548,0.13352685050798258,0.8943522708228592,0.6869101366552859,-0.3252890899949723,Auto & Truck Dealerships,Consumer Cyclical,ABG
2016Q1,2016,Q1,2016-04-27,2016-03-31,31000000.0,1550800000.0,68900000.0,1.27,260800000.0,0.16817126644312613,2335500000.0,241800000.0,1369300000.0,1114400000.0,2093700000.0,997900000.0,475300000.0,1454112000.0,3209612000.0,9.950617283950617,1.228732950466619,0.7535431385142368,7.2783291976840365,0.021282009695337493,9.950617283950617,0.1282051282051282,0.9376528243487232,11.726709677419356,6.013697270471464,0.0,1.292714700871831,0.0,0.6640119888674803,0.20755563531945442,0.01327338899593235,51.93257142857143,0.16817126644312613,-0.22560975609756093,1.0770519262981575,0.970020325203252,0.04743339831059127,0.0015360983102918587,-0.24574209245742093,-0.011477761836441894,0.21291547958214616,0.6092744722307858,-0.28327721661054994,Auto & Truck Dealerships,Consumer Cyclical,ABG
2015Q4,2015,Q4,2016-02-19,2015-12-31,41100000.0,1640500000.0,69700000.0,1.64,260400000.0,0.15873209387381895,2305900000.0,314500000.0,1343000000.0,1007800000.0,1991400000.0,917200000.0,444300000.0,1679256000.0,3419556000.0,12.630522088353414,1.3326056757293114,0.7559304393078624,5.542448330683625,0.021274786158631414,12.630522088353414,0.13068362480127185,1.0236245047241694,10.214452554744524,5.339446740858505,0.0,1.5046881814217183,0.0,0.711435881868251,0.2956935899980155,0.017823843184873584,-48.53341040462428,0.15873209387381895,-0.16326530612244902,8.903614457831326,1.614361917971949,0.4253880726668431,-0.045104510451045104,-0.19569471624266144,-0.09007832898172324,1.24424011836821,0.7073980590477612,-0.0279389653948465,Auto & Truck Dealerships,Consumer Cyclical,ABG
2015Q3,2015,Q3,2015-10-22,2015-09-30,51100000.0,1716400000.0,76600000.0,1.96,272700000.0,0.15887904917268703,2243400000.0,314500000.0,1282000000.0,1146600000.0,1928900000.0,887600000.0,403200000.0,2101785000.0000002,3697485000.0,12.142857142857142,1.1180882609454037,0.7130248729606847,5.086168521462639,0.024926556679964067,12.142857142857142,0.16248012718600954,1.2245309951060361,10.282705479452055,6.682941176470589,0.0,1.6265209553853086,0.0,0.7650887046447357,0.20931449502878074,0.02277792636177231,51.01419902912622,0.15887904917268703,0.28947368421052627,4.098162162162162,0.9567873934817896,0.40679442508710795,0.005160339107998526,0.24330900243309003,-0.0681265206812652,1.9642250946598774,0.7205154064658198,-0.020127511305508168,Auto & Truck Dealerships,Consumer Cyclical,ABG
2015Q2,2015,Q2,2015-07-23,2015-06-30,41100000.0,1689600000.0,82200000.0,1.52,271300000.0,0.16057054924242425,2311800000.0,367700000.0,1344800000.0,1156600000.0,1944100000.0,928500000.0,352100000.0,2428616000.0,4042816000.0,13.720149253731343,1.1627183122946567,0.699065663119647,4.395159097090019,0.025342326415393253,13.720149253731343,0.11177590426978515,1.4373910984848486,14.772603406326036,6.604884416644004,0.0,1.5275175013462574,0.0,0.7308590708538801,0.21450804080926855,0.01777835452893849,-106.05310043668122,0.16057054924242425,0.1692307692307692,2.8579174440298507,0.9120672422009759,0.6627354383520858,0.05811232449297972,0.14484679665738162,0.12448700410396717,1.260398245738134,0.6462573780969209,0.17482555559208354,Auto & Truck Dealerships,Consumer Cyclical,ABG
2015Q1,2015,Q1,2015-04-22,2015-03-31,35900000.0,1541800000.0,73100000.0,1.3,256400000.0,0.16629913088597742,2177600000.0,378500000.0,1284300000.0,1088800000.0,1799100000.0,870500000.0,311000000.0,2285250000.0,3752450000.0,13.763636363636364,1.1795554739162382,0.6742744305657604,3.8792602377807133,0.024332073100898705,13.763636363636364,0.09484808454425363,1.4821961343883772,15.913997214484679,6.037648612945838,0.0,1.4766226306720276,0.0,0.708027185892726,0.23025349008082294,0.0164860396767083,32.78694404591105,0.16629913088597742,2.25,4.6804914004914,0.8805287878787879,0.7552043204320432,0.0482420278004906,2.042372881355932,0.1126331811263318,1.3067975206611568,0.5858441440324113,0.23002612330198535,Auto & Truck Dealerships,Consumer Cyclical,ABG
2014Q4,2014,Q4,2015-02-24,2014-12-31,11800000.0,1503000000.0,65700000.0,0.4,244600000.0,0.16274118429807052,2192000000.0,444900000.0,1276700000.0,1041100000.0,1747100000.0,886000000.0,275100000.0,2201680000.0,3750680000.0,15.341379310344827,1.2262991067140525,0.7079835766423358,3.4881995954147,0.02007904955621302,15.341379310344827,0.02652281411553158,1.4648569527611444,46.64576271186441,4.948707574735896,0.0,1.4203160270880362,0.0,0.6856751824817519,0.25501873018922294,0.005383211678832117,-24.990692395005674,0.16274118429807052,-0.6296296296296297,64.51034482758621,0.7768827468718794,1.0278834720570749,0.0,-0.6369230769230769,-0.006051437216338881,-0.41331194867682447,0.4746720260796632,0.4561627636885782,Auto & Truck Dealerships,Consumer Cyclical,ABG
2014Q3,2014,Q3,2014-10-22,2014-09-30,32500000.0,1505600000.0,66100000.0,1.08,244600000.0,0.16246014877789586,1925500000.0,523900000.0,1091200000.0,787300000.0,1401600000.0,784600000.0,263300000.0,1919716000.0,3071316000.0,17.58053691275168,1.3860027943604725,0.6038431576213971,2.219316663485398,0.023958438211071062,17.58053691275168,0.062034739454094295,1.2750504782146652,14.767046153846154,3.6642794426417256,0.0,1.6071883762426715,0.0,0.7819267722669436,0.26775053981963676,0.016878732796676187,29.443496932515338,0.16246014877789586,-0.08474576271186429,3.716125521494649,0.644711778079704,1.334345150240887,-0.013311819281968536,-0.0947075208913649,-0.08448753462603878,1.8107437114639604,0.49304990292950807,0.7782483092987498,Auto & Truck Dealerships,Consumer Cyclical,ABG
2014Q2,2014,Q2,2014-07-23,2014-06-30,35900000.0,1503400000.0,72200000.0,1.18,247900000.0,0.16489290940534787,1935900000.0,528800000.0,1123500000.0,848200000.0,1407100000.0,793100000.0,230800000.0,2082821999.9999998,3235422000.0,17.45214521452145,1.3245696769629804,0.5989978821220104,2.192889561270802,0.026237256012110553,17.45214521452145,0.06788956127080181,1.3854077424504454,14.504331476323118,3.9387708018154313,0.0,1.5830286218635734,0.0,0.7765896998811922,0.27634991747229426,0.018544346298879074,263.6483544303797,0.16489290940534787,0.15686274509803913,5.936573657365737,0.6953232250219927,1.408740145339009,0.07735767057800956,0.14331210191082802,0.12461059190031153,1.6783572723469529,0.4663145747460034,0.8001730764336072,Auto & Truck Dealerships,Consumer Cyclical,ABG
2014Q1,2014,Q1,2014-04-24,2014-03-31,31400000.0,1355700000.0,64200000.0,1.02,230100000.0,0.1697278158884709,1883100000.0,511700000.0,1095600000.0,810000000.0,1371400000.0,772300000.0,194900000.0,1681424000.0,2801224000.0,16.832236842105264,1.3525925925925926,0.5978970845945515,2.20031268321282,0.02397896993469012,16.832236842105264,0.0613640805159273,1.2402625949693884,13.387133757961783,3.2859566152042214,0.0,1.4574647157840217,0.0,0.7199299028198184,0.27913580246913583,0.016674632255323667,41.11061124694376,0.1697278158884709,0.17241379310344832,109.51973684210529,0.7076370882173822,1.3854958173579646,0.029069767441860465,0.16728624535315986,0.10499139414802065,0.6816979635017193,0.37661088936136056,0.771814404432133,Auto & Truck Dealerships,Consumer Cyclical,ABG
2013Q4,2013,Q4,2014-02-25,2013-12-31,26900000.0,1375000000.0,58100000.0,0.87,223600000.0,0.16261818181818183,1888600000.0,490600000.0,1108600000.0,834200000.0,1398000000.0,767700000.0,163500000.0,1639070000.0,2850170000.0,16.085245901639343,1.3289379045792375,0.6441279254474214,2.4796167957602937,0.020480834080257207,16.085245901639343,0.05483081940481044,1.192050909090909,15.232992565055762,3.340949857317571,0.0,1.4998046111762406,0.0,0.7280525256803981,0.29009829777031887,0.014243354866038335,-36.26261061946903,0.16261818181818183,0.19178082191780824,1.077479878327815,0.8207488016368689,1.3185289332852397,-0.007545494895694629,0.18502202643171806,0.0017241379310344827,4.291803278688525,0.7889231325228634,0.8152628603730921,Auto & Truck Dealerships,Consumer Cyclical,ABG
2013Q3,2013,Q3,2013-10-24,2013-09-30,22700000.0,1390000000.0,58000000.0,0.73,225300000.0,0.1620863309352518,1775500000.0,470900000.0,1010800000.0,773300000.0,1304600000.0,734500000.0,136600000.0,1633240000.0,2721840000.0,15.338762214983714,1.307125307125307,0.6138552520416783,2.314504141006583,0.022837137911168648,15.338762214983714,0.04820556381397324,1.1749928057553958,17.987224669603524,3.468337226587386,0.0,1.5857045609257998,0.0,0.7828780625176007,0.23108754687702057,0.012785130949028443,44.99283746556474,0.1620863309352518,-0.16091954022988508,2.9065689467969595,0.17587815251857233,-0.17712174273991588,0.015322217214961695,-0.15925925925925927,0.010452961672473868,0.910644951140065,0.33690739257945956,0.7770517200286009,Auto & Truck Dealerships,Consumer Cyclical,ABG
2013Q2,2013,Q2,2013-07-24,2013-06-30,27000000.0,1344500000.0,57400000.0,0.87,221900000.0,0.16504276682781704,1755300000.0,453600000.0,1071700000.0,702300000.0,1301700000.0,712500000.0,113900000.0,1248940000.0,2265240000.0,14.727272727272727,1.5259860458493522,0.617159459921381,2.388227513227513,0.02314038954550258,14.727272727272727,0.05952380952380952,0.928925251022685,11.564259259259257,2.753395061728395,0.0,1.575578947368421,0.0,0.7659659317495585,0.38160330343158194,0.015381985985301657,192.14461538461538,0.16504276682781704,-0.1634615384615385,1.5494459668771592,0.04642115673195515,-0.2119268307654534,0.07353652636671505,-0.16923076923076924,0.09125475285171103,1.205255681818182,0.32392732067781516,0.7847880384575904,Auto & Truck Dealerships,Consumer Cyclical,ABG
2013Q1,2013,Q1,2013-04-24,2013-03-31,32500000.0,1225400000.0,52600000.0,1.04,206700000.0,0.16867961481965071,1657600000.0,429000000.0,984200000.0,738200000.0,1228600000.0,703900000.0,86900000.0,1126305000.0,2127505000.0,13.883495145631068,1.3332430235708481,0.6040661196911197,2.334032634032634,0.022479142948030325,13.883495145631068,0.07575757575757576,0.9191325281540721,8.663884615384616,2.625419580419581,0.0,1.4472226168489841,0.0,0.739261583011583,0.2632078027634787,0.01960666023166023,592.7921052631579,0.16867961481965071,0.42465753424657543,2.1653567575897674,-0.0250817873423355,-0.2527364220712967,0.08789473684210526,0.42543859649122806,0.10736842105263159,3.5766640426834604,0.3301604638619203,0.7704892819379026,Auto & Truck Dealerships,Consumer Cyclical,ABG
2012Q4,2012,Q4,2013-02-21,2012-12-31,22800000.0,1196200000.0,47500000.0,0.73,190000000.0,0.15883631499749207,1661400000.0,402800000.0,986400000.0,779800000.0,1258600000.0,648500000.0,54400000.0,992930000.0,2056130000.0,12.993548387096775,1.2649397281354193,0.6436740098711929,2.6549155908639523,0.020788585972165177,12.993548387096775,0.05660377358490566,0.830070222370841,10.887390350877194,2.465069513406157,0.0,1.551580570547417,0.0,0.7199951847839172,0.29481918440625804,0.013723365836041893,-21.727133479212252,0.15883631499749207,0.10606060606060598,1.121910921444412,-0.06191405178791375,-0.29719520898239876,-0.026140440799589954,0.10144927536231885,-0.038461538461538464,117.41290322580646,0.3229392207506732,0.717538005190953,Auto & Truck Dealerships,Consumer Cyclical,ABG
2012Q3,2012,Q3,2012-10-24,2012-09-30,20700000.0,1197900000.0,49400000.0,0.66,195100000.0,0.16286835295099758,1490200000.0,385400000.0,864900000.0,655400000.0,1104800000.0,588400000.0,31600000.0,873910000.0,1766210000.0,12.392282958199356,1.3196521208422338,0.602737887531875,2.330565646081993,0.024106308151181942,12.392282958199356,0.053710430721328487,0.7295350196176642,10.554468599033816,2.2675402179553714,0.0,1.7042828008157715,0.0,0.8038518319688632,0.12633506255721696,0.013890752919071266,57.49407894736842,0.16286835295099758,-0.01492537313432837,0.13616796710480694,-0.16172342508750917,-0.31515808961118097,-0.006619144602851324,-0.018957345971563982,0.024896265560165973,1.8782480229425567,0.2538819088491494,0.6454483595949353,Auto & Truck Dealerships,Consumer Cyclical,ABG
2012Q2,2012,Q2,2012-07-26,2012-06-30,21100000.0,1191000000.0,48200000.0,0.67,196400000.0,0.16490344248530647,1490400000.0,363200000.0,855200000.0,710300000.0,1127200000.0,595200000.0,10900000.0,736759000.0,1653859000.0,11.678456591639872,1.2039983105729972,0.6211755233494364,2.5490088105726874,0.022945905917201494,11.678456591639872,0.058094713656387666,0.6186053736356003,8.729372037914693,2.0285214757709253,0.0,1.6710349462365592,0.0,0.7991143317230274,0.12163874419259468,0.01415727321524423,283.36884615384616,0.16490344248530647,0.1964285714285714,0.07218515795415249,-0.17410956831970423,-0.35462666404325116,0.03641160949868074,0.19886363636363635,0.1261682242990654,2.9720549546916106,0.3084946964444614,0.6118572749712983,Auto & Truck Dealerships,Consumer Cyclical,ABG
2012Q1,2012,Q1,2012-04-26,2012-03-31,17600000.0,1099500000.0,42800000.0,0.56,189500000.0,0.17235106866757616,1482600000.0,348000000.0,852100000.0,702500000.0,1134600000.0,583900000.0,-10200000.0,839700000.0,1754400000.0,11.189710610932476,1.2129537366548042,0.619857007958991,2.6408045977011496,0.020681990238873765,11.189710610932476,0.05057471264367816,0.7637107776261938,11.927556818181818,2.412931034482759,0.0,1.5584860421305018,0.0,0.7416025900445163,0.11686832740213524,0.011871037366788075,-16.760479041916167,0.17235106866757616,-0.1764705882352941,42.565106970734355,-0.16751216324593265,-0.34489965225005664,0.053948832035595105,-0.1813953488372093,0.0594059405940594,59.553054662379424,0.35375605123368276,0.5858265369136092,Auto & Truck Dealerships,Consumer Cyclical,ABG
2011Q4,2011,Q4,2012-02-22,2011-12-31,21500000.0,1089500000.0,40400000.0,0.68,179800000.0,0.16502983019733822,1419400000.0,326600000.0,792500000.0,636300000.0,1092800000.0,519500000.0,-27800000.0,668360000.0,1589160000.0,10.535483870967742,1.2454816910262454,0.656756375933493,2.8542559706062463,0.019850769104026174,10.535483870967742,0.06582976117575015,0.6134557136301055,7.771627906976743,2.046417636252296,0.0,1.751106833493744,0.0,0.7675778497956883,0.14207134999214208,0.015147245314921797,-2.58853601859024,0.16502983019733822,0.7894736842105264,0.9244192447429265,-0.11605197831857865,-0.42602101574944845,-0.017486338797814208,0.7479674796747967,0.17784256559766765,1.0609274855659727,0.4194258648960177,0.5185856859365267,Auto & Truck Dealerships,Consumer Cyclical,ABG
2011Q3,2011,Q3,2011-10-26,2011-09-30,12300000.0,1072700000.0,34300000.0,0.38,183000000.0,0.17059755756502284,1308900000.0,313400000.0,670200000.0,500400000.0,995500000.0,457100000.0,-49300000.0,522732999.99999994,1304233000.0,9.886435331230285,1.339328537170264,0.6033310413324166,2.5197830248883215,0.019510079437449895,9.886435331230285,0.03924696873005743,0.4873058637083993,10.624654471544716,1.667941927249521,0.0,1.9464012251148546,0.0,0.8195431278172511,0.16546762589928057,0.009397203758881504,9.48698729582577,0.17059755756502284,-0.11627906976744183,-0.24881985800651993,-0.25980840894804513,-0.4541020556550767,-0.03123345685547909,-0.13380281690140844,-0.08533333333333333,1.05,-0.12116991643454031,-0.46962260957860885,Auto & Truck Dealerships,Consumer Cyclical,ABG
2011Q2,2011,Q2,2011-07-27,2011-06-30,14200000.0,1086200000.0,37500000.0,0.43,188900000.0,0.17390904069232185,1338200000.0,311200000.0,710300000.0,472200000.0,1027000000.0,482900000.0,-61600000.0,594813000.0,1386813000.0,9.694704049844237,1.504235493434985,0.609176505753998,2.619537275064267,0.020376940879702193,9.694704049844237,0.04562982005141388,0.5476090959307678,10.47205985915493,1.9113528277634961,0.0,1.858148685027956,0.0,0.8116873412046032,0.19229140194832697,0.010611268868629502,33.41646067415731,0.17390904069232185,-0.2711864406779661,-0.23004666667978077,-0.2626441465704918,-0.45429653718037233,0.09253903990746096,-0.2864321608040201,0.6741071428571429,0.2865186201377575,-0.18884997163657893,-0.4812253234637706,Auto & Truck Dealerships,Consumer Cyclical,ABG
2011Q1,2011,Q1,2011-04-27,2011-03-31,19900000.0,1049600000.0,22400000.0,0.59,172900000.0,0.16472942073170732,1441500000.0,307800000.0,819000000.0,567300000.0,1133700000.0,566600000.0,-75800000.0,599076000.0,1506576000.0,9.5,1.4436805922792173,0.6350329517863337,2.9740090968161144,0.01132491136277581,9.5,0.06465237166991553,0.570766006097561,7.5260804020100505,1.946315789473684,0.0,1.5472996823155665,0.0,0.7281304197016997,0.16322933192314473,0.013805064169268123,-9.008661654135338,0.16472942073170732,2.6874999999999996,0.6108190162599465,-0.23104970462770094,-0.44769743696603465,0.314828897338403,2.685185185185185,-0.19424460431654678,0.8484420928865373,-0.20360669782380264,-0.4886731391585761,Auto & Truck Dealerships,Consumer Cyclical,ABG
2010Q4,2010,Q4,2011-02-28,2010-12-31,5400000.0,816500000.0,27800000.0,0.16,131500000.0,0.16105327617881202,1486300000.0,287100000.0,877300000.0,635800000.0,1199200000.0,542900000.0,-95700000.0,598752000.0,1540352000.0,8.86111111111111,1.3798364265492293,0.6478503666823656,3.353883664228492,0.015216842105263159,8.86111111111111,0.018808777429467086,0.7333153704837722,27.720000000000002,2.0855172413793106,0.0,1.2617424940136306,0.0,0.5493507367287896,0.19487260144699592,0.003633183072058131,15.081914357682619,0.16105327617881202,-0.5789473684210527,-0.7323675738952298,-0.4096454817502955,-0.4674267844298478,-0.26040494938132736,-0.568,-0.1871345029239766,-0.5191576128305792,-0.3873510334637303,-0.5207135759149111,Auto & Truck Dealerships,Consumer Cyclical,ABG
2010Q3,2010,Q3,2010-10-28,2010-09-30,12500000.0,1093900000.0,34200000.0,0.38,177800000.0,0.1625377091141786,1326500000.0,278800000.0,763400000.0,516700000.0,1047700000.0,525600000.0,-101100000.0,454461000.0,1310761000.0,8.631578947368421,1.4774530675440294,0.652393516773464,3.1040172166427547,0.018207033132008978,8.631578947368421,0.04483500717360115,0.4154502239692842,9.08922,1.6300609756097562,0.0,1.7429604261796043,0.0,0.8246513381078024,0.18134313915231276,0.009423294383716547,-29.703333333333333,0.1625377091141786,-0.025641025641025664,-0.15273740071832914,-0.23455327748265417,-0.4624249964804943,0.010801591813530414,-0.0234375,-0.05263157894736842,-0.339397709857774,-0.26294099868966603,-0.5229880534581798,Auto & Truck Dealerships,Consumer Cyclical,ABG
2010Q2,2010,Q2,2010-07-28,2010-06-30,12800000.0,1061700000.0,36100000.0,0.39,175900000.0,0.16567768672883113,1338700000.0,265700000.0,768600000.0,526700000.0,1073000000.0,517200000.0,-113600000.0,339388000.0,1199088000.0,8.251552795031056,1.4592747294475032,0.6623590050048555,3.3372224313135113,0.01924507714841166,8.251552795031056,0.048174633044787356,0.319664688706791,6.628671875,1.27733534060971,0.0,1.7126836813611757,0.0,0.7930828415627101,0.20599962027719765,0.009561514902517368,678.776,0.16567768672883113,0.7727272727272728,-0.18925332958263952,-0.27208981488785716,-0.46668564289215997,0.0798035604665439,0.7297297297297297,0.26666666666666666,-0.3717943721433149,-0.28892238377125634,-0.5440037720425647,Auto & Truck Dealerships,Consumer Cyclical,ABG
2010Q1,2010,Q1,2010-04-30,2010-03-31,7400000.0,960000000.0,28500000.0,0.22,162900000.0,0.1696875,1346600000.0,252500000.0,778200000.0,534500000.0,1094100000.0,498300000.0,-126400000.0,428260000.0,1319860000.0,7.841614906832298,1.4559401309635174,0.6839447497400861,3.6475247524752477,0.014906777544333925,7.841614906832298,0.029306930693069305,0.4461041666666667,14.468243243243245,1.6960792079207923,0.0,1.5996387718242022,0.0,0.7129065795336402,0.22301216089803555,0.00549532155057181,-9.495787139689579,0.1696875,35.666666666666664,-0.22311538362413344,-0.28136410601832895,-0.48229553757574156,0.0536869340232859,36.0,0.010638297872340425,16.691406193966692,-0.29796556723611145,-0.5409135382493246,Auto & Truck Dealerships,Consumer Cyclical,ABG
2009Q4,2009,Q4,2010-03-01,2009-12-31,200000.0,939200000.0,28200000.0,0.006,154600000.0,0.16460817717206133,1400900000.0,243600000.0,815600000.0,598800000.0,1157300000.0,499700000.0,-133800000.0,371266000.0,1259066000.0,7.565217391304348,1.362057448229793,0.6941965879077736,3.992200328407225,0.012978852141725382,7.565217391304348,0.0008210180623973727,0.3953002555366269,464.0825,1.524080459770115,0.0,1.5701420852511507,0.0,0.6704261546148904,0.27338009352037407,0.0001427653651224213,7.5768571428571425,0.16460817717206133,-0.9727272727272727,-0.9842421223909538,-0.29750560335611037,-0.48640939215865475,-0.04978488014751076,-0.972972972972973,0.010752688172043012,-0.9827655650478028,-0.26639311323335063,-0.5878427752273123,Auto & Truck Dealerships,Consumer Cyclical,ABG
2009Q3,2009,Q3,2009-10-30,2009-09-30,7400000.0,983000000.0,27900000.0,0.22,162700000.0,0.16551373346897252,1271600000.0,241000000.0,700600000.0,478100000.0,1030600000.0,426300000.0,-134000000.0,405760000.0,1211260000.0,7.53125,1.465383810918218,0.6599559609940233,3.482157676348548,0.017780523735540118,7.53125,0.030705394190871368,0.41277721261444555,13.708108108108107,1.6836514522821577,0.0,1.9242317616701854,0.0,0.7730418370556779,0.24199958167747332,0.005819440075495438,13.848464163822525,0.16551373346897252,0.29411764705882343,-0.37893075272367116,-0.28088530358424957,-0.47632373807091843,0.04361770365618987,0.34545454545454546,0.17721518987341772,-0.5523073228942312,-0.3280628266311332,-0.584148001215309,Auto & Truck Dealerships,Consumer Cyclical,ABG
2009Q2,2009,Q2,2009-07-31,2009-06-30,5500000.0,942400000.0,23700000.0,0.17,155900000.0,0.16542869269949068,1426300000.0,233300000.0,821300000.0,626500000.0,1193000000.0,529300000.0,-141400000.0,329728000.0,1291428000.0,7.245341614906832,1.3109337589784518,0.703638785669214,4.301757393913416,0.01197550327431482,7.245341614906832,0.02357479639948564,0.3498811544991511,14.987636363636366,1.4133219031290185,0.0,1.4859248063480068,0.0,0.6607305615929328,0.20383080606544293,0.00385613124868541,-21.136410256410258,0.16542869269949068,16.0,-0.6239410081080581,-0.3169112699677093,-0.48362403507526525,0.05266711681296422,17.333333333333332,0.26737967914438504,-0.7027047917993073,-0.3622480842000263,-0.5921682613272412,Auto & Truck Dealerships,Consumer Cyclical,ABG
2009Q1,2009,Q1,2009-04-30,2009-03-31,300000.0,838300000.0,18700000.0,0.01,148100000.0,0.17666706429679113,1472300000.0,226500000.0,851400000.0,675600000.0,1245800000.0,556500000.0,-146900000.0,276702000.0,1281002000.0,7.05607476635514,1.2602131438721136,0.7063777762684236,4.591611479028698,0.009553888669561783,7.05607476635514,0.0013245033112582781,0.3300751520935226,230.585,1.2216423841059603,0.0,1.240251572327044,0.0,0.5693812402363648,0.16592658377738306,0.00020376282007742986,6.934887218045112,0.17666706429679113,1.0008866993326702,-0.9707515591353246,-0.30753006495341423,-0.4832141420613084,0.07086044830079537,1.0008210180623973,1.0358856265592016,-0.9754893457348319,-0.38011105679827645,-0.5897801917455545,Auto & Truck Dealerships,Consumer Cyclical,ABG
2008Q4,2008,Q4,2009-03-16,2008-12-31,-365400000.0,794800000.0,-521100000.0,-11.27778,138300000.0,0.17400603925515853,1654300000.0,222700000.0,1019700000.0,854500000.0,1431600000.0,666600000.0,-140000000.0,293394000.0,1421694000.0,6.937694704049845,1.193329432416618,0.7374115940276854,5.477772788504715,-0.2531499814171471,6.937694704049845,-1.6407723394701392,0.36914192249622546,-0.20073481116584566,1.3174405029187248,-0.0002736726874657909,0.9848484848484849,0.00034083859928969235,0.4804449011666566,0.2780573434757168,-0.2208789215982591,-2.002689419795222,0.17400603925515853,-60.356736842105256,-17.07477184539978,-0.3097430434556669,-0.4811609503054903,-0.30257186081694404,-61.9,-18.545454545454547,-19.279044579193098,-0.41996454802724836,-0.5830285467759426,Auto & Truck Dealerships,Consumer Cyclical,ABG
2008Q3,2008,Q3,2008-10-30,2008-09-30,6000000.0,1220600000.0,29700000.0,0.19,198300000.0,0.1624610847124365,2064500000.0,590900000.0,979400000.0,775300000.0,1473600000.0,696800000.0,225400000.0,730368000.0,1929568000.0,18.6403785488959,1.2632529343479943,0.5912327440058125,2.0656625486545948,0.012000648776004394,18.6403785488959,0.01015400236926722,0.5983680157299689,30.432000000000002,1.23602640040616,1.1666666666666667,1.4671354764638347,0.009584209603925692,0.5912327440058125,0.23745646846382046,0.00290627270525551,1.3733884919142534,0.1624610847124365,-0.44117647058823534,-0.6222550893821898,-0.028925728055306122,0.32951347917658974,-0.06726246472248354,-0.44954128440366975,-0.17955801104972377,-0.5856164246289267,-0.12973008320010015,0.1609233519300305,Auto & Truck Dealerships,Consumer Cyclical,ABG
2008Q2,2008,Q2,2008-07-31,2008-06-30,10900000.0,1322400000.0,36200000.0,0.34,212600000.0,0.16076830006049606,2163400000.0,592400000.0,1095600000.0,876100000.0,1571000000.0,756800000.0,226500000.0,814690000.0,2067390000.0,18.687697160883282,1.2505421755507362,0.5951280391975594,2.173362592842674,0.011694952026244015,18.687697160883282,0.018399729912221472,0.6160692679975801,18.685550458715593,1.375236326806212,0.6605504587155964,1.4664376321353065,0.008837717413985688,0.6112600536193029,0.2681200776167104,0.005038365535730794,-6.9394378194207835,0.16076830006049606,0.030303030303030328,-0.08382690222259569,0.09421321568137693,0.39527421123204376,0.018687110685194058,0.0380952380952381,0.028409090909090908,-0.29870892551487277,-0.07905132186039389,0.2078232357895208,Auto & Truck Dealerships,Consumer Cyclical,ABG
2008Q1,2008,Q1,2008-05-07,2008-03-31,10500000.0,1285400000.0,35200000.0,0.33,208700000.0,0.1623619106892796,2019700000.0,587100000.0,1159500000.0,867100000.0,1432600000.0,803000000.0,222600000.0,869632000.0,2009332000.0,18.579113924050635,1.337216007380925,0.5770163885725603,1.9850110713677398,0.012497701695989856,18.579113924050635,0.01788451711803781,0.6765458223121208,20.70552380952381,1.481233180037472,0.6857142857142857,1.3408468244084681,0.008279364144833677,0.6364311531415556,0.28601084073347943,0.005198791899787097,-54.693836477987425,0.1623619106892796,-0.029411764705882377,0.547480393748116,0.22082765788624079,0.4208526210008159,0.01976995318928533,-0.04135853190906601,-0.09069773449407145,0.12326671568884916,-0.019506414306629555,0.226595580202392,Auto & Truck Dealerships,Consumer Cyclical,ABG
2007Q4,2007,Q4,2008-02-29,2007-12-31,10953000.0,1299830000.0,38711000.0,0.34,204654000.0,0.15744674303562772,2016300000.0,584225000.0,1192422000.0,871667000.0,1432075000.0,769992000.0,219356000.0,951160000.0,2047344000.0,18.488132911392405,1.3679788267767392,0.5701225016118633,1.9676289100945696,0.013634179906015308,18.488132911392405,0.018747913903033934,0.7317572297915881,21.71003378069935,1.628071376610039,0.648680726741532,1.4223212708703468,0.0074698263173388285,0.6446610127461191,0.35247061090990023,0.005432227347120964,69.9588114151221,0.15744674303562772,-0.4035087719298245,1.0833394103876195,0.2606484126621388,0.4312409831276698,-0.10363313842717299,-0.4238295633876907,-0.1739538655229072,-0.1206341333622402,-0.00930464692594582,0.255130015262718,Auto & Truck Dealerships,Consumer Cyclical,ABG
2007Q3,2007,Q3,2007-11-07,2007-09-30,19010000.0,1491034000.0,46863000.0,0.57,228315000.0,0.15312528084537308,1915357000.0,587186000.0,1138020000.0,776251000.0,1328171000.0,745428000.0,215558000.0,1257113000.0,2325178000.0,18.095100154083205,1.4660464205521153,0.5789307163103276,1.8884288794351365,0.018696112209557574,18.095100154083205,0.03237475007919126,0.843114912201868,16.532259337190954,2.140911057143733,0.3856391372961599,1.6939516626689632,0.005831615773601896,0.7784627095627603,0.36364912895442325,0.009925042694390655,16.63794221581058,0.15312528084537308,-0.08064516129032265,0.3601493946310358,0.28673064859605424,0.4276577548999487,-0.01762817754677039,-0.0753441315239068,-0.12305619491382698,0.5733512868160427,0.07564130408557132,0.2582206682718859,Auto & Truck Dealerships,Consumer Cyclical,ABG
2007Q2,2007,Q2,2007-08-09,2007-06-30,20559000.0,1506533000.0,53439000.0,0.62,232412000.0,0.15426943850549574,1987556000.0,587928000.0,1223762000.0,848263000.0,1399628000.0,808235000.0,203979000.0,1621251000.0,2732887000.0,18.095660203139428,1.4426681347648076,0.583790343517365,1.973568192023513,0.019179624562629248,18.095660203139428,0.03496856757970364,1.0761470210078372,19.714614037647745,2.7575672531330366,0.31708740697504745,1.5764239361076915,0.004020968992463228,0.7579826681612996,0.36769138816617014,0.010343859493770239,-82.40576395242452,0.15426943850549574,61.0,0.6834504513486996,0.3652399158053308,0.478140773955853,0.03726184153563953,46.480369515011546,0.261871590828591,0.39316140586287934,0.08224765194305347,0.2896788716105832,Auto & Truck Dealerships,Consumer Cyclical,ABG
2007Q1,2007,Q1,2007-05-09,2007-03-31,433000.0,1415570000.0,42349000.0,0.01,224063000.0,0.15828464858678837,1978212000.0,569358000.0,1237668000.0,849927000.0,1408854000.0,780491000.0,190118000.0,1883314500.0,2962976500.0,17.08091080910809,1.4562050623171165,0.5935455856096313,2.062250815831164,0.015101742217648944,17.08091080910809,0.0007605056923763256,1.330428378674315,1087.3640300230948,3.3077861380713016,15.491916859122401,1.5266120941817394,0.0035618055295597206,0.7155805343411121,0.4135990502713762,0.000218884528048561,-32.88081603435934,0.15828464858678837,-0.9714285714285714,-0.923498653816449,0.2081516679791511,0.2795541015119919,0.07728293323204592,-0.9639557146424707,-0.0013676987289834225,-0.9593463080520424,0.12606493870450008,0.25100334664097207,Auto & Truck Dealerships,Consumer Cyclical,ABG
