Quarters,Year,Quarter,FillingDate,Date,NetIncome,Revenue,OperatingIncome,EPSDiluted,GrossProfit,GrossProfitRatio,TotalAssets,CommonStockEquity,CurrentAssets,CurrentLiability,TotalLiability,Inventory,RetainedEarnings,MarketCap,EnterpriseValue,bookValuePerShare,currentRatio,debtToAssets,debtToEquity,roic,shareholdersEquityPerShare,roe,priceToSalesRatio,peRatio,pbRatio,payoutRatio,inventoryTurnover,dividendYield,assetTurnover,quickRatio,returnOnAssets,priceToFreeCashFlowsRatio,grossProfitMargin,epsdilutedGrowth,fiveYNetIncomeGrowthPerShare,fiveYRevenueGrowthPerShare,fiveYShareholdersEquityGrowthPerShare,grossProfitGrowth,netIncomeGrowth,operatingIncomeGrowth,threeYNetIncomeGrowthPerShare,threeYRevenueGrowthPerShare,threeYShareholdersEquityGrowthPerShare,Industry,Sector,Symbol
2023Q1,2023,Q1,2023-05-04,2023-03-31,60697000.0,47980000.0,217938000.0,0.5,40723000.0,0.8487494789,15357229000.0,1970734000.0,410825000.0,2920840000.0,13386495000.0,0.0,-511929000.0,1095286230.0,4432162230.0,22.18520561515687,0.14065303131975734,0.4912619978513051,3.828229989435408,0.03582954641064772,22.18520561515687,0.030799184466295298,22.827974781158815,4.511286513336739,0.5557757820182734,0.7597245333377267,0.0,0.04210132359648126,0.0031242615448398925,0.5850173237835691,0.003952340620824239,-0.8582321980987485,0.8487494789495623,2.219512195121951,0.47297080957209725,-0.2627178146710511,-0.12595993771305014,1.5469772064848022,12.016727428693974,2.3068883012215085,1.1151826787919257,6.274621363789529,0.2196967024162981,REIT—Mortgage,Real Estate,PMT
2022Q4,2022,Q4,2023-02-24,2022-12-31,4663000.0,3109000.0,-166761000.0,-0.41,-74451000.0,-23.9469282728,13921564000.0,1962815000.0,364137000.0,2955806000.0,11958749000.0,0.0,-526822000.0,1132867260.0,4460944260.0,21.467014458516527,0.12319380906595359,0.5437079483310927,3.856331340447266,0.0148810369964544,21.467014458516527,0.002375669637739675,364.3831650048247,60.737039459575385,0.5771645621212391,11.298091357495174,0.0,0.046504124410833445,0.00022332260944244483,0.5942098365048315,0.0003349479986587714,2.2258167228916608,-23.946928272756512,-42.0,-0.9194710687403125,-0.9595882250704735,-0.10377193397745137,-1.9218910585817062,-0.6085788634265089,-2.7590637229565087,-0.9189125303805383,-0.9522971400821199,-0.18395363768815878,REIT—Mortgage,Real Estate,PMT
2022Q3,2022,Q3,2022-11-03,2022-09-30,11913000.0,101560000.0,94801000.0,0.01,80759000.0,0.7951851122,13945940000.0,2017331000.0,411274000.0,2989277000.0,11928609000.0,0.0,-485372000.0,1067197320.0,4455183320.0,22.26782126851668,0.1375831011980489,0.5482106620278017,3.789815850745366,0.0012932144520712715,22.26782126851668,0.005905327385540598,10.5080476565577,22.395645933014354,0.5290144849804023,4.473012675228742,0.0,0.04993172209240556,0.007282406205677065,0.676652916407546,0.0008542271083914028,-2.65440936009969,0.7951851122489169,1.012987012987013,-0.5480903411378517,1.3524556444469165,-0.07844943171468254,6.558851872246696,1.168419713292052,1.476385768768612,-0.8415120410055539,0.6895185673171651,-0.1536042680627611,REIT—Mortgage,Real Estate,PMT
2022Q2,2022,Q2,2022-08-05,2022-06-30,-70734000.0,7370000.0,38282000.0,-0.77,-14528000.0,-1.9712347354,13217279000.0,2070640000.0,663167000.0,123459000.0,11146639000.0,0.0,-444602000.0,1271848290.0,4423538290.0,22.516011874340766,5.371556549137771,0.5792575007306723,3.6975080168450334,0.006982746216093796,22.516011874340766,-0.03416045280686165,172.57100271370422,-4.495180146746967,0.6142295570451648,-0.7654593264907965,0.0,0.04257111514455863,0.0005576034220053916,15.026591824006351,-0.00535163099757522,-18.306823991709127,-1.97123473541384,-2.85,-2.784214775110064,-0.8719536574562702,0.033240586365205035,-1.4865208800776932,-2.6977364211406765,-0.530696807728142,-2.276769935314944,-0.8581093412426901,-0.14953996798581087,REIT—Mortgage,Real Estate,PMT
2022Q1,2022,Q1,2022-05-06,2022-03-31,-19129000.0,29861000.0,81572000.0,-0.2,29861000.0,1.0,12387515000.0,2221938000.0,618141000.0,117682000.0,10165577000.0,0.0,-320581000.0,1590125940.0,4560111940.0,23.600981454336882,5.252638466375487,0.37898868336385466,2.112897839633689,-0.012493005310058166,23.600981454336882,-0.008609151110427024,53.25092729647366,-20.781613518741178,0.7156482044053435,-2.8883370798264414,0.0,0.03474630443422613,0.002410572257631979,16.840060502030898,-0.0015442160917665893,0.9101907185071765,1.0,-0.11111111111111122,-1.4717354292633014,-0.3071709454076527,0.07955894504411959,5.208738548273432,-0.13283193177780409,0.50418587497695,-1.2453267622309754,-0.6390853476207413,-0.11708871125462224,REIT—Mortgage,Real Estate,PMT
2021Q4,2021,Q4,2022-02-25,2021-12-31,-16886000.0,-7095000.0,54230000.0,-0.18,-7095000.0,1.0,13772708000.0,2367518000.0,242935000.0,96156000.0,11405190000.0,0.0,-256670000.0,1668982979.9999998,6104406980.0,24.58328660727265,2.52646740713008,0.32632703750054093,1.8983623355767516,0.006840812318748765,24.58328660727265,-0.007132363935564587,-235.23368287526424,-24.70956680090015,0.7049504924566571,-3.3821508942319083,0.0,0.034219042784965965,-0.0005151492357203827,2.52646740713008,-0.001226047920278278,-15.919334032811902,1.0,0.6,-1.378920842814523,-1.225267628008707,0.22574916118014018,0.0,0.5303573911834237,0.0,-1.2567438377259572,-1.1395774723547232,-0.043263337956267224,REIT—Mortgage,Real Estate,PMT
2021Q3,2021,Q3,2021-11-05,2021-09-30,-35955000.0,14131000.0,0.0,-0.45,0.0,0.0,13868600000.0,2479327000.0,0.0,0.0,11389273000.0,0.0,-183582000.0,1919794690.0000002,5809100690.0,25.428734064266006,0.0,0.28993892678424643,1.6218300369414764,0.0,25.428734064266006,-0.014501919270834383,135.85695916778715,-13.3485933110833,0.7743208903061195,-1.455541649283827,0.0,0.02726020666303645,0.001018920438977258,0.0,-0.002592547192939446,12.502896097637223,0.0,-2.40625,-1.7035579844099806,-0.810257248405085,0.26783517598661016,0.0,-1.9438989814134202,0.0,-1.4827166807633188,-0.8547320944978313,-0.005570296987023937,REIT—Mortgage,Real Estate,PMT
2021Q2,2021,Q2,2021-08-06,2021-06-30,38092000.0,23192000.0,0.0,0.32,0.0,0.0,13598112000.0,2343390000.0,0.0,0.0,11254722000.0,0.0,-95718000.0,2062342619.9999998,5669640620.0,23.92996824164939,0.0,0.27032532163288553,1.5686309150418838,0.0,23.92996824164939,0.0162550834474842,88.92474215246635,13.535273942035072,0.8800680296493542,1.3741730547096502,0.0,0.025381330673367942,0.0017055308854640996,0.0,0.0028012712353009004,-2.0640619836323655,0.0,-0.5223880597014926,6.05494087419873,14.677011844314062,0.20361413042799292,0.0,-0.46801111685264585,0.0,-0.3496150979187718,-0.7102409595209386,-0.05699183764006243,REIT—Mortgage,Real Estate,PMT
2021Q1,2021,Q1,2021-05-07,2021-03-31,71603000.0,99395000.0,0.0,0.67,0.0,0.0,12522254000.0,2357143000.0,0.0,0.0,10165111000.0,0.0,-81476000.0,1918683200.0000002,5387146200.0,24.07901564989989,0.0,0.2843980804094854,1.5108565750996015,0.0,24.07901564989989,0.030377028461998273,19.30361889431058,6.699032163456838,0.8139867627886811,0.7308213343016354,0.0,0.027273392501690738,0.007937468765607214,0.0,0.005718060023379178,-1.0264427271827548,0.0,-0.141025641025641,2.6271713487423045,2.8131592988611196,0.2236778295821244,0.0,-0.136053765127475,0.0,0.5767959011642715,0.38597496089675143,-0.05134869139692105,REIT—Mortgage,Real Estate,PMT
2020Q4,2020,Q4,2021-02-26,2020-12-31,82879000.0,78191000.0,0.0,0.78,0.0,0.0,11492011000.0,2296859000.0,0.0,0.0,9195152000.0,0.0,-100734000.0,1729906140.0,3945574140.0,23.354879710410184,0.0,0.19782194778616205,0.9897742961148246,0.0,23.354879710410184,0.03608362550770422,22.124108145438733,5.218167871233967,0.7531616612077624,0.5529627529289688,0.0,0.02649218876117753,0.006803944061661619,0.0,0.007211879626638018,90.96151750972763,0.0,-0.17021276595744672,2.957321947004861,2.898252771833159,0.15153027317978518,0.0,-0.16743849638864053,0.0,0.33070577314002064,-0.055080112194927894,-0.0249552998858588,REIT—Mortgage,Real Estate,PMT
2020Q3,2020,Q3,2020-11-06,2020-09-30,99547000.0,130203000.0,0.0,0.94,0.0,0.0,10455067000.0,2281266000.0,0.0,0.0,8173801000.0,0.0,-131283000.0,1594577890.0,3370138890.0,22.990375603414392,0.0,0.19646425986557522,0.9003978492643997,0.0,22.990375603414392,0.04363673504098163,12.246859826578497,4.004585497302782,0.6989881451790366,0.4623745567420414,0.0,0.028865319335388502,0.012453578728859414,0.0,0.009521411962257153,-0.8155169726133676,0.0,-0.7915742793791575,0.9303782567288008,0.8657426105766235,0.13372307761903174,0.0,-0.7857453402780767,0.0,2.4476901867782375,1.753526855277756,-0.048546624883578415,REIT—Mortgage,Real Estate,PMT
2020Q2,2020,Q2,2020-08-07,2020-06-30,464620000.0,475887000.0,0.0,4.51,0.0,0.0,9083719000.0,2235277000.0,0.0,0.0,6848442000.0,0.0,-185000000.0,1747548170.0,3713006170.0,22.422503987400816,0.0,0.2544624068622114,1.034084366277647,0.0,22.422503987400816,0.20785790754344988,3.6721914446076482,0.9403104526279542,0.7818038524979232,0.06723559037493006,0.0,0.01787590209888177,0.05238900498793501,0.0,0.05114865398192084,1.9359446207702575,0.0,1.7529215358931551,11.399795761240814,10.086024169390504,0.09787134262445624,0.0,1.7813033381370937,0.0,9.811419142441958,6.627275298464266,0.02894958916415503,REIT—Mortgage,Real Estate,PMT
2020Q1,2020,Q1,2020-05-08,2020-03-31,-594673000.0,7443000.0,0.0,-5.99,0.0,0.0,11918488000.0,1823368000.0,0.0,0.0,10095120000.0,0.0,-603601000.0,1064601899.9999999,2609837900.0,18.189116664172776,0.0,0.22189190440935125,1.4504016742643284,0.0,18.189116664172776,-0.326139868638695,143.0339782345828,-0.4475576913698789,0.5838656266864396,-0.08984601621395288,0.0,0.05018683509770178,0.0006244919657594152,0.0,-0.04989500346017045,0.6243084005277818,0.0,-11.89090909090909,-59.88581678138427,0.17236479100779367,-0.1209735917324552,0.0,-11.148522961926378,0.0,-14.772843125496792,-0.8378156606283176,-0.16799122802367808,REIT—Mortgage,Real Estate,PMT
2019Q4,2019,Q4,2020-02-21,2019-12-31,58597000.0,66411000.0,0.0,0.55,0.0,0.0,11771351000.0,2450915000.0,0.0,0.0,9320436000.0,0.0,22317000.0,2076737010.0,4355842010.0,26.30612113471219,0.0,0.20245433170754998,0.9723556304482204,0.0,26.30612113471219,0.023908213871146083,31.270979355829606,8.860253127293205,0.8473313068792675,0.838029250644231,0.0,0.02364574799964681,0.005641748343074639,0.0,0.004977933289050679,-3.1780143082314414,0.0,-0.22535211267605623,0.7605409122846459,1.749789975774668,0.23700303612541987,0.0,-0.1629,0.0,0.3591863444724035,1.1795574308462022,0.3116515472441931,REIT—Mortgage,Real Estate,PMT
2019Q3,2019,Q3,2019-11-01,2019-09-30,70000000.0,55980000.0,0.0,0.71,0.0,0.0,10744609000.0,2219611000.0,0.0,0.0,8524998000.0,0.0,17149000.0,1875478410.0,3633447410.0,26.308995223250797,0.0,0.17419154107887966,0.8432198254559019,0.0,26.308995223250797,0.03153705761955586,33.50265112540193,6.698137178571429,0.8449581525771859,0.6184142857142857,0.0,0.02308157735604112,0.005210054642286192,0.0,0.006514895051090272,-1.323969603764621,0.0,0.41999999999999993,0.11948485383920175,-0.2525853781653356,0.22827364397507005,0.0,0.582528881152081,0.0,0.5829788291125003,-0.13131633359345574,0.31172356062247636,REIT—Mortgage,Real Estate,PMT
2019Q2,2019,Q2,2019-08-05,2019-06-30,44233000.0,41471000.0,0.0,0.5,0.0,0.0,9465789000.0,1943934000.0,0.0,0.0,7521855000.0,0.0,-3745000.0,1602133500.0,3413566500.0,26.475097037793667,0.0,0.19957227020378332,0.9717968819929071,0.0,26.475097037793667,0.022754373348066344,38.63262279665308,9.055080482897385,0.8241707280185439,0.8703456695227545,0.0,0.024029208552221144,0.004381145618183545,0.0,0.00467293323356352,-1.511517996131893,0.0,-0.26470588235294124,-0.40675497579939746,-0.486844002929695,0.24329685136840132,0.0,-0.17363199880434174,0.0,8.828655723745907,36.38764296519627,0.3316273794162119,REIT—Mortgage,Real Estate,PMT
2019Q1,2019,Q1,2019-05-03,2019-03-31,53527000.0,56797000.0,0.0,0.68,0.0,0.0,7555987000.0,1727589000.0,0.0,0.0,5828398000.0,0.0,-4689000.0,1347514650.0,2615503650.0,26.73086385368797,0.0,0.17688317886200705,0.7736371324429595,0.0,26.73086385368797,0.030983642521456203,23.725102558233708,6.293621209856708,0.7799972389266198,0.6548470865170848,0.0,0.026012333149773175,0.007516820767425884,0.0,0.0070840513621847154,9.299425477733381,0.0,0.23636363636363636,0.5641765457574943,0.3959996634661755,0.23890416583796054,0.0,0.28593393393393396,0.0,3.107045577377169,2.300392359992712,0.3584428009403346,REIT—Mortgage,Real Estate,PMT
2018Q4,2018,Q4,2019-02-26,2018-12-31,41625000.0,32171000.0,0.0,0.55,0.0,0.0,7813361000.0,1566132000.0,0.0,0.0,6247229000.0,0.0,-19718000.0,1134907620.0,2224123620.0,25.694935275877345,0.0,0.1470636004147255,0.7336935839380078,0.0,25.694935275877345,0.026578219460428622,35.277349787075316,6.816261981981982,0.7246564274275732,0.8421141141141141,0.0,0.030886214333462662,0.004117434225808842,0.0,0.0053274128764817085,4.984551551485605,0.0,-0.11290322580645154,-0.08690966863538402,-0.4181389309563993,0.2339616142966491,0.0,-0.10603066878570508,0.0,2.2069116339991655,1.587936732860597,0.2669085092473924,REIT—Mortgage,Real Estate,PMT
2018Q3,2018,Q3,2018-11-07,2018-09-30,46562000.0,60809000.0,0.0,0.62,0.0,0.0,7267578000.0,1558563000.0,0.0,0.0,5709015000.0,0.0,-26291000.0,1225095000.0,1854694000.0,25.571173092698935,0.0,0.13801874572244013,0.6435812989272811,0.0,25.571173092698935,0.029874955327439442,20.146606587840616,6.577761908852713,0.7860413727260304,0.7528027146600232,0.0,0.02861165868769361,0.008367161659634062,0.0,0.006406811182487481,-5.829233360613616,0.0,0.31914893617021284,0.25235681804920823,0.33998605866717924,0.11339520265338841,0.0,0.2782978723404255,0.0,0.46994815841822896,0.4185830035287326,0.26098979664682365,REIT—Mortgage,Real Estate,PMT
2018Q2,2018,Q2,2018-08-07,2018-06-30,36425000.0,49778000.0,0.0,0.47,0.0,0.0,6676849000.0,1545487000.0,0.0,0.0,5131362000.0,0.0,-37801000.0,1156547970.0,1895826970.0,25.37620478465757,0.0,0.15999927510716508,0.6912326017624218,0.0,25.37620478465757,0.023568622705982,23.234118887862106,7.9378721345229915,0.7483388537076014,0.9623610157858613,0.0,0.030309162187194018,0.007455313127494721,0.0,0.005455417667825048,-1.6203597427706793,0.0,0.34285714285714286,-0.35211511721103517,-0.3672551644011307,0.20407259832955144,0.0,0.29230823813240614,0.0,0.5911999096836295,0.8980951387710706,0.24249316817156358,REIT—Mortgage,Real Estate,PMT
2018Q1,2018,Q1,2018-05-07,2018-03-31,28186000.0,44513000.0,0.0,0.35,0.0,0.0,5790486000.0,1542258000.0,0.0,0.0,4248228000.0,0.0,-39173000.0,1095520830.0,1307929830.0,25.38236697881865,0.0,0.09402544104242719,0.3530232944163687,0.0,25.38236697881865,0.01827580080635017,24.61125581290859,9.71688808273611,0.7103356442307319,1.2552685730504505,0.0,0.03229605410606387,0.007687264937692622,0.0,0.004867639780149715,8.943976340346323,0.0,-0.30000000000000004,-0.4871052531904078,-0.3368547889105888,0.2235530562190904,0.0,-0.30980949116019396,0.0,3.6047254131945405,10.56749766171934,0.22665499873709277,REIT—Mortgage,Real Estate,PMT
2017Q4,2017,Q4,2018-03-01,2017-12-31,40838000.0,54258000.0,0.0,0.5,0.0,0.0,5604933000.0,1544585000.0,0.0,0.0,4060348000.0,0.0,-46666000.0,1036273950.0,1369630950.0,23.95262464138947,0.0,0.10688673709391353,0.3878666437910507,0.0,23.95262464138947,0.026439464322131834,19.09900751962844,6.343809380968706,0.6709076871781093,0.9162544688770263,0.0,0.03610821250500411,0.00968040117517908,0.0,0.007286081742636352,-17.286213885367317,0.0,1.4999999999999998,-0.24238224471314232,23.057017720663037,0.17444695062530832,0.0,1.105594225315803,0.0,0.7727517987087024,2.2459065766529744,0.12633364884318934,REIT—Mortgage,Real Estate,PMT
2017Q3,2017,Q3,2017-11-08,2017-09-30,19395000.0,31763000.0,0.0,0.2,0.0,0.0,5785043000.0,1610565000.0,0.0,0.0,4174478000.0,0.0,-52120000.0,1159095670.0,1611390670.0,24.163428502843082,0.0,0.119170073584587,0.4280510255717714,0.0,24.163428502843082,0.01204235780611152,36.49200862638919,14.940650554266565,0.7196826393222254,1.9068832173240526,0.0,0.03190763364684125,0.0054905382725763665,0.0,0.0033526112079028626,-281.1973968947113,0.0,-0.47368421052631576,-0.646371217718095,-0.7642267611471102,0.0014269040549068153,0.0,-0.32609451007644197,0.0,-0.6073886314868674,-0.4632116086631287,0.1281047461625904,REIT—Mortgage,Real Estate,PMT
2017Q2,2017,Q2,2017-08-08,2017-06-30,28780000.0,41784000.0,0.0,0.38,0.0,0.0,6010244000.0,1454832000.0,0.0,0.0,4555412000.0,0.0,-34998000.0,1221058690.0,1832982690.0,21.791644822576053,0.0,0.12884884540461253,0.5323040735975013,0.0,21.791644822576053,0.019782352876483333,29.22311626459889,10.606833651841557,0.8393125048115522,1.1863794301598332,0.0,0.02796261988029421,0.006952130396037166,0.0,0.004788491116167663,-11.284678988956149,0.0,-0.050000000000000044,-0.4617097209221078,-0.6412052581407637,-0.0013428399125290356,0.0,0.001496328774750322,0.0,-0.5754785680845003,-0.43136179430737503,0.023357283841902724,REIT—Mortgage,Real Estate,PMT
2017Q1,2017,Q1,2017-05-09,2017-03-31,28737000.0,30544000.0,0.0,0.4,0.0,0.0,6002946000.0,1458590000.0,0.0,0.0,4544356000.0,0.0,-29640000.0,1184262250.0,1772756250.0,21.861688574469042,0.0,0.12656868810747257,0.5209037495115145,0.0,21.861688574469042,0.019701903893486174,38.7723366291252,10.302591171660229,0.8119226444717158,1.1015415666214288,0.0,0.026729721394057777,0.005088168375994053,0.0,0.004787149509590791,2.9956978000156833,0.0,-0.09090909090909087,-0.34287311294509343,-0.7146560265739423,0.06660635515249765,0.0,-0.0781445481666827,0.0,-0.1865474930988616,-0.272783481117274,0.0132308927765937,REIT—Mortgage,Real Estate,PMT
2016Q4,2016,Q4,2017-02-28,2016-12-31,31173000.0,22032000.0,0.0,0.44,0.0,0.0,6357502000.0,1351114000.0,0.0,0.0,5006388000.0,0.0,-26724000.0,1102814160.0,1933899160.0,20.05572378577366,0.0,0.14172390350801306,0.666864528085713,0.0,20.05572378577366,0.02307207237879261,50.05510893246187,8.84430564911943,0.8162258403065915,1.0202097969396593,0.0,0.028838041034946447,0.003465512083205007,0.0,0.004903340966310353,6.48622641509434,0.0,-0.10204081632653059,-0.3419991753927672,6.304405994264083,0.02629950770452553,0.0,-0.11960573881608676,0.0,-0.38132113788270006,-0.6394746196040931,-0.03685325404128855,REIT—Mortgage,Real Estate,PMT
2016Q3,2016,Q3,2016-11-04,2016-09-30,35408000.0,51600000.0,0.0,0.49,0.0,0.0,6618901000.0,1354918000.0,0.0,0.0,5263983000.0,0.0,-26255000.0,1052491320.0,1966730320.0,20.056813808212688,0.0,0.16087580098267068,0.7858933160530748,0.0,20.056813808212688,0.026132946790875907,20.397118604651162,7.431168944871216,0.7767933705213157,0.9063770899231812,0.0,0.03049241299206154,0.0077958561398637025,0.0,0.005349528569773139,-1.7159858154872054,0.0,7.124999999999999,-0.2889795320003921,-0.49337934810078704,0.0524986556765757,0.0,7.722612492880198,0.0,-0.14074811211615995,0.02589936378841865,-0.1267056777714972,REIT—Mortgage,Real Estate,PMT
2016Q2,2016,Q2,2016-08-05,2016-06-30,-5267000.0,1034000.0,0.0,-0.08,0.0,0.0,5767562000.0,1360827000.0,0.0,0.0,4406735000.0,0.0,-29812000.0,1110878580.0,1950807580.0,19.881760804137567,0.0,0.17023033302459514,0.721483333296591,0.0,19.881760804137567,-0.003870440548284242,1074.3506576402322,-52.7282409341181,0.8163260870044466,-6.202961837858363,0.0,0.029410054877464648,0.00017927852357720644,0.0,-0.0009132108159392131,-8.00408231199879,0.0,-1.4000000000000001,-1.1286363175546592,-0.9861153202167717,0.05612967011904856,0.0,-1.3633416114790287,0.0,-1.0833589465315758,-0.9883049436811068,-0.05663263699392513,REIT—Mortgage,Real Estate,PMT
2016Q1,2016,Q1,2016-05-06,2016-03-31,14496000.0,19141000.0,0.0,0.2,0.0,0.0,5820440000.0,1414503000.0,0.0,0.0,4405937000.0,0.0,7466000.0,980497760.0,1922116760.0,19.677577764175616,0.0,0.1732843221474665,0.7130356033179145,0.0,19.677577764175616,0.01024812248542421,51.2250018285356,16.909798565121413,0.6931747475968592,2.413976269315673,0.0,0.03568901575053063,0.00328858299372556,0.0,0.002490533361738975,-23.24997059660438,0.0,-0.04761904761904753,-0.42132397814529976,-0.6620049889567142,-0.1646314918850754,0.0,-0.07721688204214144,0.0,-0.7770355307922044,-0.7589655752690363,-0.051445421444045805,REIT—Mortgage,Real Estate,PMT
2015Q4,2015,Q4,2016-02-29,2015-12-31,15709000.0,15045000.0,0.0,0.21,0.0,0.0,5826924000.0,1496113000.0,0.0,0.0,4330811000.0,0.0,25653000.0,1125684420.0,2129335420.0,20.28160288475877,0.0,0.1822160371406938,0.709678346488534,0.0,20.28160288475877,0.010499875343640486,74.82116450648056,17.91464160672226,0.7524060147863162,2.2268126551658285,0.0,0.031075316828139098,0.0025819797889933007,0.0,0.0026959335663207552,-3.317461695562609,0.0,-0.5714285714285715,-0.5122438623505469,-0.30477791922288694,0.06712417546660836,0.0,-0.5952540451406781,0.0,-0.7452402573521606,6.346527259729843,-0.005550873091432716,REIT—Mortgage,Real Estate,PMT
2015Q3,2015,Q3,2015-11-06,2015-09-30,38812000.0,52523000.0,0.0,0.49,0.0,0.0,5592231000.0,1514430000.0,0.0,0.0,4077801000.0,0.0,44953000.0,1155315070.0,2131514070.0,20.27865186593645,0.0,0.19053254416707752,0.7035663582998224,0.0,20.27865186593645,0.025628124112702468,21.99636483064562,7.441738830773988,0.7628712254775725,1.1871070802844481,0.0,0.039880030302036996,0.00939213705585481,0.0,0.006940342771963461,1.0186068288880994,0.0,0.36111111111111116,0.1293757458915056,-0.06664082871756384,0.04478600227076266,0.0,0.3826368850415019,0.0,-0.36841265270895157,-0.6520377777422333,-0.1595734208776459,REIT—Mortgage,Real Estate,PMT
2015Q2,2015,Q2,2015-08-10,2015-06-30,28071000.0,32159000.0,0.0,0.36,0.0,0.0,6677374000.0,1525297000.0,0.0,0.0,5152077000.0,0.0,41160000.0,1301724690.0,2036964690.0,20.423617155175876,0.0,0.127286265528934,0.5572278710310189,0.0,20.423617155175876,0.018403628932594767,40.47777262974595,11.593144971678957,0.8534237528822256,1.641302411741655,0.0,0.03539381280384257,0.004816114837958754,0.0,0.004203898119230704,-1.434748865845755,0.0,3.0000000000000004,-0.2282810244941999,-0.45914593310097673,0.054033648638208705,0.0,2.7388119339371335,0.0,-0.530663089983767,-0.7531462831050031,-0.06403616280624565,REIT—Mortgage,Real Estate,PMT
2015Q1,2015,Q1,2015-05-08,2015-03-31,7508000.0,4720000.0,0.0,0.09,0.0,0.0,5737410000.0,1542159000.0,0.0,0.0,4195251000.0,0.0,59163000.0,1586701120.0,2005084120.0,20.69234381708888,0.0,0.08436751077576816,0.31387878941146796,0.0,20.69234381708888,0.004868499292226028,336.1654915254237,52.83368140649973,1.0288829621329578,6.1126798082045815,0.0,0.028924161848451965,0.0008226708567106064,0.0,0.0013086044051235663,-2.1068118741941952,0.0,-0.7352941176470588,0.3444138482061354,-0.7249975657216171,0.0976492131957093,0.0,-0.7167968013277507,0.0,-0.8463041522790861,-0.960525662166966,0.009555384668794806,REIT—Mortgage,Real Estate,PMT
2014Q4,2014,Q4,2015-03-02,2014-12-31,26511000.0,19237000.0,0.0,0.34,0.0,0.0,4904296000.0,1578172000.0,0.0,0.0,3326124000.0,0.0,97728000.0,1565109990.0,1924879990.0,21.266011777229792,0.0,0.08893345752377099,0.27636784837140693,0.0,21.266011777229792,0.016798549207564194,81.35935904766856,14.759062181735883,0.9917233292695599,1.7150239523216777,0.0,0.02905035447380922,0.00392247939357657,0.0,0.005405668825862061,90.15610541474655,0.0,-0.5072463768115941,6.1851635783989645,12.728273467639056,0.13414823682010066,0.0,-0.5175344410271343,0.0,-0.49200513931985623,4.789668484856104,0.08823284818527201,REIT—Mortgage,Real Estate,PMT
2014Q3,2014,Q3,2014-11-07,2014-09-30,54949000.0,65819000.0,0.0,0.69,0.0,0.0,4604813000.0,1588041000.0,0.0,0.0,3016772000.0,0.0,117111000.0,1588820200.0,1959174200.0,21.41949015376315,0.0,0.09052289419787514,0.26248755542205776,0.0,21.41949015376315,0.03460175146611454,24.13923335207159,7.228612895594096,1.0004906674323901,1.5525669256947352,0.0,0.053695188417166397,0.014293522885728476,0.0,0.011932949285888483,8.49164208140927,0.0,-0.25806451612903236,0.0,0.0,0.0,0.0,-0.2694020821422398,0.0,0.005400246416114466,-0.41117945446558996,0.12400627575663348,REIT—Mortgage,Real Estate,PMT
2014Q2,2014,Q2,2014-08-11,2014-06-30,75211000.0,81520000.0,0.0,0.93,0.0,0.0,4869745000.0,1577160000.0,0.0,0.0,3292585000.0,0.0,107628000.0,1624986100.0,2007285100.0,21.29426854789712,0.0,0.08628809106020952,0.26642889751198356,0.0,21.29426854789712,0.047687615714321945,19.933588076545632,5.401424326228876,1.030324190316772,0.027708712821262846,0.0,0.001282472508534073,0.01674009624733944,0.0,0.01544454586431117,-2.3763985773659626,0.0,0.8600000000000001,1.084929555873355,0.3824532791397238,0.09896672083542923,0.0,0.9858738415229847,0.0,0.6975269958022465,0.011613336656173763,0.1311628300163813,REIT—Mortgage,Real Estate,PMT
2014Q1,2014,Q1,2014-05-09,2014-03-31,37873000.0,45028000.0,0.0,0.5,0.0,0.0,4227537000.0,1543282000.0,0.0,0.0,2684255000.0,0.0,76196000.0,1709495300.0,2330752300.0,21.576215974387296,0.0,0.14976285245995483,0.4102477706601904,0.0,21.576215974387296,0.024540557072524657,37.96516167717864,11.28439323528635,1.1077011848774234,1.0976157156813562,0.0,0.02431711862559669,0.010651119079501847,0.0,0.008958644241315924,15.087953434184746,0.0,-0.27536231884057966,6.0662317677118125,1.7335476808961403,0.1445352299079858,0.0,-0.2812926977379687,0.0,0.5194249029872807,-0.20091946914001435,-0.08402896101859562,REIT—Mortgage,Real Estate,PMT
2013Q4,2013,Q4,2014-02-28,2013-12-31,52696000.0,63912000.0,0.0,0.69,0.0,0.0,4310917000.0,1467114000.0,0.0,0.0,2843803000.0,0.0,81941000.0,1617669760.0,2232253760.0,20.823123651640742,0.0,0.14892307135581595,0.43759039856480136,0.0,20.823123651640742,0.03591813587764823,25.310892477156088,7.674537725823592,1.1026203553370766,0.7621641111279793,0.0,0.02482768794540611,0.014825615988431231,0.0,0.012223849357340909,8.523247503885772,0.0,0.2105263157894737,11.855861726228772,47.0409166446282,0.11052835021384896,0.0,0.327321729931236,0.0,0.7130734809609057,2.0921311908634483,0.09561649459643558,REIT—Mortgage,Real Estate,PMT
2013Q3,2013,Q3,2013-11-12,2013-09-30,39701000.0,48458000.0,0.0,0.57,0.0,0.0,4249231000.0,1494765000.0,0.0,0.0,2754466000.0,0.0,110978000.0,1476096206.76,2025881206.76,22.96684324825451,0.0,0.15293331899348375,0.4347499439711259,0.0,22.96684324825451,0.026560027830461644,30.46135223822692,9.295082030427446,0.9875105496583075,1.011460668497015,0.0,0.0272041888706845,0.011403945796309968,0.0,0.00934310231663094,219.65717362499998,0.0,-0.33720930232558144,0.0,0.0,0.0,0.0,-0.27150118355138814,0.0,0.32559968046598836,-0.011894602929007717,0.18328558036099005,REIT—Mortgage,Real Estate,PMT
2013Q2,2013,Q2,2013-08-09,2013-06-30,54497000.0,76257000.0,0.0,0.86,0.0,0.0,3443384000.0,1244181000.0,0.0,0.0,2199203000.0,0.0,111433000.0,1265120050.0,1731525050.0,21.075311256034556,0.0,0.1434771724559329,0.39708611528386945,0.0,21.075311256034556,0.043801504764981944,16.5902153244948,5.8036224471071804,1.0168295850844853,0.6178688735159733,0.0,0.02661565596087107,0.02214594712643144,0.0,0.015826582222604274,-5.867332263555034,0.0,-0.04444444444444448,0.8953354164399522,0.622443072481134,0.08766664840044679,0.0,0.02253452416691684,0.0,0.8953354164399522,0.622443072481134,0.08766664840044679,REIT—Mortgage,Real Estate,PMT
2013Q1,2013,Q1,2013-05-10,2013-03-31,53296000.0,65098000.0,0.0,0.9,0.0,0.0,2927160000.0,1222429000.0,0.0,0.0,1704731000.0,0.0,90608000.0,1497335070.0,3092959070.0,20.744802891713476,0.0,0.0,0.0,0.0,20.744802891713476,0.043598442118110745,23.001245353159852,7.0236747129240475,1.2248851017114286,0.6300097568297809,0.0,0.022424506493392955,0.022239303625357,0.0,0.01820740922942374,-6.6505366319483,0.0,0.08433734939759044,11.070033181649427,3.796973516941251,0.10043196523654431,0.0,0.0824160201470409,0.0,11.070033181649427,3.796973516941251,0.10043196523654431,REIT—Mortgage,Real Estate,PMT
2012Q4,2012,Q4,2013-02-28,2012-12-31,49238000.0,-2247000.0,0.0,0.83,0.0,0.0,2559663000.0,1201336000.0,0.0,0.0,1358327000.0,0.0,70889000.0,1489682160.0,1809731160.0,20.39481189732446,0.0,0.1382232739231688,0.2945096126312705,0.0,20.39481189732446,0.040986035547090904,-662.9649132176235,7.563681303058614,1.2400212430161088,0.6819123441244567,0.0,0.022539036112240212,-0.0008778499357141936,0.0,0.019236126005649962,-9.413830287404261,0.0,0.024691358024691242,13.1327780349145,-3.020250139843504,0.08768584330396072,-1.0,0.21924524564183837,-1.0,13.1327780349145,-3.020250139843504,0.08768584330396072,REIT—Mortgage,Real Estate,PMT
2012Q3,2012,Q3,2012-11-09,2012-09-30,40384000.0,99196000.0,67251000.0,0.81,99196000.0,1.0,2328725000.0,1184203000.0,2078628000.0,1144522000.0,1144522000.0,0.0,55227000.0,1150879100.0,2086115100.0,24.128998736704837,1.8161538179257366,0.44718504761189065,0.8793855445392387,0.020693896737747203,24.128998736704837,0.034102261183259965,11.602071656115166,7.124598231973058,0.9718596389301496,0.5672543581616482,0.0,0.019904784090700754,0.042596699910895444,1.8161538179257366,0.0173416783862414,-2.9167192964671296,1.0,0.025316455696202552,0.0,0.0,0.0,0.5401670651802627,0.3657546755047516,0.7709282422646478,0.0,0.0,0.0,REIT—Mortgage,Real Estate,PMT
2012Q2,2012,Q2,2012-08-03,2012-06-30,29569000.0,64406000.0,37975000.0,0.79,64406000.0,1.0,1890745000.0,805673000.0,1694968000.0,1085072000.0,1085072000.0,0.0,37752000.0,728471060.0,1550924060.0,21.820946860950112,1.5620788297919401,0.4497819642521863,1.0555436262602818,0.017854641276834192,21.820946860950112,0.03670099407576027,11.310608638946682,6.159077581250634,0.9041770792865095,0.7658358415908553,0.0,0.031085654933224113,0.03406382140373239,1.5620788297919401,0.015638809040880712,-2.247555851744895,1.0,0.2153846153846154,0.6442750592087644,1.1909901690039537,0.12614783472666655,0.38065124654333427,0.5515269178297828,0.21523888764440463,0.6442750592087644,1.1909901690039537,0.12614783472666655,REIT—Mortgage,Real Estate,PMT
2012Q1,2012,Q1,2012-05-04,2012-03-31,19058000.0,46649000.0,31249000.0,0.65,46649000.0,1.0,1378020000.0,595956000.0,1212430000.0,782064000.0,782064000.0,0.0,30827000.0,542848920.0,1092031920.0,20.496491952125464,1.5502951165122036,0.45647523258007866,1.055500741665492,0.019782814821835394,20.496491952125464,0.03197887092335676,11.636882248279706,7.121011123937454,0.910887582304734,0.8233812572148179,0.0,0.02890675365072109,0.033852193727231826,1.5502951165122036,0.013829987953730714,9.60488552319615,1.0,-0.07142857142857134,7.747235973787443,5.966612978831204,0.08726002541783823,0.19236766096669478,-0.03007786655809456,-0.14278268502770616,7.747235973787443,5.966612978831204,0.08726002541783823,REIT—Mortgage,Real Estate,PMT
2011Q4,2011,Q4,2012-03-09,2011-12-31,19649000.0,1251000.0,36454000.0,0.7,39123000.0,31.27338129496403,1386062000.0,546017000.0,1112412000.0,18490000.0,840045000.0,0.0,27461000.0,464379420.0,1327698420.0,19.54178447442826,60.16289886425095,0.6333829222646606,1.6078400489362052,0.023584573808260824,19.54178447442826,0.035986059042117734,371.2065707434053,5.908435798259454,0.850485277930907,0.7093490762888697,0.0,0.03001424998549677,0.0009025570284734738,3.316224986479178,0.014176133535152107,-2.3862298569431886,31.27338129496403,-0.04109589041095894,11.20711818118919,1.3711674517371366,0.042192614118749285,-0.06816720257234726,-0.04281956352299299,0.21097565026741522,11.20711818118919,1.3711674517371366,0.042192614118749285,REIT—Mortgage,Real Estate,PMT
2011Q3,2011,Q3,2011-11-04,2011-09-30,20528000.0,41985000.0,30103000.0,0.73,41985000.0,1.0,1155494000.0,530663000.0,901597000.0,624831000.0,624831000.0,0.0,21750000.0,442767300.0,985430300.0,19.05637950228032,1.4429453724287047,0.5066066980875712,1.103112521506116,0.022256641844733634,19.05637950228032,0.03868368437219102,10.545844944623079,5.3922362139516755,0.8343662550432195,0.6789263445050663,0.0,0.03147703093701816,0.036335108620209194,1.4429453724287047,0.017765561742423587,-11.293355608835382,1.0,0.23728813559322037,0.0,0.0,0.0,0.3891738080269993,0.23536137690317144,0.4353900438680145,0.0,0.0,0.0,REIT—Mortgage,Real Estate,PMT
2011Q2,2011,Q2,2011-08-05,2011-06-30,16617000.0,30223000.0,20972000.0,0.59,30223000.0,1.0,883475000.0,522924000.0,823338000.0,360551000.0,360551000.0,0.0,15159000.0,460281460.0,760293460.0,18.825113399092807,2.283554892373062,0.3859633832309913,0.6520813732014595,0.022407928100220378,18.825113399092807,0.031777084241687126,15.229509314098534,6.9248579767707765,0.8802071811582564,0.2770054763194319,0.0,0.010000402797019022,0.03420923059509324,2.283554892373062,0.018808681626531595,-34.3827190558004,1.0,0.6857142857142857,0.22821584636303416,0.3665826942429791,-0.028462842242160488,0.7487126077648556,1.1735775016350556,0.9852328663385082,0.22821584636303416,0.3665826942429791,-0.028462842242160488,REIT—Mortgage,Real Estate,PMT
2011Q1,2011,Q1,2011-05-06,2011-03-31,7645000.0,17283000.0,10564000.0,0.35,17283000.0,1.0,840531000.0,516762000.0,199082000.0,323769000.0,323769000.0,0.0,10215000.0,403439820.0,701028820.0,23.55556568511259,0.6148890103746807,0.3669489881991265,0.596855031910241,0.011811495579961693,23.55556568511259,0.014794044453733054,23.343159173754557,13.192930673642906,0.7807072114435659,0.9247874427730542,0.0,0.017524298915263248,0.020562001877384654,0.6148890103746807,0.009095440858219388,-14.444676691729324,1.0,-0.186046511627907,3.650596257715123,2.4208663273953683,0.24953211531748182,0.26810477657935283,0.04027758878759015,0.4100373731980779,3.650596257715123,2.4208663273953683,0.24953211531748182,REIT—Mortgage,Real Estate,PMT
2010Q4,2010,Q4,2011-03-07,2010-12-31,7349000.0,4938000.0,7492000.0,0.43,13629000.0,2.7600243013365735,589095000.0,319913000.0,544877000.0,20558000.0,269182000.0,0.0,2570000.0,305507025.45,757308025.45,19.00585081946108,26.504377857768265,0.8440879654385116,1.5543225814518322,0.008993331791409527,19.00585081946108,0.02297187047728601,61.868575425273384,10.392809411144373,0.9549690867517105,0.0,0.0,0.0,0.008382349196649097,2.7623796089113726,0.012475067688573151,62.39931075367647,2.7600243013365735,-0.04444444444444448,7.33706717597394,14.536506596672965,0.01361047016995312,0.07688053097345132,-0.049165480657264844,-0.10178635655197218,7.33706717597394,14.536506596672965,0.01361047016995312,REIT—Mortgage,Real Estate,PMT
2010Q3,2010,Q3,2010-11-08,2010-09-30,7729000.0,12656000.0,8341000.0,0.45,12656000.0,1.0,454000000.0,326000000.0,0.0,116000000.0,127000000.0,0.0,9000000.0,300480440.0,391480440.0,19.40938318647297,0.0,0.2555066079295154,0.3558282208588957,0.01802895843704031,19.40938318647297,0.023708588957055216,23.742133375474083,9.719253460991073,0.9217191411042945,0.0,0.0,0.0,0.027876651982378854,0.3620689655172414,0.017024229074889867,-20.89862567811935,1.0,-0.062499999999999944,0.0,0.0,0.0,-0.05013509456619634,-0.05177278861489388,-0.1711219318294743,0.0,0.0,0.0,REIT—Mortgage,Real Estate,PMT
2010Q2,2010,Q2,2010-08-06,2010-06-30,8151000.0,13324000.0,10063000.0,0.48,13324000.0,1.0,370478000.0,324274000.0,370478000.0,46204000.0,46204000.0,0.0,7522000.0,266091540.3,274577540.3,19.37662728468185,8.018310103021383,0.0,0.0,0.025136150292653744,19.37662728468185,0.025136150292653744,19.970845114079857,8.16131579867501,0.8205762420052178,0.0,0.0,0.0,0.03596434876025027,7.639966236689464,0.022001306420354246,-22.466357674772038,1.0,5.857142857142856,0.0,0.0,0.0,2.4571873378308253,5.5,6.286748732802317,0.0,0.0,0.0,REIT—Mortgage,Real Estate,PMT
2010Q1,2010,Q1,2010-05-07,2010-03-31,1254000.0,3854000.0,1381000.0,0.07,3854000.0,1.0,326688000.0,315480000.0,325177000.0,11208000.0,11208000.0,0.0,-629000.0,277968350.0,275843350.0,18.851508813863163,29.012937187723054,0.0,0.0,0.0039748953974895395,18.851508813863163,0.0039748953974895395,72.12463674104826,55.41633771929824,0.8810965829846582,0.0,0.0,0.0,0.01179718875502008,28.92996074232691,0.0038385248310314427,-189.99887218045112,1.0,2.0,0.0,0.0,0.0,0.0,2.0875975715524717,0.0,0.0,0.0,0.0,REIT—Mortgage,Real Estate,PMT
2009Q4,2009,Q4,2010-03-11,2009-12-31,-1153000.0,316000.0,0.0,-0.07,0.0,0.0,324446000.0,313798000.0,0.0,0.0,10648000.0,0.0,-1883000.0,287512746.06,287458746.06,18.750645715285824,0.0,0.0,0.0,0.0,18.750645715285824,-0.0036743382685676773,909.8504622151899,-62.3401444189072,0.9162351132257057,0.0,0.0,0.0,0.0009739679330304581,0.0,-0.0035537500847598676,-479.1879100999999,0.0,0.0,0.0,0.0,0.0,0.0,0.0,0.0,0.0,0.0,0.0,REIT—Mortgage,Real Estate,PMT
2009Q3,2009,Q3,2009-11-06,2009-09-30,,,,,,,324000000.0,314000000.0,0.0,0.0,10000000.0,0.0,-1000000.0,0.0,-2000000.0,0.0,0.0,0.0,0.0,,0.0,,0.0,0.0,0.0,0.0,0.0,,,0.0,,0.0,0.0,0.0,0.0,0.0,0.0,0.0,0.0,0.0,0.0,0.0,0.0,REIT—Mortgage,Real Estate,PMT
