Year,Date,FillingDate,NetIncome,Revenue,OperatingIncome,EPSDiluted,GrossProfit,GrossProfitRatio,TotalAssets,CommonStockEquity,CurrentAssets,CurrentLiability,TotalLiability,Inventory,RetainedEarnings,EnterpriseValue,bookValuePerShare,currentRatio,debtToAssets,debtToEquity,roic,shareholdersEquityPerShare,roe,priceToSalesRatio,peRatio,pbRatio,payoutRatio,inventoryTurnover,dividendYield,assetTurnover,quickRatio,returnOnAssets,priceToFreeCashFlowsRatio,grossProfitMargin,epsdilutedGrowth,fiveYNetIncomeGrowthPerShare,fiveYRevenueGrowthPerShare,fiveYShareholdersEquityGrowthPerShare,grossProfitGrowth,netIncomeGrowth,operatingIncomeGrowth,threeYNetIncomeGrowthPerShare,threeYRevenueGrowthPerShare,threeYShareholdersEquityGrowthPerShare,Industry,Sector,Price,MarketCap,AvgVolume,Symbol
2022,2022-12-31,2022-12-31,-19138536.0,-18094011.0,-16437847.0,-1.35,-18094011.0,1.0,315854619.0,182139782.0,51633248.0,47667690.0,133714837.0,0.0,-75113614.0,237106549.99,12.847832847900424,1.0831917384710692,0.2692311996868407,0.46688272636671985,-0.06152402315013566,12.847832847900424,-0.10507608930815565,-9.738929305945486,-9.20740719091575,0.9674783402892181,-0.7101628881122359,0.0,0.0771295190260402,-0.05728588379453143,1.0831917384710692,-0.060592864085992675,2.8828997193768084,1.0,-2.0227272727272725,-2.2053571570483976,-2.0448478988968715,-0.27050474065493285,-1.964236925029319,-2.0760729307148313,-1.8610329264611951,-2.0800000253937925,-1.9582074119409494,-0.21969386899019555,Asset Management,Financial Services,12.8692,167408988,42473,BSL
2021,2021-12-31,2021-12-31,17785538.0,18765109.0,19090846.0,1.32,18765109.0,1.0,352034752.0,219386873.0,26810288.0,26368046.0,132647879.0,0.0,-44510285.0,333039124.64,16.282368375818955,1.016771891250493,0.29969255705754866,0.4808956596049391,0.05876112150378664,16.282368375818955,0.08106928986585264,12.328557518104478,13.0075753480159,1.05451489634022,0.6983704400732775,0.0,0.05368951717660454,0.05330470612174107,1.016771891250493,0.05052210868090659,96.27284432333819,1.0,2.666666666666667,-0.5302490834449608,-0.5179542017465675,-0.07603634196245085,3.528441293739083,5.162833882259996,3.009657616877705,3.125000162989626,2.54002697683499,0.00767471160241707,Asset Management,Financial Services,12.8692,167408988,42473,BSL
2020,2020-12-31,2020-12-31,2885935.0,4143834.0,4761216.0,0.36,4143834.0,1.0,332374167.0,215253028.0,12858608.0,16387877.0,117121139.0,0.0,-48933158.0,283581936.9,15.882321804147349,0.7846414761350723,0.30088012225089683,0.4645917454875478,0.01510261087649255,15.882321804147349,0.013407174927174543,46.50852058745597,66.78029439332487,0.8953350886195199,5.616749857498523,0.0,0.08410789303228879,0.012467376864460106,0.7846414761350723,0.008682789718732865,3.0755999558393436,1.0,-0.712,-0.9242216825068267,-0.8941727907537343,-0.09873749238575259,-0.7957994098248269,-0.8484585057861169,-0.7964898245895391,-0.8098776212695062,-0.7497003572356536,-0.09820756537849364,Asset Management,Financial Services,12.8692,167408988,42473,BSL
2019,2019-12-31,2019-12-31,19043860.0,20292958.0,23395469.0,1.25,20292958.0,1.0,386729971.0,250847528.0,15444192.0,11712114.0,135882443.0,0.0,-35979859.0,361012181.2,16.46511841611942,1.3186510991952436,0.31934426928602333,0.49233094296229224,0.062496656849835,16.46511841611942,0.07591806924244436,12.124731702495023,12.919999999999998,0.9808614546123811,1.2140438965629867,0.0,0.09396624586400827,0.05247319711872034,1.3186510991952436,0.049243300049273915,9.264357904477436,1.0,2.9062499999999996,-0.5551601309049796,-0.538968434159302,-0.06566595899081298,0.0,2.8213311870794553,0.0,-0.5551601309049796,-0.538968434159302,-0.06566595899081298,Asset Management,Financial Services,12.8692,167408988,42473,BSL
2018,2018-12-31,2018-12-31,4983567.0,6126914.0,0.0,0.32,0.0,0.0,394560433.0,251644558.0,0.0,0.0,142915875.0,0.0,-34998024.0,357147852.51,16.158357640955906,0.0,0.31427378325084104,0.49275852013457805,0.0,16.158357640955906,0.019803992741221927,38.966437020333565,47.90625038451374,0.9487350348740702,3.5270682625517025,0.0,0.07362438584197499,0.01552845518090761,0.0,0.01263068109011326,12.628688027026229,0.0,-0.7142857142857143,-0.8861209944257109,-0.8638299082442551,-0.08307348849883267,0.0,-0.7074824381766707,0.0,-0.8861209944257109,-0.8638299082442551,-0.08307348849883267,Asset Management,Financial Services,12.8692,167408988,42473,BSL
2017,2017-12-31,2017-12-31,17036813.0,18581346.0,0.0,1.12,0.0,0.0,455872371.0,267903096.0,0.0,0.0,187969275.0,0.0,2237934.0,393537277.0,17.611948375696187,0.0,0.28955472714971797,0.492715470522222,0.0,17.611948375696187,0.06359319192040991,14.735526694352497,16.071428382761493,1.0220334295800748,1.0162331417266832,0.0,0.06323228511640654,0.04075997402351896,0.0,0.037371891967543695,12.58967396851969,0.0,-0.6014234875444839,-0.6014234726118582,-0.5771979213494101,-0.0005876374506084375,0.0,-0.6015615115374431,-1.0,-0.6014234726118582,-0.5771979213494101,-0.0005876374506084375,Asset Management,Financial Services,12.8692,167408988,42473,BSL
2016,2016-12-31,2016-12-31,42758954.0,43963321.0,42758954.0,2.81,0.0,0.0,427534570.0,268153488.0,0.0,0.0,159381082.0,0.0,2224258.0,399284551.79999995,17.622303901434673,0.0,0.3064079707051526,0.4885261831835654,0.10712408956827155,17.622303901434673,0.15945701217207364,6.257901144456306,6.434163866590374,1.0259725459920177,0.4062851490707654,0.0,0.06314498006188737,0.10282986238984136,0.0,0.10001285743980891,47.1290220284119,0.0,0.0,0.0,0.0,0.0,0.0,0.0,0.0,0.0,0.0,0.0,Asset Management,Financial Services,12.8692,167408988,42473,BSL
2010,2010-12-31,2010-12-31,0.0,0.0,0.0,0.0,0.0,0.0,,,,,,,,,,0.0,0.0,0.0,0.0,,0.0,0.0,0.0,0.0,0.0,0.0,,0.0,0.0,0.0,0.0,0.0,0.0,0.0,0.0,0.0,0.0,0.0,0.0,0.0,0.0,0.0,Asset Management,Financial Services,12.8692,167408988,42473,BSL
TTM,,,,,,,,,,,,,,,,228299244.0,12.847832847900424,1.0831917384710692,0.2692311996868407,0.46688272636671985,-0.06152402315013566,12.847832847900424,-0.09532884435779239,-9.25217675616534,-9.532740516599597,1.001663093873693,-0.7101628881122359,0.0,0.08757343113791068,-0.05728588379453143,1.0831917384710692,-0.060592864085992675,2.73881213591828,1.0,,,,,,,,,,,Asset Management,Financial Services,12.8692,167408988,42473,BSL
