Quarters,Year,Quarter,FillingDate,Date,NetIncome,Revenue,OperatingIncome,EPSDiluted,GrossProfit,GrossProfitRatio,TotalAssets,CommonStockEquity,CurrentAssets,CurrentLiability,TotalLiability,Inventory,RetainedEarnings,MarketCap,EnterpriseValue,bookValuePerShare,currentRatio,debtToAssets,debtToEquity,roic,shareholdersEquityPerShare,roe,priceToSalesRatio,peRatio,pbRatio,payoutRatio,inventoryTurnover,dividendYield,assetTurnover,quickRatio,returnOnAssets,priceToFreeCashFlowsRatio,grossProfitMargin,epsdilutedGrowth,fiveYNetIncomeGrowthPerShare,fiveYRevenueGrowthPerShare,fiveYShareholdersEquityGrowthPerShare,grossProfitGrowth,netIncomeGrowth,operatingIncomeGrowth,threeYNetIncomeGrowthPerShare,threeYRevenueGrowthPerShare,threeYShareholdersEquityGrowthPerShare,Industry,Sector,Symbol
2023Q1,2023,Q1,2023-05-09,2023-03-31,795000000.0,7040000000.0,999000000.0,0.7,3315000000.0,0.4708806818,77186000000.0,19858000000.0,56560000000.0,43909000000.0,57328000000.0,13000000.0,19749000000.0,85736260000.0,89116260000.0,17.58901682905226,1.2881186089412193,0.1357888736299329,0.5277973612649813,0.02437401497160301,17.58901682905226,0.04003424312619599,12.178446022727274,26.961088050314466,4.317467015812267,0.0,286.53846153846155,0.0,0.09120825020081362,1.238584344895124,0.010299795299665742,85.73626,0.4708806818181818,-0.1250000000000001,0.6425876076190938,1.0170537921552556,0.4320133911775353,-0.09697630073549442,-0.13680781758957655,-0.19694533762057878,8.833132987473112,0.5838819177547249,0.2921598760241935,Credit Services,Financial Services,PYPL
2022Q4,2022,Q4,2023-02-10,2022-12-31,921000000.0,7383000000.0,1244000000.0,0.8,3671000000.0,0.4972233509,78717000000.0,20274000000.0,57517000000.0,45101000000.0,58443000000.0,17000000.0,18954000000.0,82187880000.0,84828880000.0,17.5684575389948,1.2752932307487639,0.1323348196704651,0.5138107921475782,0.03363148101344967,17.5684575389948,0.04542764131399822,11.132043884599756,22.30941368078176,4.053856170464635,0.0,218.35294117647058,0.0,0.0937916841343039,1.2328329748786058,0.011700141011471474,82.27015015015014,0.4972233509413517,-0.30434782608695643,0.5485590093363896,1.055686325156646,0.32142393518886725,0.05156115726152965,-0.3075187969924812,0.11270125223613596,0.8480510290935568,0.5140001893451766,0.22152023398163434,Credit Services,Financial Services,PYPL
2022Q3,2022,Q3,2022-11-04,2022-09-30,1330000000.0,6846000000.0,1118000000.0,1.15,3491000000.0,0.5099328075,76435000000.0,20264000000.0,55105000000.0,43228000000.0,56171000000.0,21000000.0,18033000000.0,99324779999.99998,103324779999.99998,17.559792027729635,1.2747524752475248,0.1394518218093805,0.5260067114093959,0.030472271225059737,17.559792027729635,0.06563363600473747,14.50843996494303,18.670071428571426,4.901538689301224,0.0,159.76190476190476,0.0,0.08956629816183685,1.215485333580087,0.01740040557336299,56.2427972819932,0.5099328074788197,4.9655172413793105,2.6455805892547666,1.2015299884477688,0.36773393062020626,0.053409776704888355,4.900293255131965,0.46335078534031415,1.9311748332545562,0.5921837800947387,0.2517597301815399,Credit Services,Financial Services,PYPL
2022Q2,2022,Q2,2022-08-03,2022-06-30,-341000000.0,6806000000.0,764000000.0,-0.29,3314000000.0,0.486923303,77810000000.0,19767000000.0,55252000000.0,45095000000.0,58043000000.0,22000000.0,16703000000.0,80874720000.0,86907720000.0,17.069948186528496,1.2252356137044018,0.1364349055391338,0.5370567106794152,-0.174993131900425,17.069948186528496,-0.01725097384529772,11.882856303261828,-59.292316715542526,4.091400819547732,0.0,158.72727272727272,0.0,0.08746947693098574,1.1779798203791996,-0.004382470119521913,62.64501936483346,0.48692330296796943,-1.6744186046511627,-1.861208812912606,1.2527437788586937,0.3680542552478498,0.005156202608431908,-1.6699410609037328,0.07454289732770746,-1.4204204676853083,0.6041615264413192,0.24277768877693676,Credit Services,Financial Services,PYPL
2022Q1,2022,Q1,2022-04-28,2022-03-31,509000000.0,6483000000.0,711000000.0,0.43,3297000000.0,0.5085608515,75805000000.0,20603000000.0,52382000000.0,43967000000.0,55202000000.0,0.0,17044000000.0,134500950000.0,138860950000.0,17.715391229578675,1.191393545158869,0.12164105270100917,0.44755618113866913,0.0192917154247153,17.715391229578675,0.02470514002815124,20.74671448403517,66.06137033398821,6.5282216182109405,0.0,0.0,0.0,0.08552206318844403,1.1618714035526645,0.006714596662489282,127.97426260704091,0.5085608514576585,-0.35820895522388063,0.37111054385210673,1.2541092653742494,0.45710485773165227,-0.08821902654867257,-0.3645443196004994,-0.3273415326395459,-0.23163224922362546,0.5812972414965305,0.3686562729983921,Credit Services,Financial Services,PYPL
2021Q4,2021,Q4,2022-02-03,2021-12-31,801000000.0,6918000000.0,1057000000.0,0.67,3616000000.0,0.5226944204,75803000000.0,21727000000.0,52574000000.0,43029000000.0,54076000000.0,0.0,16535000000.0,221392920000.0,225243920000.0,18.50681431005111,1.2218271398359246,0.11936203052649631,0.41644037372854054,0.038967697097870645,18.50681431005111,0.03686657154692318,32.00244579358196,69.0989138576779,10.189760206195057,0.0,0.0,0.0,0.09126287877788478,1.1919170791791582,0.010566864108280675,142.83414193548387,0.5226944203527031,-0.2717391304347826,1.1115777748656794,1.3859303127644875,0.5183336645073197,0.07940298507462687,-0.26310947562097514,0.013422818791946308,0.3750802198315093,0.641192149514928,0.4157364125133339,Credit Services,Financial Services,PYPL
2021Q3,2021,Q3,2021-11-09,2021-09-30,1087000000.0,6182000000.0,1043000000.0,0.92,3350000000.0,0.5418958265933355,74534000000.0,22090000000.0,54130000000.0,41695000000.0,52444000000.0,0.0,15734000000.0,305486540000.0,306651540000.0,18.8160136286201,1.2982371987048806,0.12003917675154963,0.40502489814395654,0.03135510005294802,18.8160136286201,0.0492077863286555,49.41548689744419,70.25909383624655,13.829177908555907,0.0,0.0,0.0,0.08294201304102826,1.2674181556541553,0.014583948265221242,237.5478538102644,0.5418958265933355,-0.07999999999999996,2.4599210974625665,1.3831158669050525,0.6002627148918026,-0.05500705218617771,-0.08192567567567567,-0.07453416149068323,1.5079845427691732,0.688531172045602,0.4701761227522554,Credit Services,Financial Services,PYPL
2021Q2,2021,Q2,2021-07-29,2021-06-30,1184000000.0,6238000000.0,1127000000.0,1.0,3545000000.0,0.5682911189483809,73816000000.0,20905000000.0,53231000000.0,41268000000.0,52911000000.0,0.0,14647000000.0,342197520000.0,345397520000.0,17.80664395229983,1.289885625666376,0.12117969004009971,0.42788806505620663,0.03296640528107598,17.80664395229983,0.05663716814159292,54.85692850272523,72.25454391891893,16.369171011719686,0.0,0.0,0.0,0.08450742386474477,1.261049723756906,0.016039882952205483,323.13269121813033,0.5682911189483809,0.08695652173913039,2.778039145363157,1.4261450933753335,0.55938620411687,0.19480957195820695,0.07930720145852324,0.08157389635316699,1.275875917373252,0.6352281455562775,0.4073164905373126,Credit Services,Financial Services,PYPL
2021Q1,2021,Q1,2021-05-06,2021-03-31,1097000000.0,6033000000.0,1042000000.0,0.92,2967000000.0,0.4917951268025858,72517000000.0,19441000000.0,53432000000.0,41340000000.0,53076000000.0,0.0,13463000000.0,284851320000.0,288076320000.0,16.573742540494457,1.2925012094823416,0.12330901719596785,0.4599557635924078,0.04618485286611995,16.573742540494457,0.056427138521680985,47.215534559920435,64.91597994530538,14.652091970577647,0.0,0.0,0.0,0.08319428547788794,1.2606192549588775,0.015127487347794311,185.3294209499024,0.4917951268025858,-0.31190810465858326,2.1156547431360875,1.458395663433544,0.48210552502141923,-0.1324561403508772,-0.2999361837906828,0.08203530633437175,1.1815439695830685,0.6636963982690592,0.34935462798097083,Credit Services,Financial Services,PYPL
2020Q4,2020,Q4,2021-02-05,2020-12-31,1567000000.0,6116000000.0,963000000.0,1.3370307167235496,3420000000.0,0.5591890124264225,70379000000.0,20019000000.0,50995000000.0,38447000000.0,50316000000.0,0.0,12366000000.0,274482400000.0,278627400000.0,17.081058020477816,1.3263713683772467,0.12701231901561547,0.44652580048953494,0.02803156403065024,17.081058020477816,0.07827563814376343,44.87939829954218,43.79106573069559,13.71109446026275,0.0,0.0,0.0,0.08690092215007318,1.2965120815668323,0.02226516432458546,268.8368266405485,0.5591890124264225,0.5546868799111042,3.4555546772558614,1.496924855923558,0.5182886807939798,0.10572259941804074,0.534769833496572,-0.014329580348004094,1.5942708906748873,0.6767551632099413,0.28476383635330815,Credit Services,Financial Services,PYPL
2020Q3,2020,Q3,2020-11-03,2020-09-30,1021000000.0,5459000000.0,977000000.0,0.86,3093000000.0,0.56658728704891,65582000000.0,18483000000.0,48704000000.0,35246000000.0,47055000000.0,0.0,10809000000.0,230919160000.0,233744160000.0,15.770477815699659,1.3818305623333145,0.1362721478454454,0.4835254017204999,0.03179997883225454,15.770477815699659,0.05523995022453065,42.30063381571716,56.54239960822723,12.493597359735974,0.0,0.0,0.0,0.08323930346741484,1.355245985360041,0.015568296178829558,482.08592901878916,0.56658728704891,-0.33333333333333337,2.5338433889310945,1.518704447138275,0.45722365770919343,0.038616521155137674,-0.3326797385620915,0.027339642481598318,1.7556179270702352,0.7285382818402427,0.22836407040377077,Credit Services,Financial Services,PYPL
2020Q2,2020,Q2,2020-07-30,2020-06-30,1530000000.0,5261000000.0,951000000.0,1.29,2978000000.0,0.5660520813533548,63166000000.0,17640000000.0,46500000000.0,33729000000.0,45482000000.0,0.0,9788000000.0,204371790000.0,206952790000.0,15.038363171355499,1.378635595481633,0.14143684893771966,0.5064625850340136,0.030435739179753032,15.038363171355499,0.08673469387755102,38.846567192548946,33.39408333333333,11.58570238095238,0.0,0.0,0.0,0.0832884779786594,1.353731210530997,0.024221891523921096,93.32045205479452,0.5660520813533548,17.428571428571427,4.217391304347826,1.3821501116582993,0.4400944324217982,0.5764955002646903,17.214285714285715,1.3894472361809045,2.814662012059664,0.7190903535327176,0.20523486678019132,Credit Services,Financial Services,PYPL
2020Q1,2020,Q1,2020-05-07,2020-03-31,84000000.0,4618000000.0,398000000.0,0.07,1889000000.0,0.4090515374621048,54266000000.0,15967000000.0,38184000000.0,27449000000.0,38255000000.0,0.0,8258000000.0,112303020000.0,112416020000.0,13.612105711849958,1.3910889285584174,0.14681384292190322,0.49896661865096764,0.005311183701948418,13.612105711849958,0.00526085050416484,24.318540493720224,334.23517857142855,7.033445230788501,0.0,0.0,0.0,0.08509932554453986,1.3525811504972858,0.0015479305642575462,86.52004622496148,0.4090515374621048,-0.8372093023255813,-0.6477188350796139,1.247559641137894,0.9220797417195543,-0.1525347689546882,-0.834319526627219,-0.5018773466833542,-0.7756553708439897,0.5919688796234607,0.11960639760395872,Credit Services,Financial Services,PYPL
2019Q4,2019,Q4,2020-02-06,2019-12-31,507000000.0,4961000000.0,799000000.0,0.43,2229000000.0,0.449304575690385,51333000000.0,16885000000.0,38495000000.0,26919000000.0,34404000000.0,0.0,8342000000.0,126991580000.0,124607580000.0,14.382453151618398,1.430030833240462,0.09672140728186547,0.29404797157240153,0.021709280328404763,14.382453151618398,0.03002665087355641,25.597980245918162,62.619122287968445,7.520970091797454,0.0,0.0,0.0,0.09664348469795259,1.4003120472528696,0.009876687510957863,116.50603669724771,0.449304575690385,0.1025641025641025,0.8361468174074648,1.343128321412952,1.1204004646420915,0.1448382126348228,0.09740259740259741,0.14634146341463414,0.336541737649063,0.710985874765051,0.17996336011442396,Credit Services,Financial Services,PYPL
2019Q3,2019,Q3,2019-10-24,2019-09-30,462000000.0,4378000000.0,697000000.0,0.39,1947000000.0,0.44472361809045224,50223000000.0,16483000000.0,37748000000.0,26340000000.0,33740000000.0,0.0,7835000000.0,121718250000.0,119805250000.0,14.028085106382978,1.4331055429005315,0.09883917726937858,0.3011587696414488,0.031021503325322042,14.028085106382978,0.028028878238184795,27.802249885792598,65.8648538961039,7.384471880118911,0.0,0.0,0.0,0.08717121637496765,1.3996583143507972,0.009198972582283018,131.87242686890573,0.44472361809045224,-0.4347826086956521,1.043251500272777,1.294057850794506,0.0,-0.0071392146863844975,-0.43863912515188336,-0.011347517730496455,0.4692945128779396,0.6862507080231993,0.19305938017222762,Credit Services,Financial Services,PYPL
2019Q2,2019,Q2,2019-07-25,2019-06-30,823000000.0,4305000000.0,705000000.0,0.69,1961000000.0,0.45551684088269456,48391000000.0,16139000000.0,36435000000.0,29847000000.0,32252000000.0,0.0,7373000000.0,135160250000.0,132750250000.0,13.73531914893617,1.220725701075485,0.05164183422537249,0.15484230745399344,0.033012464870399556,13.73531914893617,0.05099448540801785,31.396109175377468,41.057184082624545,8.374759898382798,0.0,0.0,0.0,0.08896282366555765,1.190504908366,0.01700729474489058,130.58961352657005,0.45551684088269456,0.23214285714285693,2.0310229423790416,1.2467055074516367,0.0,0.06,0.23388305847076463,0.361003861003861,1.6238851195573416,0.6729185066238459,0.2028469400168463,Credit Services,Financial Services,PYPL
2019Q1,2019,Q1,2019-04-25,2019-03-31,667000000.0,4128000000.0,518000000.0,0.56,1850000000.0,0.4481589147286822,46280000000.0,15157000000.0,34891000000.0,28635000000.0,31123000000.0,0.0,6550000000.0,123599050000.0,121083050000.0,12.943637916310845,1.2184738955823293,0.04319360414866033,0.13188625717490268,0.0280879730932459,12.943637916310845,0.04400606980273141,29.941630329457364,46.326480509745124,8.154585340106882,0.0,0.0,0.0,0.0891961970613656,1.1821896280775275,0.014412273120138288,152.7800370828183,0.4481589147286822,0.142857142857143,2.813172613911232,1.2874245712145254,0.0,1.2397094430992737,0.1421232876712329,-0.13377926421404682,0.8976217493536728,0.684997502537744,0.15748372600632346,Credit Services,Financial Services,PYPL
2018Q4,2018,Q4,2019-02-07,2018-12-31,584000000.0,4226000000.0,598000000.0,0.49,826000000.0,0.19545669663984855,43332000000.0,15386000000.0,32963000000.0,25904000000.0,27946000000.0,0.0,5880000000.0,98973930000.0,93396930000.0,13.072217502124044,1.2725061766522545,0.04610911104957076,0.12985831275185233,0.029284661073685932,13.072217502124044,0.03795658390744833,23.420238996687175,42.36897688356165,6.432726504614585,0.0,0.0,0.0,0.09752607772546848,1.2359481161210624,0.0134773377642389,108.76256043956045,0.19545669663984855,12.611111111111112,1.1096185038411035,0.9908932453264249,0.927232842214214,-0.5914935707220573,0.3394495412844037,0.22040816326530613,0.6534717415310249,0.7179821114927079,0.16195377608094383,Credit Services,Financial Services,PYPL
2018Q3,2018,Q3,2018-10-23,2018-09-30,436000000.0,3683000000.0,490000000.0,0.036,2022000000.0,0.5490089600868857,43724000000.0,15115000000.0,33990000000.0,26640000000.0,28609000000.0,0.0,5296000000.0,103396550000.0,97249550000.0,12.798475867908552,1.2759009009009008,0.04574146921599122,0.13231888852133641,0.023419545191204625,12.798475867908552,0.02884551769765134,28.074002172142276,59.2870126146789,6.8406582864703935,0.0,0.0,0.0,0.08423291556124783,1.2410660660660662,0.009971640289086085,23.250854508657522,0.5490089600868857,-0.9181818181818182,0.9184668939114323,0.920075456328578,0.0,-0.06432207311429894,-0.17110266159695817,-0.14335664335664336,0.49756527071770346,0.6863338105777257,0.18260474002696692,Credit Services,Financial Services,PYPL
2018Q2,2018,Q2,2018-07-26,2018-06-30,526000000.0,3857000000.0,572000000.0,0.44,2161000000.0,0.5602800103707545,41677000000.0,15019000000.0,34184000000.0,24809000000.0,26658000000.0,0.0,4860000000.0,98841490000.0,98001490000.0,12.65290648694187,1.377887057116369,0.047988098951460036,0.13316465809974032,0.029028890824328378,12.65290648694187,0.03502230508023171,25.626520611874515,46.977894486692016,6.5810966109594515,0.0,0.0,0.0,0.09254504882789068,1.3345560079003587,0.012620870024233989,-581.4205294117647,0.5602800103707545,0.047619047619047665,0.9176188063451328,0.9925525347934275,0.0,0.02660332541567696,0.029354207436399216,0.07116104868913857,0.7725358045492838,0.7258289721878177,0.2116598048719844,Credit Services,Financial Services,PYPL
2018Q1,2018,Q1,2018-04-26,2018-03-31,511000000.0,3685000000.0,534000000.0,0.42,2105000000.0,0.5712347354138398,42322000000.0,14641000000.0,34742000000.0,25714000000.0,27681000000.0,0.0,4334000000.0,90437040000.0,90558040000.0,12.282718120805368,1.351092789919888,0.07088511885071594,0.2049040366095212,0.028226588939088065,12.282718120805368,0.034901987569155114,24.541937584803257,44.245127201565566,6.176971518338912,0.0,0.0,0.0,0.08707055432162941,1.3160924010266781,0.012074098577571949,-171.60728652751422,0.5712347354138398,-0.16000000000000003,2.364629818335149,1.00597365574839,0.0,-0.13658736669401148,-0.17580645161290323,-0.3665480427046263,1.108884498809266,0.7648855417335347,0.7343652902063136,Credit Services,Financial Services,PYPL
2017Q4,2017,Q4,2018-02-07,2017-12-31,620000000.0,3744000000.0,843000000.0,0.5,2438000000.0,0.6511752136752137,40774000000.0,15994000000.0,32645000000.0,22863000000.0,24780000000.0,0.0,3823000000.0,88564860000.0,86681860000.0,13.295095594347465,1.4278528627039322,0.024525432873890224,0.06252344629235963,0.03559671387287017,13.295095594347465,0.038764536701262974,23.65514423076923,35.7116370967742,5.5373802676003505,0.0,0.0,0.0,0.091823220679845,1.396667104054586,0.01520576838181194,-270.8405504587156,0.6511752136752137,0.6129032258064516,1.1912584506100716,0.7256994313122801,0.9600916880124294,0.3742953776775648,0.631578947368421,0.9929078014184397,1.1912584506100716,0.7256994313122801,0.9600916880124294,Credit Services,Financial Services,PYPL
2017Q3,2017,Q3,2017-10-24,2017-09-30,380000000.0,3239000000.0,423000000.0,0.31,1774000000.0,0.5476999073788206,37761000000.0,15432000000.0,29437000000.0,20703000000.0,22329000000.0,0.0,3204000000.0,76964060000.0,74634060000.0,12.838602329450914,1.4218712263923103,0.0,0.0,0.023095385061018714,12.838602329450914,0.024624157594608606,23.761673355974064,50.63425,4.987303006739244,0.0,0.0,0.0,0.08577633007600434,1.3871419601024007,0.010063292815338578,91.51493460166469,0.5476999073788206,-0.08823529411764713,0.6428459689690971,0.6591014975041597,0.0,0.005668934240362812,-0.07542579075425791,-0.01627906976744186,0.6428459689690971,0.6591014975041597,0.0,Credit Services,Financial Services,PYPL
2017Q2,2017,Q2,2017-07-27,2017-06-30,411000000.0,3136000000.0,430000000.0,0.34,1764000000.0,0.5625,35290000000.0,14998000000.0,27035000000.0,18641000000.0,20292000000.0,0.0,2824000000.0,64511340000.0,63240340000.0,12.477537437603994,1.450297730808433,0.0,0.0,0.026361456695344614,12.477537437603994,0.0274036538205094,20.5712181122449,39.24047445255475,4.3013295106014136,0.0,0.0,0.0,0.08886370076508926,1.4053430609945818,0.011646358741853217,86.36056224899599,0.5625,0.06250000000000006,0.4796691161231873,0.5998617197929489,0.0,0.045023696682464455,0.0703125,-0.002320185614849188,0.4796691161231873,0.5998617197929489,0.0,Credit Services,Financial Services,PYPL
2017Q1,2017,Q1,2017-04-27,2017-03-31,384000000.0,2975000000.0,431000000.0,0.32,1688000000.0,0.5673949579831933,33493000000.0,14626000000.0,25425000000.0,17286000000.0,18867000000.0,0.0,2412000000.0,51753060000.0,50513060000.0,12.157938487115544,1.4708434571329398,0.0,0.0,0.025835020764298517,12.157938487115544,0.026254615069055107,17.39598655462185,33.6933984375,3.538428825379462,0.0,0.0,0.0,0.08882453049891022,1.418951752863589,0.01146508225599379,85.82597014925373,0.5673949579831933,0.0,2.0160984972124663,0.6046685137032906,0.0,-0.018604651162790697,-0.015384615384615385,-0.06304347826086956,2.0160984972124663,0.6046685137032906,0.0,Credit Services,Financial Services,PYPL
2016Q4,2016,Q4,2017-02-08,2016-12-31,390000000.0,2981000000.0,460000000.0,0.32,1720000000.0,0.5769875880576988,33103000000.0,14712000000.0,25733000000.0,16878000000.0,18391000000.0,0.0,2069000000.0,47640290000.0,46050290000.0,12.188898094449048,1.5246474700793933,0.0,0.0,0.026000271307178857,12.188898094449048,0.026508972267536703,15.981311640389132,30.538647435897435,3.238192631865144,0.0,0.0,0.0,0.0900522611243694,1.4752932811944544,0.011781409539920852,61.79025940337225,0.5769875880576988,0.18518518518518512,0.3738043232657981,0.3694609382644409,0.7970053446714406,0.0983397190293742,0.20743034055727555,0.3218390804597701,0.3738043232657981,0.3694609382644409,0.7970053446714406,Credit Services,Financial Services,PYPL
2016Q3,2016,Q3,2016-10-25,2016-09-30,323000000.0,2667000000.0,348000000.0,0.27,1566000000.0,0.5871766029246345,31356000000.0,14192000000.0,24161000000.0,15616000000.0,17164000000.0,0.0,1679000000.0,49450790000.0,48081790000.0,11.75807787903894,1.5471951844262295,0.0,0.0,0.02200065764750094,11.75807787903894,0.022759301014656143,18.54172853393326,38.274605263157895,3.4844130496054113,0.0,0.0,0.0,0.08505549177190969,1.4991034836065573,0.010301058808521495,80.01745954692556,0.5871766029246345,0.0,0.39063440471891164,0.3604488584522773,0.0,-0.011987381703470032,0.0,-0.06199460916442048,0.39063440471891164,0.3604488584522773,0.0,Credit Services,Financial Services,PYPL
2016Q2,2016,Q2,2016-07-26,2016-06-30,323000000.0,2650000000.0,371000000.0,0.27,1585000000.0,0.5981132075471698,30631000000.0,13817000000.0,23457000000.0,15223000000.0,16814000000.0,0.0,1356000000.0,44177100000.0,42159100000.0,11.41900826446281,1.5408920712080405,0.0,0.0,0.022823333574582036,11.41900826446281,0.0233769993486285,16.670603773584904,34.19280185758514,3.1973004270102043,0.0,0.0,0.0,0.08651366262936241,1.4888655324180515,0.010544872841239268,89.24666666666667,0.5981132075471698,-0.09999999999999991,0.15516602452869033,0.342985625752783,0.0,0.031229668184775537,-0.11506849315068493,-0.08845208845208845,0.15516602452869033,0.342985625752783,0.0,Credit Services,Financial Services,PYPL
2016Q1,2016,Q1,2016-04-28,2016-03-31,365000000.0,2544000000.0,407000000.0,0.3,1537000000.0,0.6041666666666666,29470000000.0,13598000000.0,21968000000.0,14362000000.0,15872000000.0,0.0,1033000000.0,46937600000.0,44354600000.0,11.182565789473685,1.5295919788330317,0.0,0.0,0.025888076654707375,11.182565789473685,0.026842182673922636,18.450314465408805,32.14904109589041,3.4518017355493456,0.0,0.0,0.0,0.08632507634882931,1.4887898621361928,0.012385476756023075,77.58280991735538,0.6041666666666666,0.0,1.9554973821989527,0.3575240128068302,0.0,-0.015374759769378604,-0.005449591280653951,-0.009732360097323601,1.9554973821989527,0.3575240128068302,0.0,Credit Services,Financial Services,PYPL
2015Q4,2015,Q4,2016-02-11,2015-12-31,367000000.0,2556000000.0,411000000.0,0.3,1561000000.0,0.6107198748043818,28881000000.0,13759000000.0,20648000000.0,13617000000.0,15122000000.0,0.0,668000000.0,44272600000.0,42879600000.0,11.250204415372036,1.5163398692810457,0.0,0.0,0.026226765534242746,11.250204415372036,0.026673450105385566,17.321048513302035,30.15844686648502,3.217719310996439,0.0,0.0,0.0,0.0885010906824556,1.4682382316222369,0.012707316228662443,78.49751773049645,0.6107198748043818,0.19999999999999996,0.27587212460474925,0.15885563185322807,0.6586140360199315,0.11024182076813656,0.21926910299003322,0.24545454545454545,0.27587212460474925,0.15885563185322807,0.6586140360199315,Credit Services,Financial Services,PYPL
2015Q3,2015,Q3,2015-10-29,2015-09-30,301000000.0,2258000000.0,330000000.0,0.25,1406000000.0,0.6226749335695305,27896000000.0,13214000000.0,20554000000.0,13072000000.0,14682000000.0,0.0,301000000.0,37899840000.0,40048840000.0,10.822276822276823,1.5723684210526316,0.05771436765127617,0.12184047222642652,0.0191446303291959,10.822276822276823,0.022778870894505827,16.784694419840566,31.478272425249166,2.868158014227334,0.0,0.0,0.0,0.08094350444508173,1.5205018359853122,0.010790077430455979,73.02473988439306,0.6226749335695305,0.0,0.2810572810572811,0.13860935734353463,0.0,-0.04871447902571042,-0.013114754098360656,-0.1708542713567839,0.2810572810572811,0.13860935734353463,0.0,Credit Services,Financial Services,PYPL
2015Q2,2015,Q2,2015-07-29,2015-06-30,305000000.0,2297000000.0,398000000.0,0.25,1478000000.0,0.6434479756203744,26911000000.0,12740000000.0,19713000000.0,12584000000.0,14171000000.0,0.0,0.0,44786198780.00001,43913198780.00001,10.442622950819672,1.5665130324221233,0.06276243915127643,0.132574568288854,0.021085008591893484,10.442622950819672,0.023940345368916798,19.49769211144972,36.709999,3.5154002182103614,0.0,0.0,0.0,0.08535543086470217,1.520184361093452,0.011333655382557319,114.54270787723787,0.6434479756203744,0.19608068281854016,0.08185053380782922,0.15454808495159675,0.0,0.06791907514450866,0.22983870967741934,0.2360248447204969,0.08185053380782922,0.15454808495159675,0.0,Credit Services,Financial Services,PYPL
2015Q1,2015,Q1,2015-03-31,2015-03-31,248000000.0,2137000000.0,322000000.0,0.209016,1384000000.0,0.6476368741226017,22579000000.0,8640000000.0,18207000000.0,13549000000.0,13939000000.0,0.0,0.0,44786198780.00001,43679198780.00001,7.081967213114754,1.343789209535759,0.05571548784268568,0.14560185185185184,0.025843038242409022,7.081967213114754,0.028703703703703703,20.957509957884888,45.147377802419356,5.18358782175926,0.0,0.0,0.0,0.09464546702688338,1.3083622407557753,0.010983657380752026,127.96056794285717,0.6476368741226017,-0.11131658741258736,1.647086087031156,0.13660269083401852,0.0,-0.015647226173541962,-0.13286713286713286,-0.07471264367816093,1.647086087031156,0.13660269083401852,0.0,Credit Services,Financial Services,PYPL
2014Q4,2014,Q4,2014-12-31,2014-12-31,286000000.0,2193000000.0,348000000.0,0.23519736842105263,1406000000.0,0.6411308709530323,21917000000.0,8248000000.0,17565000000.0,13283000000.0,13669000000.0,0.0,0.0,44639358784.00001,43917358784.00001,6.782894736842105,1.3223669351803056,0.017611899438791805,0.0467992240543162,0.03322031590141249,6.782894736842105,0.03467507274490786,20.355384762425903,39.02041851748252,5.412143402521824,0.0,0.0,0.0,0.10005931468722909,1.293909508394188,0.013049231190400147,87.87275351181104,0.6411308709530323,0.23528678417981508,0.0,0.0,0.0,0.11764705882352941,0.2222222222222222,0.27941176470588236,0.0,0.0,0.0,Credit Services,Financial Services,PYPL
2014Q3,2014,Q3,2014-09-30,2014-09-30,234000000.0,1975000000.0,272000000.0,0.190399,1258000000.0,0.6369620253164557,,,,,,,,44639358784.00001,,,0.0,0.0,0.0,0.0,,0.0,22.60220697924051,47.691622632478634,0.0,0.0,0.0,0.0,0.0,0.0,0.0,103.57159810672856,0.6369620253164557,-0.16725784089467766,0.0,0.0,0.0,-0.0426179604261796,-0.16725978647686832,-0.17575757575757575,0.0,0.0,0.0,Credit Services,Financial Services,PYPL
2014Q2,2014,Q2,2014-06-30,2014-06-30,281000000.0,1983000000.0,330000000.0,0.228641,1314000000.0,0.6626323751891074,,,,,,,,44639358784.00001,,,0.0,0.0,0.0,0.0,,0.0,22.51102308825013,39.71473201423488,0.0,0.0,0.0,0.0,0.0,0.0,0.0,96.20551462068967,0.6626323751891074,1.7278199557529166,0.0,0.0,0.0,0.06742485783915515,1.7356020942408377,0.03773584905660377,0.0,0.0,0.0,Credit Services,Financial Services,PYPL
2014Q1,2014,Q1,2014-03-31,2014-03-31,-382000000.0,1874000000.0,318000000.0,-0.314145,1231000000.0,0.6568836712913554,,,,,,,,44639358784.00001,,,0.0,0.0,0.0,0.0,,0.0,23.820362211312705,-29.21424004188482,0.0,0.0,0.0,0.0,0.0,0.0,0.0,137.35187318153848,0.6568836712913554,0.0,0.0,0.0,0.0,0.0,0.0,0.0,0.0,0.0,0.0,Credit Services,Financial Services,PYPL
