Quarters,Year,Quarter,FillingDate,Date,NetIncome,Revenue,OperatingIncome,EPSDiluted,GrossProfit,GrossProfitRatio,TotalAssets,CommonStockEquity,CurrentAssets,CurrentLiability,TotalLiability,Inventory,RetainedEarnings,MarketCap,EnterpriseValue,bookValuePerShare,currentRatio,debtToAssets,debtToEquity,roic,shareholdersEquityPerShare,roe,priceToSalesRatio,peRatio,pbRatio,payoutRatio,inventoryTurnover,dividendYield,assetTurnover,quickRatio,returnOnAssets,priceToFreeCashFlowsRatio,grossProfitMargin,epsdilutedGrowth,fiveYNetIncomeGrowthPerShare,fiveYRevenueGrowthPerShare,fiveYShareholdersEquityGrowthPerShare,grossProfitGrowth,netIncomeGrowth,operatingIncomeGrowth,threeYNetIncomeGrowthPerShare,threeYRevenueGrowthPerShare,threeYShareholdersEquityGrowthPerShare,Industry,Sector,Symbol
2023Q1,2023,Q1,2023-05-19,2023-03-31,838087.0,0.0,791703.0,0.08,0.0,0.0,22529395.0,8527282.0,254416.0,5352113.0,14002113.0,0.0,-13084596.0,119400615.19999999,120089075.19999999,0.7641662251669873,0.04753561817547574,0.03095671233071283,0.0817887809972744,0.08132324472480335,0.7641662251669873,0.09828301679245509,0.0,35.61701088311834,14.0021891148903,0.0,0.0,0.0,0.0,4.163580813783266,0.0371997117543547,-237.49075640615084,0.0,5.060913705583756,11.48965269054918,0.0,-0.8955055124883106,0.0,2.3233565554615163,1.3087037998848945,11.48965269054918,0.0,-0.8955055124883106,Shell Companies,Financial Services,ACAQ
2022Q4,2022,Q4,2023-03-31,2022-12-31,-633304.0,0.0,-2564604.0,-0.0197,0.0,0.0,22027334.0,7609390.0,274842.0,4037944.0,14417944.0,0.0,-13452560.0,333301789.62,333288177.62,0.2369788301768555,0.06806483695662942,0.0,0.0,-1.0720518870472655,0.2369788301768555,-0.08322664497417007,0.0,-131.57258979100084,43.80138087547097,0.0,0.0,0.0,0.0,5.39039273452034,-0.028750823862751615,-1317.0600028451188,0.0,-0.17261904761904762,-0.7980397842609444,0.0,728.0215132575289,0.0,-0.17452740082974932,-6.489403704687952,-0.7980397842609444,0.0,728.0215132575289,Shell Companies,Financial Services,ACAQ
2022Q3,2022,Q3,2022-11-21,2022-09-30,-539199.0,0.0,-342431.0,-0.0168,0.0,0.0,236541425.0,224247540.0,620419.0,2083885.0,12293885.0,0.0,-11354590.0,323026600.0,322767331.0,6.983729056368732,0.29772228313942467,0.0,0.0,-0.0024044812264161293,6.983729056368732,-0.0024044812264161293,0.0,-149.77151292936375,1.4404911643623828,0.0,0.0,0.0,0.0,0.12441617459696672,-0.0022795119290416046,-1309.3107431651906,0.0,0.36603773584905663,-154.86345332734538,0.0,7254.843406646999,0.0,0.366638514604812,0.5628493920148087,-154.86345332734538,0.0,7254.843406646999,Shell Companies,Financial Services,ACAQ
2022Q2,2022,Q2,2022-08-12,2022-06-30,-851329.0,0.0,-783325.0,-0.0265,0.0,0.0,235876300.0,226216739.0,821741.0,1009561.0,9659561.0,0.0,-8384172.0,321742200.0,321334838.0,7.045055714730614,0.8139587404822493,0.0,0.0,-0.0037633285536259405,7.045055714730614,-0.0037633333579262674,0.0,-94.48233291712134,1.422274060806791,0.0,0.0,0.0,0.0,0.40350409732547116,-0.003609218052004377,-1430.0606707113807,0.0,-2.6805555555555554,0.0,0.0,0.0,0.0,-2.829398958230251,0.9999963322158179,0.0,0.0,0.0,Shell Companies,Financial Services,ACAQ
2022Q1,2022,Q1,2022-05-11,2022-03-31,-222314.0,0.0,-213569000000.0,-0.0072,0.0,0.0,235869283.0,227068067.0,1044880.0,151216.0,8801216.0,0.0,-7532844.0,309879000.0,309246653.0,7.312981223832528,6.909850809438154,0.0,0.0,-904.9531053544773,7.312981223832528,-0.000979063251549149,0.0,-348.4699569077971,1.3646965163093585,0.0,0.0,0.0,0.0,4.181746640567136,-0.0009425305286572648,-1419.717961405245,0.0,0.34545454545454546,0.0,0.0,0.0,0.0,0.09622209664895541,-1067385.024009676,0.0,0.0,0.0,Shell Companies,Financial Services,ACAQ
2021Q4,2021,Q4,2022-03-24,2021-12-31,-245983.0,0.0,-200086.0,-0.011,0.0,0.0,236045.838,-7309.619,1177.322,105.457,8755.457,0.0,-7310.53,222177930.0,222177079.385,-0.00032595848383500553,11.16400049309197,0.0,0.0,29.188352459463516,-0.00032595848383500553,33.65195915135933,0.0,-225.80618376066639,-30395.281888153135,0.0,0.0,0.0,0.0,8.065988981290953,-1.0420984419136423,0.0,0.0,-100.85185185185185,0.0,0.0,0.0,0.0,-100.81415562913908,-81.81705298013244,0.0,0.0,0.0,Shell Companies,Financial Services,ACAQ
2021Q3,2021,Q3,2021-12-02,2021-09-30,-2416.0,0.0,-2416.0,-0.000108,0.0,0.0,162937.0,21584.0,0.0,141353.0,141353.0,0.0,-3416.0,222007500.0,222007500.0,0.0009624972129319956,0.0,0.0,0.0,-0.11193476649369903,0.0009624972129319956,-0.11193476649369903,0.0,-22972.630380794704,10285.744069681245,0.0,0.0,0.0,0.0,0.0,-0.0148278168862812,-165061.33828996282,0.0,0.0,0.0,0.0,0.0,0.0,0.0,0.0,0.0,0.0,0.0,Shell Companies,Financial Services,ACAQ
2021Q2,2021,Q2,2021-06-30,2021-06-30,,,,,,,25000.0,24000.0,0.0,1000.0,1000.0,0.0,-1000.0,0.0,0.0,0.0,0.0,0.0,0.0,,0.0,,0.0,0.0,0.0,0.0,0.0,,,0.0,,0.0,0.0,0.0,0.0,0.0,0.0,0.0,0.0,0.0,0.0,0.0,0.0,Shell Companies,Financial Services,ACAQ
