Quarters,Year,Quarter,FillingDate,Date,NetIncome,Revenue,OperatingIncome,EPSDiluted,GrossProfit,GrossProfitRatio,TotalAssets,CommonStockEquity,CurrentAssets,CurrentLiability,TotalLiability,Inventory,RetainedEarnings,MarketCap,EnterpriseValue,bookValuePerShare,currentRatio,debtToAssets,debtToEquity,roic,shareholdersEquityPerShare,roe,priceToSalesRatio,peRatio,pbRatio,payoutRatio,inventoryTurnover,dividendYield,assetTurnover,quickRatio,returnOnAssets,priceToFreeCashFlowsRatio,grossProfitMargin,epsdilutedGrowth,fiveYNetIncomeGrowthPerShare,fiveYRevenueGrowthPerShare,fiveYShareholdersEquityGrowthPerShare,grossProfitGrowth,netIncomeGrowth,operatingIncomeGrowth,threeYNetIncomeGrowthPerShare,threeYRevenueGrowthPerShare,threeYShareholdersEquityGrowthPerShare,Industry,Sector,Symbol
2023Q1,2023,Q1,2023-06-01,2023-03-31,1574791.0,0.0,-895810.0,0.05,0.0,0.0,70808221.0,56173244.0,1376281.0,4572477.0,14634977.0,0.0,-13125050.0,248664732.38,247592336.38,2.299657126472323,0.3009924380155439,0.0014119123258300756,0.0017797619094243515,-0.011499970195769706,2.299657126472323,0.02803453900579429,0.0,39.475830821359786,4.426746875790189,0.0,0.0,0.0,0.0,0.2563973531195455,0.02224022829213574,-400.88916249518365,0.0,-0.4675186368477103,10.46829294524754,0.0,-0.9193665670449445,0.0,0.5510231216833247,-0.155780969178228,10.46829294524754,0.0,-0.9193665670449445,Shell Companies,Financial Services,BRKH
2022Q4,2022,Q4,2023-04-21,2022-12-31,1015324.0,0.0,-775069.0,0.0939,0.0,0.0,296011458.0,284652248.0,208764.0,1296710.0,11359210.0,0.0,-10145752.0,109900720.0,109878488.0,26.315267449385228,0.1609951338387149,0.0,0.0,-0.0018759909890521296,26.315267449385228,0.0035668926106636615,0.0,27.060504824075863,0.3860876587912982,0.0,0.0,0.0,0.0,0.017144928318590897,0.003430015874588206,-239.8971439548062,0.0,4.622754491017964,60.35367028109691,0.0,120543.32200856223,1.0,0.5339931679768176,-0.9256181305030509,60.35367028109691,0.0,120543.32200856223,Shell Companies,Financial Services,BRKH
2022Q3,2022,Q3,2022-11-14,2022-09-30,661883.0,0.0,-402504.0,0.0167,-280519.0,0.0,294321959.0,283636924.0,734088.0,622535.0,10685035.0,0.0,-9420682.0,108278170.0,107797822.0,26.221403716372375,1.179191531399841,0.0,0.0,-0.0010269457259694684,26.221403716372375,0.002333557248702923,0.0,40.897775739821085,0.38174920413394414,0.0,0.0,0.0,0.0,0.7715999903619877,0.00224884001944279,-766.6796714579056,0.0,5.958333333333334,0.0,0.0,0.0,-0.27480243036778174,6.0924647992970575,-0.8291562333843826,0.0,0.0,0.0,Shell Companies,Financial Services,BRKH
2022Q2,2022,Q2,2022-08-15,2022-06-30,93322.0,0.0,-220049.0,0.0024,-220049.0,0.0,293247186.0,282975041.0,925568.0,209645.0,10272145.0,0.0,-9140143.0,107196470.0,106574892.0,26.16021456965887,4.414930000715495,0.0,0.0,-0.0004170720138867048,26.16021456965887,0.0003297888028223662,0.0,287.1682722187694,0.37881952281438136,0.0,0.0,0.0,0.0,2.964907343366167,0.00031823664285733335,-493.7085549798503,0.0,2.411764705882353,144.95609981769437,0.0,8907.366697030153,0.0,2.3817907221226884,-0.7421758097334273,144.95609981769437,0.0,8907.366697030153,Shell Companies,Financial Services,BRKH
2022Q1,2022,Q1,2022-05-16,2022-03-31,-67537.0,0.0,-126307.0,-0.0017,0.0,0.0,293176080.0,282881719.0,1191689.0,231861.0,10294361.0,0.0,-8931863.0,98096437.5,97257734.5,28.519896055450534,5.13966988842453,0.0003027054594631322,0.00031372122706875945,-0.0003110324559478954,28.519896055450534,-0.00023874642814935665,0.0,-363.12109473325734,0.3467754574129974,0.0,0.0,0.0,0.0,4.000021564644334,-0.00023036326838124038,-176.40103201048734,0.0,-0.06249999999999989,0.0,0.0,0.0,0.0,-0.05538105730314253,-0.8910781392702609,0.0,0.0,0.0,Shell Companies,Financial Services,BRKH
2021Q4,2021,Q4,2022-03-31,2021-12-31,-63993.0,0.0,-66791.0,-0.0016,0.0,0.0,1928.643,-8833.859,1866.026,700.002,10762.502,0.0,-8834.941,396555403.47499996,396553863.927,-0.00021830728835235173,2.665743812160537,0.0,0.0,7.399039278078619,-0.00021830728835235173,7.2440594761587205,0.0,-1549.2139901043863,-44890.393142453366,,0.0,,0.0,419.07444121588225,-33.18032419685758,0.0,0.0,0.0,0.0,0.0,0.0,0.0,0.0,0.0,0.0,0.0,0.0,Shell Companies,Financial Services,BRKH
2021Q2,2021,Q2,2021-05-31,2021-05-31,-500.0,0.0,-500.0,-6e-05,0.0,0.0,49600.0,24500.0,25100.0,25100.0,25100.0,0.0,-500.0,81760683.29879999,81735683.29879999,0.0029365893276912464,1.0,0.0020161290322580645,0.004081632653061225,-0.02032520325203252,0.0029365893276912464,-0.02040816326530612,0.0,-40880.3416494,3337.1707468897953,0.0,0.0,0.0,0.0,1.0,-0.010080645161290322,0.0,0.0,0.0,0.0,0.0,0.0,0.0,0.0,0.0,0.0,0.0,0.0,Shell Companies,Financial Services,BRKH
2021Q3,2021,Q3,2021-09-30,2021-09-30,,,,,,,191101.0,24500.0,25100.0,166601.0,166601.0,0.0,-500.0,0.0,74991.0,0.0,0.15065935978775638,0.5237596872857808,4.08534693877551,,0.0,,0.0,0.0,0.0,0.0,0.0,,,0.15065935978775638,,0.0,0.0,0.0,0.0,0.0,0.0,0.0,0.0,0.0,0.0,0.0,0.0,Shell Companies,Financial Services,BRKH
