Quarters,Year,Quarter,FillingDate,Date,NetIncome,Revenue,OperatingIncome,EPSDiluted,GrossProfit,GrossProfitRatio,TotalAssets,CommonStockEquity,CurrentAssets,CurrentLiability,TotalLiability,Inventory,RetainedEarnings,MarketCap,EnterpriseValue,bookValuePerShare,currentRatio,debtToAssets,debtToEquity,roic,shareholdersEquityPerShare,roe,priceToSalesRatio,peRatio,pbRatio,payoutRatio,inventoryTurnover,dividendYield,assetTurnover,quickRatio,returnOnAssets,priceToFreeCashFlowsRatio,grossProfitMargin,epsdilutedGrowth,fiveYNetIncomeGrowthPerShare,fiveYRevenueGrowthPerShare,fiveYShareholdersEquityGrowthPerShare,grossProfitGrowth,netIncomeGrowth,operatingIncomeGrowth,threeYNetIncomeGrowthPerShare,threeYRevenueGrowthPerShare,threeYShareholdersEquityGrowthPerShare,Industry,Sector,Symbol
2023Q1,2023,Q1,2023-05-12,2023-03-31,825611.0,0.0,-411859.0,0.03,0.0,0.0,204984219.0,198031239.0,491106.0,1352980.0,6952980.0,0.0,-5109260.0,259577999.99999997,259274227.99999997,7.7205161403508775,0.3629809753285341,0.0,0.0,-0.001487217789864278,7.7205161403508775,0.0041690947558026435,0.0,78.60178704014359,1.3107931925831156,0.0,0.0,0.0,0.0,0.22452068766722347,0.004027680784538833,-656.355250781321,0.0,1.9999999999999996,0.0,0.0,0.0,0.0,-0.16102752435284337,-0.06489829583797663,0.0,0.0,0.0,Shell Companies,Financial Services,DALS
2022Q4,2022,Q4,2023-03-29,2022-12-31,984074.0,0.0,-386759.0,0.01,0.0,0.0,203855661.0,197205628.0,928965.0,1050033.0,6650033.0,0.0,-4736400.0,206396749.99999997,205697493.99999997,9.549909346246974,0.8847007665473371,0.0,0.0,-0.0014455868652378094,9.549909346246974,0.004990090850754016,0.0,52.434255452333865,1.0466067935951604,0.0,0.0,0.0,0.0,0.6659371657843135,0.004827307690022893,-1274.219188907204,0.0,-0.5,2.048330527166001,0.0,54.86410673077765,0.0,1.5507229096790582,0.09588218105312372,2.048330527166001,0.0,54.86410673077765,Shell Companies,Financial Services,DALS
2022Q3,2022,Q3,2022-11-10,2022-09-30,385802.0,0.0,-427775.0,0.02,0.0,0.0,202405559.0,196221554.0,1200694.0,584005.0,6184005.0,0.0,-4400052.0,249574500.0,248713265.0,7.649963118908382,2.055965274269912,0.0,0.0,-0.0014564748325111144,7.649963118908382,0.001966155053486122,0.0,161.72447265695877,1.2719015567474306,0.0,0.0,0.0,0.0,1.4747048398558231,0.0019060840122479047,-1469.8404565451685,0.0,2.5873015873015874,2.0604897223721323,0.0,47.68555512515011,0.0,2.1967528398692204,0.30127241841168206,2.0604897223721323,0.0,47.68555512515011,Shell Companies,Financial Services,DALS
2022Q2,2022,Q2,2022-08-15,2022-06-30,-322374.0,0.0,-612220.0,-0.0126,0.0,0.0,201739026.0,195835752.0,1539407.0,303274.0,5903274.0,0.0,-4164813.0,248548500.0,247447468.0,7.634922105263158,5.075961012154026,0.0,0.0,-0.0021566642936344375,7.634922105263158,-0.0016461447754442713,0.0,-192.74856222896386,1.2691681547504154,0.0,0.0,0.0,0.0,3.630485963188404,-0.0015979753961932977,-492.78903822781245,0.0,-0.177570093457944,-6.556112882055128,0.0,11087.716032608696,0.0,-0.17932790447551528,-0.8364359548135127,-6.556112882055128,0.0,11087.716032608696,Shell Companies,Financial Services,DALS
2022Q1,2022,Q1,2022-05-13,2022-03-31,-273354.0,0.0,-333374.0,-0.0107,0.0,0.0,202210094.0,196303049.0,2155398.0,307045.0,5907045.0,0.0,-3697516.0,249189750.0,247584347.0,7.653140311890838,7.01981142829227,0.0,0.0,-0.0015302629803511467,7.653140311890838,-0.0013925102100681075,0.0,-227.9002227880331,1.2694135484365299,0.0,0.0,0.0,0.0,5.2285593316940515,-0.0013518316251808873,-960.2095824534904,0.0,0.7648351648351648,0.0,0.0,0.0,0.0,0.6858357497250313,-0.22344021226544925,0.0,0.0,0.0,Shell Companies,Financial Services,DALS
2021Q4,2021,Q4,2022-03-31,2021-12-31,-870099.0,0.0,-272489.0,-0.0455,0.0,0.0,2468243.0,-3393587.0,2468243.0,286516.0,5886516.0,0.0,-3394152.0,187770865.41,185905946.41,-0.17729634678579395,8.61467771433358,0.0,0.0,0.12229226654385751,-0.17729634678579395,0.2563950769495522,0.0,-53.95100598035396,-55.33108931935442,0.0,0.0,0.0,0.0,6.508952379622778,-0.352517560061955,-2144.8496819921183,0.0,-3.55,0.0,0.0,0.0,0.0,-2.205079657427019,0.02968742210479087,0.0,0.0,0.0,Shell Companies,Financial Services,DALS
2021Q3,2021,Q3,2021-11-15,2021-09-30,-271475.0,0.0,-280826.0,-0.01,0.0,0.0,202680392.0,-3136433.0,2671041.0,216825.0,5816825.0,0.0,-3136998.0,188153680.63,186201216.63,-0.1638614577549973,12.318879280525769,0.0,0.0,,-0.1638614577549973,0.08655533212410403,0.0,-173.26980442950548,-59.9897018778976,0.0,0.0,0.0,0.0,9.004791882854837,-0.0013394240918973553,-210.1705130674018,0.0,-4.0,0.0,0.0,0.0,0.0,-5.363093005812863,-5.582270766922933,0.0,0.0,0.0,Shell Companies,Financial Services,DALS
2021Q2,2021,Q2,2021-06-30,2021-06-30,-42664.0,0.0,-42664.0,-0.002,0.0,0.0,471175.0,-17664.0,164907.0,488839.0,488839.0,0.0,-42664.0,252396000.0,252431093.0,-0.0006886549707602339,0.33734419716921116,0.4244707380484958,-11.322463768115941,-0.233985608985609,-0.0006886549707602339,2.4153079710144927,0.0,-1478.9752484530281,-14288.722826086956,0.0,0.0,0.0,0.0,0.33734419716921116,-0.09054809784050512,0.0,0.0,0.0,0.0,0.0,0.0,0.0,0.0,0.0,0.0,0.0,0.0,Shell Companies,Financial Services,DALS
2021Q1,2021,Q1,2021-04-30,2021-04-30,,,,,,,95000.0,23482.0,25000.0,71518.0,71518.0,0.0,-1518.0,0.0,-25000.0,0.0,0.34956234794037866,0.0,0.0,,0.0,,0.0,0.0,0.0,0.0,0.0,,,0.34956234794037866,,0.0,0.0,0.0,0.0,0.0,0.0,0.0,0.0,0.0,0.0,0.0,0.0,Shell Companies,Financial Services,DALS
