Quarters,Year,Quarter,FillingDate,Date,NetIncome,Revenue,OperatingIncome,EPSDiluted,GrossProfit,GrossProfitRatio,TotalAssets,CommonStockEquity,CurrentAssets,CurrentLiability,TotalLiability,Inventory,RetainedEarnings,MarketCap,EnterpriseValue,bookValuePerShare,currentRatio,debtToAssets,debtToEquity,roic,shareholdersEquityPerShare,roe,priceToSalesRatio,peRatio,pbRatio,payoutRatio,inventoryTurnover,dividendYield,assetTurnover,quickRatio,returnOnAssets,priceToFreeCashFlowsRatio,grossProfitMargin,epsdilutedGrowth,fiveYNetIncomeGrowthPerShare,fiveYRevenueGrowthPerShare,fiveYShareholdersEquityGrowthPerShare,grossProfitGrowth,netIncomeGrowth,operatingIncomeGrowth,threeYNetIncomeGrowthPerShare,threeYRevenueGrowthPerShare,threeYShareholdersEquityGrowthPerShare,Industry,Sector,Symbol
2023Q1,2023,Q1,2023-05-10,2023-03-31,5337000.0,0.0,183000.0,0.49,0.0,0.0,26292000.0,14242000.0,17354000.0,9463000.0,12050000.0,1117000.0,-433981000.0,7168221.732000001,-2815778.267999999,1.3073306533146734,1.8338793194547183,0.1281378366042903,0.23655385479567476,0.864029236496433,1.3073306533146734,0.3747366942845106,0.0,0.33577954525014053,0.5033156671815757,0.0,0.0,0.0,0.0,1.4402409383916306,0.2029895025102693,-1.3398545293457946,0.0,1.4851485148514851,1.1076229740861092,-1.0,1.0710149094114019,1.0,1.713121325494388,1.0246199381138168,1.1231412933200704,-1.0,1.0946631691220077,Drug Manufacturers—Specialty & Generic,Healthcare,ACRX
2022Q4,2022,Q4,2023-03-31,2022-12-31,-7484000.0,252000.0,-7433000.0,-1.01,-110000.0,-0.4365079365,47487000.0,21814000.0,24566000.0,13770000.0,25673000.0,1178000.0,-425829000.0,16690886.479999999,11838886.479999999,2.9536861363878857,1.7840232389251998,0.2194916503464106,0.4778124140460255,-0.20142577844344497,2.9536861363878857,-0.3430824241312918,66.23367650793651,-0.5575523276322821,0.7651456165765105,0.0,0.3073005093378608,0.0,0.005306715522142902,1.167683369644154,-0.15760102764967254,-3.0563791393517667,-0.4365079365079365,-0.10989010989010986,0.73894150075929,-0.882577978466026,1.2060231879689984,-0.7741935483870968,-0.10874074074074074,-0.12077804583835947,0.7204606524194578,-0.7141937622552397,1.2837337231768713,Drug Manufacturers—Specialty & Generic,Healthcare,ACRX
2022Q3,2022,Q3,2022-11-14,2022-09-30,-6750000.0,507000.0,-6632000.0,-0.91,-62000.0,-0.1222879684,48310000.0,27541000.0,24540000.0,15650000.0,20769000.0,874000.0,-418345000.0,30837377.339999996,30579377.339999996,3.7331767462167713,1.5680511182108625,0.25820741047402196,0.4529247304019462,-0.148932254444918,3.7331767462167713,-0.24508913982789296,60.82322946745561,-1.1421250866666666,1.1196898202679642,0.0,0.6510297482837528,0.0,0.010494721589732975,1.0503514376996805,-0.13972262471537983,-5.714858661971831,-0.1222879684418146,-1.0947916666666666,0.8369992586500155,-0.8928578819772361,1.2855428790724024,0.7973856209150327,-1.0955238243493766,-1.0873850370253249,0.7144618561634659,-0.5509163359269644,1.5245843485731252,Drug Manufacturers—Specialty & Generic,Healthcare,ACRX
2022Q2,2022,Q2,2022-08-11,2022-06-30,70663000.0,570000.0,75894000.0,9.6,-306000.0,-0.5368421053,56133000.0,33143000.0,31997000.0,17689000.0,22990000.0,901000.0,-411595000.0,35946062.586,35169062.586,4.50499126608292,1.8088642659279779,0.25631981187536745,0.43411881845336875,1.4585404761398746,4.50499126608292,2.132064085930664,63.063267694736844,0.12717427290802824,1.0845747996862083,0.0,0.9722530521642619,0.0,0.010154454598899043,1.3164678613827803,1.2588495181087773,-4.077828994441294,-0.5368421052631579,9.347826086956523,2.6688189079012083,-0.9338874999347598,1.323222866594322,0.10526315789473684,9.459595354962289,9.437354085603113,4.052885085536081,-0.6751780382782867,1.9649080321311538,Drug Manufacturers—Specialty & Generic,Healthcare,ACRX
2022Q1,2022,Q1,2022-05-16,2022-03-31,-8353000.0,442000.0,-8995000.0,-1.15,-342000.0,-0.7737556561,71971000.0,-38273000.0,42811000.0,17033000.0,110244000.0,1045000.0,-482258000.0,41575577.77,36369577.77,-5.256423162871658,2.5134151353255447,0.23087076739242196,-0.43414417474459804,0.512703208378623,-5.256423162871658,0.21824785096543256,94.06239314479639,-1.2443307126182208,-1.0862900156768478,0.0,0.7502392344497608,0.0,0.006141362493226438,2.320965185228674,-0.11606063553375665,-4.607733322619971,-0.7737556561085973,0.12213740458015278,0.832732098916071,-0.955727913066858,0.39364661106042353,0.7224025974025974,0.0036975190839694657,-0.20738255033557046,0.6694941042131145,-0.09758002317842056,-1.6241748402918674,Drug Manufacturers—Specialty & Generic,Healthcare,ACRX
2021Q4,2021,Q4,2022-03-10,2021-12-31,-8384000.0,2000.0,-7450000.0,-1.31,-1232000.0,-616.0,77893000.0,-35893000.0,55489000.0,18509000.0,113786000.0,1111000.0,-473584000.0,71530817.60000001,77488817.60000001,-5.621984838042729,2.9979469447295912,0.2390587087414787,-0.5187919650071044,0.633487479979121,-5.621984838042729,0.23358314991781126,35765.408800000005,-2.1329561545801528,-1.9928904688936564,0.0,1.1107110711071106,0.0,2.5676248186614973e-05,2.798098222486358,-0.10763483239828996,-8.905729282868528,-616.0,0.06755776692537303,0.6924634523774195,-0.999889619593836,-1.388488197035971,-1.865776528460998,-0.0010746268656716418,0.13703231785011005,0.630744588764545,-0.9981954638002726,-5.667780804339192,Drug Manufacturers—Specialty & Generic,Healthcare,ACRX
2021Q3,2021,Q3,2021-11-15,2021-09-30,-8375000.0,1862000.0,-8633000.0,-1.4049127694274608,1423000.0,0.7642320085929108,72263000.0,-43021000.0,51753000.0,17070000.0,115284000.0,1556000.0,-465667000.0,121608969.6,128733969.6,-7.216806481353494,3.031810193321617,0.2822467929645877,-0.47409404709328,0.4806525249150938,-7.216806481353494,0.19467236930801238,65.31093963480129,-3.6301184955223875,-2.826735073568722,0.0,0.28213367609254497,0.0,0.025766990022556495,2.8618629173989456,-0.1158961017394794,-29.466675454325173,0.7642320085929108,0.1505772749431027,0.7207963111246779,-0.7897272774254909,-5.997865667758926,3.3835845896147405,0.14983250431428283,0.1379930104842736,0.661659260280946,1.4857424657356164,0.42699832327803583,Drug Manufacturers—Specialty & Generic,Healthcare,ACRX
2021Q2,2021,Q2,2021-08-16,2021-06-30,-9851000.0,443000.0,-10015000.0,-1.6539618354728558,-597000.0,-1.347629796839729,79586000.0,-35989000.0,58970000.0,15188000.0,115575000.0,1363000.0,-457292000.0,164385655.20000002,160814655.20000002,-6.042476144232323,3.8826705293652886,0.2859296861257005,-0.6323043152074245,1.1630975997276218,-6.042476144232323,0.27372252632748895,371.07371376975175,-4.171801218150442,-4.567663875072939,0.0,0.7630227439471754,0.0,0.005566305631643756,3.649525941532789,-0.1237780514160782,-16.54112046689475,-1.347629796839729,-0.04579059467018345,0.662167708078856,-0.9628087850974383,-2.014217399769335,-0.1285444234404537,-0.09993300580616346,-0.09549332749945308,0.5932835512220084,-0.7643086447294539,0.680133776927063,Drug Manufacturers—Specialty & Generic,Healthcare,ACRX
2021Q1,2021,Q1,2021-05-17,2021-03-31,-8956000.0,511000.0,-9142000.0,-1.5815420829965243,-529000.0,-1.0352250489236792,87347000.0,-27312000.0,71315000.0,15544000.0,114659000.0,1419000.0,-447441000.0,192536152.0,178542152.0,-4.823031884422412,4.587943901183737,0.23319633187173,-0.7457893966022261,1.3876745598057074,-4.823031884422412,0.3279144698301113,376.78307632093936,-5.374501786511836,-7.049507615700059,0.0,0.7329105003523608,0.0,0.005850229544231628,4.374871332990221,-0.10253357299048622,-19.78382161939992,-1.0352250489236792,0.18165217066747463,0.6738771505161468,-0.9324532347231792,-1.4658534875784066,0.05871886120996441,-0.004261045077371608,0.011034184335785374,0.6525646229104082,-0.33004581341149464,0.7380102948767013,Drug Manufacturers—Specialty & Generic,Healthcare,ACRX
2020Q4,2020,Q4,2021-03-15,2020-12-31,-8918000.0,738000.0,-9244000.0,-1.9326037490519017,-562000.0,-0.7615176151761518,66295000.0,-55750000.0,46830000.0,17635000.0,122045000.0,1626000.0,-438485000.0,114439600.0,112764600.0,-12.081482284104453,2.655514601644457,0.38613771777660455,-0.4591748878923767,0.34979377152154995,-12.081482284104453,0.15996412556053813,155.0672086720867,-3.2081071989235252,-2.0527282511210765,0.0,0.7995079950799509,0.0,0.011132061241420922,2.4678763821944996,-0.134519948714081,-14.380447348580045,-0.7615176151761518,0.04871200027130981,0.5850483876784393,-0.7906716674067732,-1.8261598744033525,-0.16356107660455488,0.0013437849944008958,-0.022905831581276972,0.5021278422522132,-0.44963388437738855,0.15730196756582368,Drug Manufacturers—Specialty & Generic,Healthcare,ACRX
2020Q3,2020,Q3,2020-11-05,2020-09-30,-8930000.0,1368000.0,-9037000.0,-2.031565361492088,-483000.0,-0.3530701754385965,66179000.0,-57853000.0,47796000.0,16560000.0,124032000.0,1982000.0,-429567000.0,124835750.0,132512750.0,-13.161495805488412,2.886231884057971,0.4178062527387842,-0.4779354571068052,0.3440569557602985,-13.161495805488412,0.15435673171659206,91.25420321637426,-3.49484182530795,-2.1578094480839365,0.0,0.9339051463168516,0.0,0.020671209900421584,2.666123188405797,-0.134937064627752,-15.264826363414038,-0.3530701754385965,-0.24031052489075577,-1.889876979076488,-0.9552103909857751,-1.731199700037937,-1.3108108108108107,-0.3518013926733273,-0.32235879426397424,0.638075665751086,-0.5148021319036752,-0.006695278761464725,Drug Manufacturers—Specialty & Generic,Healthcare,ACRX
2020Q2,2020,Q2,2020-08-10,2020-06-30,-6606000.0,2924000.0,-6834000.0,-1.6379489819059823,1554000.0,0.5314637482900136,67400000.0,-60132000.0,48619000.0,16430000.0,127532000.0,2639000.0,-420637000.0,97600850.6,106010850.6,-14.909648748491543,2.9591600730371272,0.44805637982195845,-0.5022118007051154,0.26540425241473387,-14.909648748491543,0.10985831171422869,33.379223871409025,-3.6936440584317287,-1.6231100013304063,0.0,0.5191360363774157,0.0,0.04338278931750742,2.670785149117468,-0.09801186943620178,-9.972499294983141,0.5314637482900136,0.5882890266443175,0.5917714476887543,-0.16452803310706168,-1.9900013913270191,2.3813333333333335,0.5851805337519623,0.5687783947501261,0.7154128172159638,-0.3813489990345796,-0.0697333521341351,Drug Manufacturers—Specialty & Generic,Healthcare,ACRX
2020Q1,2020,Q1,2020-05-11,2020-03-31,-15925000.0,386000.0,-15848000.0,-3.978395252756444,-1125000.0,-2.9145077720207255,77339000.0,-55281000.0,58045000.0,15721000.0,132620000.0,3099000.0,-414031000.0,94467732.0,100754732.0,-13.810341080274902,3.6921951529800903,0.3901395156389402,-0.545811399938496,0.7663813530634944,-13.810341080274902,0.28807366002785767,244.73505699481865,-1.4830099215070645,-1.708864383784664,0.0,0.48757663762504033,0.0,0.0049910135895214576,3.3898606958844857,-0.20591163578530883,-6.54344614532105,-2.9145077720207255,-0.0974583839963549,0.12954047643666255,0.16870679817617595,-1.7373767497249715,0.015748031496062992,-0.10413922207585107,-0.057097118463180364,0.41993018592851994,-0.9296724109939699,-0.5930884666183026,Drug Manufacturers—Specialty & Generic,Healthcare,ACRX
2019Q4,2019,Q4,2020-03-16,2019-12-31,-14423000.0,475000.0,-14992000.0,-3.6250989657295816,-1143000.0,-2.4063157894736844,91356000.0,-41418000.0,71688000.0,13611000.0,132774000.0,3295000.0,-398106000.0,167899030.0,182972030.0,-10.410063715079236,5.266916464624201,0.3257257323000131,-0.7184557438794726,2.126223230747412,-10.410063715079236,0.34823023806074654,353.4716421052632,-2.9102653747486658,-4.0537696170747015,0.0,0.4910470409711684,0.0,0.005199439555146898,4.897288957460877,-0.15787687727133412,-11.662084462040703,-2.4063157894736844,-0.13130935871431268,0.4245030777487679,0.15882474588647894,-1.4894566254908723,0.2577922077922078,-0.1329039352760977,-0.1077286833160928,0.15104353220596897,-0.9579331537168995,-3.422693235600329,Drug Manufacturers—Specialty & Generic,Healthcare,ACRX
2019Q3,2019,Q3,2019-11-07,2019-09-30,-12731000.0,608000.0,-13534000.0,-3.204339235599854,-1540000.0,-2.5328947368421053,104978000.0,-28274000.0,85669000.0,11431000.0,133252000.0,2980000.0,-383683000.0,174814200.0,181706200.0,-7.116447062080769,7.494444930452279,0.27473375373887865,-1.0200537596378298,-2.5058322532864286,-7.116447062080769,0.4502723350074273,287.5233552631579,-3.43284502395727,-6.182860578623471,0.0,0.7208053691275168,0.0,0.005791689687363067,7.085644300586125,-0.12127302863457105,-13.547287662740235,-2.5328947368421053,-0.018485233513131104,-11.379327555470557,-0.9310656822883034,-1.2618171194056327,-0.7721518987341772,-0.02570093457943925,-0.012948132624803533,0.3631894275287185,-0.8969807814553405,-5.928363610676567,Drug Manufacturers—Specialty & Generic,Healthcare,ACRX
2019Q2,2019,Q2,2019-08-06,2019-06-30,-12412000.0,941000.0,-13361000.0,-3.146181338876074,-869000.0,-0.9234856535600425,115112000.0,-18419000.0,96818000.0,8285000.0,133531000.0,2844000.0,-370952000.0,203567160.0,167264160.0,-4.668829687460394,11.685938442969222,0.24991312808395302,-1.561865465008958,-0.8708040760756027,-4.668829687460394,0.6738693740159618,216.33066950053134,-4.100208669029971,-11.052020196536185,0.0,0.6364275668073136,0.0,0.008174647300020849,11.11876885938443,-0.10782542219751198,-15.133979629767303,-0.9234856535600425,0.09359433665852766,0.3553940041729953,6.278874385447306,-1.18210537002399,0.09948186528497409,0.09229194090975575,-0.08467283649943172,0.3573723227971782,-0.8807322348717498,-1.7836536202301465,Drug Manufacturers—Specialty & Generic,Healthcare,ACRX
2019Q1,2019,Q1,2019-05-09,2019-03-31,-13674000.0,265000.0,-12318000.0,-3.471052163639015,-965000.0,-3.641509433962264,113444000.0,-7891000.0,95345000.0,18945000.0,121335000.0,2403000.0,-358540000.0,277336576.0,219208576.0,-2.003076579412302,5.032726313011349,0.13384577412644125,-1.9242174629324547,-0.9893181270580677,-2.003076579412302,1.7328602205043722,1046.553116981132,-5.070509287699283,-35.14593536940819,0.0,0.5118601747815231,0.0,0.0023359543034448716,4.788756927949327,-0.12053524205775537,-19.955142898258742,-3.641509433962264,0.023984245291136436,0.22170017474384637,0.5291321128196685,-1.0664845447454385,-0.544,-0.08886765408504539,-0.12216452582672861,0.2842495999578412,-0.9496466452504136,-1.1934758535227048,Drug Manufacturers—Specialty & Generic,Healthcare,ACRX
2018Q4,2018,Q4,2019-03-07,2018-12-31,-12558000.0,613000.0,-10977000.0,-3.5563484983645552,-625000.0,-1.0195758564437194,120533000.0,4253000.0,107994000.0,15928000.0,116280000.0,854000.0,-345019000.0,163139130.0,87155130.0,1.204423488098778,6.7801356102461074,0.09948312910157384,2.8194215847636963,-0.6757572026594435,1.204423488098778,-2.9527392428873735,266.1323491027732,-3.2477132107023414,38.35860098753821,0.0,1.449648711943794,0.0,0.005085744153053521,6.6622300351582115,-0.10418723503107033,-17.663396491987875,-1.0195758564437194,0.143535821412578,-1.4307486768068094,-0.9864665750172881,-0.9645681292652143,-0.25502008032128515,-0.008026970621287526,-0.17677958833619212,0.23641225259048074,-0.7727831102526899,-0.9176387189703277,Drug Manufacturers—Specialty & Generic,Healthcare,ACRX
2018Q3,2018,Q3,2018-11-05,2018-09-30,-12458000.0,377000.0,-9328000.0,-4.152361052893174,-498000.0,-1.3209549071618036,77744000.0,-37787000.0,66004000.0,14471000.0,115531000.0,856000.0,-332461000.0,229216884.4,185524884.4,-12.594738854237738,4.561122244488978,0.17845750154352746,-0.36716331013311454,0.39008070923765314,-12.594738854237738,0.32969010506258767,608.0023458885942,-4.599792992454648,-6.06602493979411,0.0,1.022196261682243,0.0,0.004849248816628936,4.4295487526777695,-0.16024387734101667,-35.33480567288423,-1.3209549071618036,-0.021083545876169865,0.21642578513677138,-0.5246295341644626,-1.4907512002299819,-8.217391304347826,-0.18186130348164312,-0.3040682231231651,-2.818838873385344,-0.9819157745604972,-1.699712966396606,Drug Manufacturers—Specialty & Generic,Healthcare,ACRX
2018Q2,2018,Q2,2018-08-02,2018-06-30,-10541000.0,818000.0,-7153000.0,-4.066622236410756,69000.0,0.0843520782396088,64620000.0,-48966000.0,52961000.0,13213000.0,113586000.0,663000.0,-320003000.0,174965265.0,157370265.0,-18.890635235513745,4.0082494512979645,0.24261838440111422,-0.3201813503247151,0.21492301833368416,-18.890635235513745,0.215271821263734,213.89396699266504,-4.149636301109951,-3.5731990564881757,0.0,1.1297134238310709,0.0,0.012658619622407923,3.878528721713464,-0.16312287217579696,-26.554145545606314,0.0843520782396088,0.10663860712056276,0.5657318187198245,0.44462741421166285,-6.826164600467573,1.0894941634241244,0.09066597653554176,0.1349619059136534,-0.013530427715057807,-0.6363379452152244,-2.2543390848226346,Drug Manufacturers—Specialty & Generic,Healthcare,ACRX
2018Q1,2018,Q1,2018-05-10,2018-03-31,-11592000.0,343000.0,-8269000.0,-4.552046091115964,-771000.0,-2.247813411078717,65813000.0,-46880000.0,53658000.0,13253000.0,112693000.0,666000.0,-309462000.0,106954974.0,80765974.0,-18.409242004958088,4.048743680676074,0.2645981796909425,-0.37145904436860067,0.2806285210072626,-18.409242004958088,0.24726962457337884,311.82208163265307,-2.306654891304348,-2.281462755972696,0.0,1.6726726726726726,0.0,0.0052117362831051615,3.919716290651173,-0.1761354139759622,-14.10643286731733,-2.247813411078717,-0.17268588770864932,0.3377496622998425,-0.7339588461836127,-2.5590863720686734,-2.472972972972973,-0.17268588770864948,-0.05917766107339567,0.004027602613924028,0.6324210089994096,-1.9829262692074072,Drug Manufacturers—Specialty & Generic,Healthcare,ACRX
2017Q4,2017,Q4,2018-03-09,2017-12-31,-9885000.0,740000.0,-7807000.0,-3.8817266744894163,-222000.0,-0.3,75552000.0,-36509000.0,63413000.0,13660000.0,112061000.0,956000.0,-297870000.0,103135153.5,69329153.5,-14.336668437692294,4.642240117130307,0.25275307073274034,-0.5230491111780656,0.4185750332089732,-14.336668437692294,0.2707551562628393,139.37182905405405,-2.608375151745068,-2.8249240872113726,0.0,1.006276150627615,0.0,0.009794578568403219,4.538945827232796,-0.13083703939008895,-15.65975607348922,-0.3,0.30846864790773904,0.3150467472161648,-0.6778935179588722,-1.7864340566334764,0.5904059040590406,0.24037500960577884,0.11894819997742918,0.3837625105153735,1.8205896687915186,-1.6740763117645294,Drug Manufacturers—Specialty & Generic,Healthcare,ACRX
2017Q3,2017,Q3,2017-11-09,2017-09-30,-13013000.0,1487000.0,-8861000.0,-5.613233098897205,-542000.0,-0.3644922663080027,82743000.0,-30309000.0,71071000.0,14872000.0,113052000.0,969000.0,-287985000.0,213281024.0,167750024.0,-13.073961985478839,4.778846153846154,0.2707781927172087,-0.7392193737833647,1.121077935222672,-13.073961985478839,0.42934441914942756,143.43041291190315,-4.097460693153001,-7.036887525157544,0.0,2.09391124871001,0.0,0.017971308751193453,4.658351264120495,-0.1572701013983056,-29.144714949439738,-0.3644922663080027,0.024722778180349674,0.2598349090574252,3.37262827865724,-44.24426461059765,0.38687782805429866,0.0035224749215100695,0.1086409817925762,-19.182088620670772,-0.7110634309864385,-1.4809966316613017,Drug Manufacturers—Specialty & Generic,Healthcare,ACRX
2017Q2,2017,Q2,2017-08-02,2017-06-30,-13059000.0,2659000.0,-9941000.0,-5.755525683686287,-884000.0,-0.3324558104550583,78190000.0,-31624000.0,66769000.0,13561000.0,109814000.0,1580000.0,-274972000.0,97564850.0,57436850.0,-13.937724498115868,4.9236044539488235,0.28162169075329324,-0.6963066025803187,1.0352480953900365,-13.937724498115868,0.4129458639008348,36.69230913877397,-1.8677703116624549,-3.085152099671136,0.0,2.242405063291139,0.0,0.034006906253996674,4.735491482928987,-0.16701624248625144,-9.569872486512997,-0.3324558104550583,0.16081587562582772,0.17486370862134337,4.395808393907818,-2.8844834050636834,0.12992125984251968,0.16024692945791266,0.17659239625610867,-0.17922203624977912,34.7623483406887,-1.5436339825885657,Drug Manufacturers—Specialty & Generic,Healthcare,ACRX
2017Q1,2017,Q1,2017-05-08,2017-03-31,-15551000.0,3109000.0,-12073000.0,-6.858477795893139,-1016000.0,-0.3267931810871663,88444000.0,-19656000.0,77971000.0,12753000.0,108100000.0,1852000.0,-261913000.0,142847019.0,92155019.0,-8.668910339669042,6.113933976319298,0.24467459635475555,-1.100936100936101,-6.085181451612903,-8.668910339669042,0.7911579161579162,45.94629109038276,-2.2964281878978845,-7.267349358974359,0.0,2.2273218142548594,0.0,0.0351521866944055,5.884105700619462,-0.1758287730089096,-17.698800520381614,-0.3267931810871663,-0.6061764098326793,0.048284137394002946,3.0858834746871797,-1.7704445929963464,-1.310323762981063,-0.6061764098326792,-0.6913701316895489,-0.5378484411542384,30.169060719720758,-1.2877316640290501,Drug Manufacturers—Specialty & Generic,Healthcare,ACRX
2016Q4,2016,Q4,2017-03-03,2016-12-31,-9682000.0,6435000.0,-7138000.0,-4.27006507747652,3274000.0,0.5087801087801088,99993000.0,-5337000.0,89053000.0,10191000.0,105330000.0,2154000.0,-246362000.0,117905476.0,59144476.0,-2.3537838055969513,8.738396624472573,0.21550508535597493,-4.037661607644744,-0.4402911423636812,-2.3537838055969513,1.8141277871463368,18.322529292929293,-3.0444504234662264,-22.09208843919805,0.0,1.467502321262767,0.0,0.06435450481533707,8.452850554410755,-0.09682677787445121,-9.700960671383907,0.5087801087801088,0.15139349283606263,0.343022548854676,3.458873118836313,-1.1321037579933768,3.1601016518424396,0.15085072794246623,0.10495297805642634,-1.5171947237589005,-0.7787509927138553,-1.0692438866907115,Drug Manufacturers—Specialty & Generic,Healthcare,ACRX
2016Q3,2016,Q3,2016-11-02,2016-09-30,-11402000.0,3366000.0,-7975000.0,-5.031855213728182,787000.0,0.23380867498514557,105998000.0,3272000.0,96922000.0,15530000.0,102726000.0,1384000.0,-236680000.0,176291921.4,105154921.4,1.4439776818950707,6.240952994204765,0.2011830411894564,6.51742053789731,-0.3232060600051711,1.4439776818950707,-3.484718826405868,52.374308199643494,-3.8653727723206455,53.878949083129584,0.0,1.8634393063583814,0.0,0.03175531613804034,6.083129426915647,-0.10756806732202494,-28.4985323957323,0.23380867498514557,-0.02778868172292243,0.15020761516474382,2.542285994961083,-0.9398461959322828,-0.49389067524115754,-0.027948070681572304,0.04169670752223023,0.05045996867187399,4.619599819777886,-0.9437357305541211,Drug Manufacturers—Specialty & Generic,Healthcare,ACRX
2016Q2,2016,Q2,2016-07-29,2016-06-30,-11092000.0,4531000.0,-8322000.0,-4.895807186058019,1555000.0,0.34319134848819244,113572000.0,13498000.0,105550000.0,21027000.0,100074000.0,1328000.0,-225278000.0,121889925.6,45437925.599999994,5.9577721163200055,5.019736529224331,0.18796886556545628,1.5815676396503187,-0.23882224645583425,5.9577721163200055,-0.8217513705734183,26.901329860957844,-2.747248593580959,9.030221188324196,0.0,2.2409638554216866,0.0,0.03989539675272074,4.897750511247444,-0.09766491740922058,-14.587114121589277,0.34319134848819244,-0.0097675662496109,0.004243346253231217,47.43485551586062,-0.7968832676817025,3.7090592334494774,-0.01010836900100173,0.02346866932644919,0.47718434048105357,8.15501668898367,0.8374692311299822,Drug Manufacturers—Specialty & Generic,Healthcare,ACRX
2016Q1,2016,Q1,2016-05-02,2016-03-31,-10981000.0,3025000.0,-8522000.0,-4.848449633059212,-574000.0,-0.18975206611570247,121225000.0,23443000.0,112794000.0,16804000.0,97782000.0,910000.0,-214186000.0,139483590.4,55186590.400000006,10.353108891581844,6.712330397524399,0.1743204784491648,0.9014204666638229,-0.1912182258721936,10.353108891581844,-0.4684127458089835,46.11027781818182,-3.175566669702213,5.9499036130188125,0.0,3.954945054945055,0.0,0.024953598680140236,6.567662461318734,-0.09058362548979171,-21.729800654307525,-0.18975206611570247,-0.04124786648966441,0.18703956853796203,0.0,-0.8259982488375797,0.0,-0.04124786648966433,-0.13083864118895966,0.29447079169484625,1.6386960807624071,-0.12319089634103551,Drug Manufacturers—Specialty & Generic,Healthcare,ACRX
2015Q4,2015,Q4,2016-03-07,2015-12-31,-10546000.0,1730000.0,-7536000.0,-4.656383738297281,0.0,0.0,127785000.0,33113000.0,118947000.0,12780000.0,94672000.0,466000.0,-203205000.0,174354488.0,87354488.0,14.623661422469377,9.307276995305164,0.16372813710529405,0.6318364388608704,-0.13930664830995282,14.623661422469377,-0.3184851870866427,100.78294104046243,-4.133190024653897,5.265439193066167,0.0,0.0,0.0,0.013538365222835231,9.135367762128325,-0.08252924834683258,26.175422308962617,0.0,-3.069100720325056,0.28993983710680293,0.0,1.1192026370873718,0.0,-3.08048924837246,-2.060661505981703,0.1781712763762309,-0.15311753960067565,-0.19782302106735086,Drug Manufacturers—Specialty & Generic,Healthcare,ACRX
2015Q3,2015,Q3,2015-11-03,2015-09-30,5069000.0,15428000.0,7105000.0,2.25043841150747,0.0,0.0,131560000.0,39966000.0,122592000.0,7885000.0,91594000.0,0.0,-192659000.0,135441350.0,61115350.0,17.999864886166595,15.547495244134433,0.1574642748555792,0.5183405895010759,0.10161066206641947,17.999864886166595,0.1268328078867037,8.77893116411719,6.679885085815743,3.3889143271781013,0.0,0.0,0.0,0.11726968683490423,15.435510462904249,0.03852994831255701,-23.604278494248867,0.0,1.5608801601834916,1.0212054691623373,0.0,-0.7327743094928982,0.0,1.569806654676259,1.8746768435307153,1.3010345969975392,46.36790441971456,63.29103700693522,Drug Manufacturers—Specialty & Generic,Healthcare,ACRX
2015Q2,2015,Q2,2015-08-04,2015-06-30,-8896000.0,1924000.0,-8123000.0,-4.012333776918121,0.0,0.0,63560000.0,33391000.0,53519000.0,13306000.0,30169000.0,0.0,-197728000.0,188015507.2,175305507.2,15.060230095743933,4.0221704494213135,0.36393958464443044,0.6927615225659609,-0.14371140951471081,15.060230095743933,-0.2664190949657093,97.72115758835758,-5.283709172661871,5.630724063370369,0.0,0.0,0.0,0.030270610446821902,3.8475124004208627,-0.13996224040276903,-16.988841348152164,0.0,0.11104241965938316,0.9629259081353037,0.0,0.0,0.0,0.11270696189906244,0.2874561403508772,0.42477513822383695,2.9954928425940266,1.0362544614586595,Drug Manufacturers—Specialty & Generic,Healthcare,ACRX
2015Q1,2015,Q1,2015-05-05,2015-03-31,-10026000.0,181000.0,-11400000.0,-4.51352670324352,0.0,0.0,75592000.0,41085000.0,65417000.0,15360000.0,34507000.0,0.0,-188832000.0,169350166.0,145347166.0,18.729016185316286,4.258919270833333,0.33258810456132926,0.6119264938542047,-0.1721378310633286,18.729016185316286,-0.24403066812705368,935.6362762430939,-4.222774935168562,4.12194635511744,0.0,0.0,0.0,0.0023944332733622604,4.195182291666667,-0.13263308286591174,-15.03330368397692,0.0,0.2744246634824142,0.9609506142964145,0.0,0.0,0.0,0.27442466348241423,0.03217590627387724,0.36578137348557693,-0.754129663502639,0.664530914120503,Drug Manufacturers—Specialty & Generic,Healthcare,ACRX
2014Q4,2014,Q4,2015-03-13,2014-12-31,-13818000.0,226000.0,-11779000.0,-6.220617592800614,0.0,0.0,86447000.0,46656000.0,76298000.0,13731000.0,39791000.0,0.0,-178806000.0,295265963.0,260132963.0,21.26861334166038,5.55662369820115,0.28809559614561525,0.5338005829903978,-0.1646008300610668,21.26861334166038,-0.296167695473251,1306.4865619469026,-5.342053173397018,6.328574309842249,0.0,0.0,0.0,0.0026143185998357375,5.487582841744957,-0.15984360359526648,-30.53422574974147,0.0,-21.51760484754018,0.9464144045257405,0.0,1.0126221438199647,0.0,-21.593144560357675,-1.3237324916157034,0.030845805112442948,-0.8381371033439157,0.1936796162249229,Drug Manufacturers—Specialty & Generic,Healthcare,ACRX
2014Q3,2014,Q3,2014-11-10,2014-09-30,671000.0,4825000.0,-5069000.0,0.30318439403741576,0.0,0.0,96442000.0,59077000.0,86641000.0,10367000.0,37365000.0,0.0,-164988000.0,238646786.4,193274786.4,27.180984491145026,8.357384006945114,0.25786483067543187,0.4209590872928551,-0.0603840564172206,27.180984491145026,0.01135805812752848,49.460473865284975,88.9146,4.039588780743776,0.0,0.0,0.0,0.050030069886563944,8.254075431658146,0.006957549615312831,-28.44758450351651,0.0,1.0635184436331315,1.0028675850192366,0.0,-0.5964715626898274,0.0,1.063451536643026,0.5865415986949429,1.0521379417092827,4.293786131151672,0.1323164034655839,Drug Manufacturers—Specialty & Generic,Healthcare,ACRX
2014Q2,2014,Q2,2014-08-11,2014-06-30,-10575000.0,71000.0,-12260000.0,-4.7731710145252,0.0,0.0,100374000.0,55549000.0,93217000.0,8740000.0,44825000.0,0.0,-165659000.0,444165505.0,391074505.0,25.63806705340614,10.665560640732265,0.24545200948452786,0.4435183351635493,-0.15289452024044098,25.63806705340614,-0.1903724639507462,6255.852183098592,-10.500366548463358,7.995922608867846,0.0,0.0,0.0,0.0007073544941917229,10.5662471395881,-0.10535596867714747,-41.79594476333867,0.0,-0.07026896658855962,0.9549014087673956,0.0,0.0,0.0,-0.09801682068321046,-0.43542910666198337,0.007299358679448022,-0.20637221281963344,-0.12592823270624912,Drug Manufacturers—Specialty & Generic,Healthcare,ACRX
2014Q1,2014,Q1,2014-05-08,2014-03-31,-9631000.0,95000.0,-8541000.0,-4.459786430825417,0.0,0.0,100417000.0,65063000.0,93967000.0,4608000.0,35354000.0,0.0,-155084000.0,518716704.0,455621704.0,30.128454471364005,20.39214409722222,0.1443181931346286,0.22273796166792187,-0.10735968826597951,30.128454471364005,-0.14802575964834083,5460.1758315789475,-13.464767521545008,7.972529763460031,0.0,0.0,0.0,0.0009460549508549349,20.155381944444443,-0.09591005507035662,-46.00591609756098,0.0,-1.5401740309765584,0.9618961389630951,0.0,0.0,-1.0,-1.5420113681130059,-1.42741330130611,0.25237455392477737,0.0,-0.4936396503955239,Drug Manufacturers—Specialty & Generic,Healthcare,ACRX
2013Q4,2013,Q4,2014-03-17,2013-12-31,17769000.0,27607000.0,19983000.0,8.256202955115695,27607000.0,1.0,110031000.0,73159000.0,104560000.0,6868000.0,36872000.0,0.0,-145453000.0,486827640.0,412790640.0,33.99265867484434,15.224228305183459,0.13054502821932001,0.1963394797632554,0.22831712806919324,33.99265867484434,0.24288194207137878,17.634210164088817,6.84939557656593,6.654377998605777,0.0,0.0,0.0,0.25090201852205285,15.093622597553873,0.16149085257790985,20.69229566030518,1.0,2.5579928809906374,1.0702346721499563,0.0,1.0201733991645063,0.0,2.617422173675587,3.404693140794224,2.2587229386940777,0.0,1.2770861850935922,Drug Manufacturers—Specialty & Generic,Healthcare,ACRX
2013Q3,2013,Q3,2013-11-05,2013-09-30,-10986000.0,548000.0,-8310000.0,-5.299255892534023,0.0,0.0,80661000.0,53205000.0,76999000.0,12428000.0,27456000.0,0.0,-163222000.0,446964887.59999996,396688887.59999996,25.66420387425529,6.195606694560669,0.13040998747845922,0.19770698242646367,-0.13040612642018706,25.66420387425529,-0.2064843529743445,815.6293569343065,-10.171238112142728,8.400806082135137,0.0,0.0,0.0,0.00679386568477951,6.112648857418732,-0.13619965038866366,-55.50979726775956,0.0,0.4341007946737383,0.9507776916222725,0.0,-0.6189896621455433,0.0,0.3703215452513326,-0.06936044267147086,0.9507776916222725,0.0,-0.6189896621455433,Drug Manufacturers—Specialty & Generic,Healthcare,ACRX
2013Q2,2013,Q2,2013-08-12,2013-06-30,-17447000.0,407000.0,-7771000.0,-9.364310539151239,0.0,0.0,40797000.0,6041000.0,35226000.0,12121000.0,34756000.0,0.0,-152236000.0,367038186.0,357509186.0,3.242379254784133,2.9061958584275223,0.3036988013824546,2.0509849362688297,-0.4216266073463187,3.242379254784133,-2.888097997020361,901.8137248157249,-5.259330916489941,60.75785234232743,0.0,0.0,0.0,0.00997622374194181,2.794653906443363,-0.4276539941662377,-38.534192755905515,0.0,-0.3623581557493964,0.9134734668471362,0.0,0.0,0.0,-0.3671054693621689,0.26473649351878137,0.9134734668471362,0.0,0.0,Drug Manufacturers—Specialty & Generic,Healthcare,ACRX
2013Q1,2013,Q1,2013-05-08,2013-03-31,-12762000.0,940000.0,-10569000.0,-6.873604051645424,0.0,0.0,52985000.0,21923000.0,50334000.0,14983000.0,31062000.0,0.0,-134789000.0,182324797.6,159450797.6,11.807711448681186,3.3594073283054127,0.2680947437954138,0.6479496419285682,-0.2925431798051373,11.807711448681186,-0.582128358345117,193.96255063829787,-3.571634493026172,8.316598896136478,0.0,0.0,0.0,0.01774087005756346,3.21684575852633,-0.24086062093045202,-18.74997918552036,0.0,-0.21288728378635247,0.941272796582155,0.0,0.0,0.0,-0.2128872837863524,-0.316353219579026,0.941272796582155,0.0,0.0,Drug Manufacturers—Specialty & Generic,Healthcare,ACRX
2012Q4,2012,Q4,2013-03-12,2012-12-31,-10522000.0,1675000.0,-8029000.0,-5.667141657374483,0.0,0.0,64520000.0,33847000.0,61766000.0,14331000.0,30673000.0,0.0,-122027000.0,158188113.6,126229113.6,18.22996895513899,4.309957434931268,0.24756664600123993,0.4719177475108577,,18.22996895513899,-0.31086950098974797,94.4406648358209,-3.7585086865614903,4.673622879428015,0.0,0.0,0.0,0.025960942343459394,4.170190496127277,-0.16308121512709237,-26.80245909861064,0.0,0.25272665310027403,0.951790209487453,0.0,1.010818819557669,-1.0,-0.22605453274295037,0.0198974609375,0.951790209487453,0.0,1.010818819557669,Drug Manufacturers—Specialty & Generic,Healthcare,ACRX
2012Q3,2012,Q3,2012-11-06,2012-09-30,-8582000.0,166000.0,-8192000.0,-7.583759919828824,166000.0,1.0,28151000.0,-327000.0,25297000.0,12227000.0,28478000.0,0.0,-111505000.0,72424256.0,86385256.0,-0.2889639625707719,2.06894577574221,0.6281126780576178,-54.07339449541284,,-0.2889639625707719,26.244648318042813,436.29069879518073,-2.109772081099977,-221.48090519877675,0.0,0.0,0.0,0.005896770985044936,1.9117526784984051,-0.3048559553834677,-10.77581550364529,1.0,-0.08723982696503745,0.9295580329509077,0.0,-1.0042899541145438,-0.25892857142857145,-0.19293855991103698,-0.17938381802476244,0.9295580329509077,0.0,-1.0042899541145438,Drug Manufacturers—Specialty & Generic,Healthcare,ACRX
2012Q2,2012,Q2,2012-08-10,2012-06-30,-7194000.0,224000.0,-6946000.0,-6.975241093768998,224000.0,1.0,36644000.0,7628000.0,33690000.0,10693000.0,29016000.0,0.0,-102923000.0,67038530.0,78831530.0,7.396045229512043,3.15065930982886,0.5276443619692174,2.534740429994756,,7.396045229512043,-0.9431043523859465,299.2791517857143,-2.329668126216291,8.788480597797587,0.0,0.0,0.0,0.006112869774042135,2.986346207799495,-0.1963213622966925,-14.507364206881627,1.0,0.032081237317926024,0.9355485231458529,0.0,0.0,-0.3191489361702128,-0.018259023354564755,-0.061106018942865874,0.9355485231458529,0.0,0.0,Drug Manufacturers—Specialty & Generic,Healthcare,ACRX
2012Q1,2012,Q1,2012-05-09,2012-03-31,-7065000.0,329000.0,-6546000.0,-7.2064323605431655,329000.0,1.0,33990000.0,11031000.0,31070000.0,8949000.0,22959000.0,0.0,-95729000.0,68430105.2,83139105.2,11.25182838386167,3.471896301262711,0.5642247719917622,1.7385549814160095,,11.25182838386167,-0.6404677726407397,207.9942407294833,-2.42144745930644,6.203436243314296,0.0,0.0,0.0,0.009679317446307737,3.0809028941781205,-0.20785525154457193,-8.381933512983831,1.0,-0.10875706214689257,0.9384291408812833,0.0,0.0,-0.47275641025641024,-0.10875706214689265,-0.13017955801104972,0.9384291408812833,0.0,0.0,Drug Manufacturers—Specialty & Generic,Healthcare,ACRX
2011Q4,2011,Q4,2012-03-23,2011-12-31,-6372000.0,624000.0,-5792000.0,-6.499559377407085,624000.0,1.0,40835000.0,17468000.0,38146000.0,7845000.0,23367000.0,0.0,-88664000.0,37646361.6,48931361.6,17.817689983618497,4.862460165710644,0.4672217460511816,1.0922257842912755,,17.817689983618497,-0.36478131440348066,60.3307076923077,-1.4770229755178905,2.1551615296542246,0.0,0.0,0.0,0.015281008938410678,4.561504142766093,-0.15604261050569365,-6.039846237766726,1.0,-0.09766174347846371,0.94470890622263,0.0,1.0105741470729668,0.5294117647058824,-0.10605797604582538,-0.07160037002775207,0.94470890622263,0.0,1.0105741470729668,Drug Manufacturers—Specialty & Generic,Healthcare,ACRX
2011Q3,2011,Q3,2011-11-08,2011-09-30,-5761000.0,408000.0,-5405000.0,-5.921277129336891,408000.0,1.0,36703000.0,23355000.0,34081000.0,5095000.0,13348000.0,0.0,-82292000.0,62462234.400000006,69514234.4,24.004760867152072,6.689106967615309,0.24186033839195706,0.38008991650610147,,24.004760867152072,-0.24667094840505246,153.0937117647059,-2.7105638951570907,2.674469466923571,0.0,0.0,0.0,0.0111162575266327,6.28459273797841,-0.156962646105223,-10.75081487091222,1.0,-0.20432716297169318,0.9450000340399722,0.0,-0.6436257250401676,9.2,-0.20953180768423263,-0.17016670274951287,0.9450000340399722,0.0,-0.6436257250401676,Drug Manufacturers—Specialty & Generic,Healthcare,ACRX
2011Q2,2011,Q2,2011-08-11,2011-06-30,-4763000.0,40000.0,-4619000.0,-4.9166682537708954,40000.0,1.0,40987000.0,28415000.0,39008000.0,3777000.0,12572000.0,0.0,-76530000.0,88930791.0,78903791.0,29.331764292976995,10.32777336510458,0.2130675580061971,0.3073376737638571,,29.331764292976995,-0.16762273447123,2223.269775,-4.667792935124922,3.129712862924512,0.0,0.0,0.0,0.0009759191938907458,10.008472332539052,-0.11620757801254056,-23.062964470954356,1.0,0.17578425069242912,0.9545697974239128,0.0,0.0,0.0,-0.4865792759051186,-0.30664780763790667,0.9545697974239128,0.0,0.0,Drug Manufacturers—Specialty & Generic,Healthcare,ACRX
2011Q1,2011,Q1,2011-05-16,2011-03-31,-3204000.0,0.0,-3535000.0,-5.965268508762931,0.0,0.0,37958000.0,31958000.0,36996000.0,5802000.0,6000000.0,0.0,-71767000.0,36844603.182,7632603.181999996,59.50002699638249,6.3764219234746635,0.10522156067232204,0.12497653169785343,,59.50002699638249,-0.1002565867701358,0.0,-2.874891009831461,1.1529070399274046,0.0,0.0,0.0,0.0,6.24577731816615,-0.08440908372411612,-26.1866404989339,0.0,0.09054782855520868,0.949033488310307,0.0,0.0,0.0,0.09054782855520863,-0.2429676511954993,0.949033488310307,0.0,0.0,Drug Manufacturers—Specialty & Generic,Healthcare,ACRX
2010Q4,2010,Q4,2010-12-31,2010-12-31,-3523000.0,0.0,-2844000.0,-6.5591888128501274,0.0,0.0,6830000.0,-65892000.0,5779000.0,13411000.0,72722000.0,0.0,-68563000.0,48876919.0,57830919.0,-122.6790092886174,0.43091492058757735,1.7582723279648609,-0.18225277727189948,,-122.6790092886174,0.053466278152127726,0.0,-3.4684160516605167,-0.7417731894615431,0.0,0.0,0.0,0.0,0.27455074192826784,-0.5158125915080527,-15.355613886270813,0.0,0.9390744983919653,0.9442016427993084,0.0,0.9271944966953425,0.0,0.021660649819494584,-0.09174664107485604,0.9442016427993084,0.0,0.9271944966953425,Drug Manufacturers—Specialty & Generic,Healthcare,ACRX
2010Q3,2010,Q3,2010-09-30,2010-09-30,-3601000.0,0.0,-2605000.0,-107.65916799583833,0.0,0.0,9786000.0,2253000.0,8605000.0,5896000.0,7533000.0,0.0,-65040000.0,3043768.0,1867768.0,67.35828749103085,1.4594640434192674,0.6521561414265277,2.8326675543719486,,67.35828749103085,-1.5983133599644919,0.0,-0.21131407942238264,1.3509844651575678,0.0,0.0,0.0,0.0,1.3707598371777476,-0.3679746576742285,-1.2682366666666667,0.0,0.005230200858131512,0.0,0.0,0.0,0.0,-0.018094430308170765,0.21275309761257177,0.0,0.0,0.0,Drug Manufacturers—Specialty & Generic,Healthcare,ACRX
2010Q2,2010,Q2,2010-06-30,2010-06-30,-3537000.0,0.0,-3309000.0,-108.22520756933895,0.0,0.0,,,,,,,,2974062.0,,,0.0,0.0,0.0,0.0,,0.0,0.0,-0.21021077184054285,0.0,0.0,0.0,0.0,0.0,0.0,0.0,-0.9612352941176471,0.0,0.07532864829720705,0.0,0.0,0.0,0.0,0.039119804400977995,0.036120011651616664,0.0,0.0,0.0,Drug Manufacturers—Specialty & Generic,Healthcare,ACRX
2010Q1,2010,Q1,2010-03-31,2010-03-31,-3681000.0,0.0,-3433000.0,-117.0418088221734,0.0,0.0,,,,,,,,2861950.0,,,0.0,0.0,0.0,0.0,,0.0,0.0,-0.19437313230100514,0.0,0.0,0.0,0.0,0.0,0.0,0.0,-0.8057291666666667,0.0,0.004327833378414984,0.0,0.0,0.0,0.0,0.004327833378414931,-0.027536665668961388,0.0,0.0,0.0,Drug Manufacturers—Specialty & Generic,Healthcare,ACRX
2009Q4,2009,Q4,2009-12-31,2009-12-31,-3697000.0,0.0,-3341000.0,-117.55054800749119,0.0,0.0,14491000.0,-52994000.0,12943000.0,6012000.0,67485000.0,0.0,-54219000.0,2861950.0,5445950.0,-1685.0238473767886,2.1528609447771125,0.6717272790007591,-0.18368117145337207,0.07723069810448452,-1685.0238473767886,0.06976261463561913,0.0,-0.19353191777116582,-0.05400517039664868,0.0,0.0,0.0,0.0,2.086826347305389,-0.2551238699882686,-0.685004786979416,0.0,0.0,0.0,0.0,0.0,0.0,0.0,0.0,0.0,0.0,0.0,Drug Manufacturers—Specialty & Generic,Healthcare,ACRX
