Quarters,Year,Quarter,FillingDate,Date,NetIncome,Revenue,OperatingIncome,EPSDiluted,GrossProfit,GrossProfitRatio,TotalAssets,CommonStockEquity,CurrentAssets,CurrentLiability,TotalLiability,Inventory,RetainedEarnings,MarketCap,EnterpriseValue,bookValuePerShare,currentRatio,debtToAssets,debtToEquity,roic,shareholdersEquityPerShare,roe,priceToSalesRatio,peRatio,pbRatio,payoutRatio,inventoryTurnover,dividendYield,assetTurnover,quickRatio,returnOnAssets,priceToFreeCashFlowsRatio,grossProfitMargin,epsdilutedGrowth,fiveYNetIncomeGrowthPerShare,fiveYRevenueGrowthPerShare,fiveYShareholdersEquityGrowthPerShare,grossProfitGrowth,netIncomeGrowth,operatingIncomeGrowth,threeYNetIncomeGrowthPerShare,threeYRevenueGrowthPerShare,threeYShareholdersEquityGrowthPerShare,Industry,Sector,Symbol
2023Q1,2023,Q1,2023-05-15,2023-03-31,-407694.0,4682573.0,-446162.0,-0.0505,853276.0,0.1822237475,17435960.0,14700801.0,16922121.0,2386980.0,2735159.0,441133.0,-34710179.0,7022405.97,-8457247.030000001,1.8212699357795745,7.089343438151975,0.026865397718278776,0.03186384197704601,-0.02696106500123715,1.8212699357795745,-0.02773277456105963,1.499689587327309,-4.30617446540788,0.4776886626789928,0.0,8.680595194646513,0.0,0.268558370172907,6.707157579870799,-0.023382366098568703,-2.6113005175817525,0.18222374749950507,0.798,0.9624304316717585,-0.6044440948096622,1.9645120989882967,4.6507595925881775,0.7667093924169422,0.6520681948272125,0.9170761159339578,-0.5062387237903238,5.411044359861904,Farm & Heavy Construction Machinery,Industrials,CEAD
2022Q4,2022,Q4,2023-03-28,2022-12-31,-1747580.0,1460798.0,-1282326.0,-0.25,151002.0,0.1033695282,21026059.0,14895175.0,20478095.0,5754033.0,6130884.0,348411.0,-34278741.0,5960013.841,-12182014.159,2.099565009634346,3.5589116364122346,0.023546305087415575,0.03323801163799687,-0.11094029417472394,2.099565009634346,-0.11732524122744446,4.07997124927608,-0.8526095859703131,0.40013050138719414,-0.061772279380629215,3.7593416970187508,0.01811270961442722,0.06947559692474943,3.2394258079507017,-0.08311495749155845,-2.481127795269133,0.1033695281620046,-0.923076923076923,0.7801746739829524,-0.8912840665837571,0.8121261367973466,-0.7471462229002112,-0.6944997939543791,-0.21073179666765174,0.5326448432889197,-0.9159571384208917,9.960883785772984,Farm & Heavy Construction Machinery,Industrials,CEAD
2022Q3,2022,Q3,2022-11-14,2022-09-30,-1031325.0,5063079.0,-1059133.0,-0.13,597191.0,0.1179501643,23459214.0,16139776.0,22877453.0,6914173.0,7319438.0,614623.0,-33007144.0,8351672.7,-12210668.3,2.029146185290523,3.3087764798479875,0.02221762417104,0.032293384988738384,-0.06100689470438035,2.029146185290523,-0.06389958571915744,1.6495244692014484,-2.0245006908588468,0.5174590217361134,-0.03489103822752285,7.266060658322256,0.004308597965051959,0.21582475013868752,3.0604805520486686,-0.04396247035386608,17.68818835100739,0.11795016431700947,0.40909090909090906,0.8918834178265665,-0.49897016776803493,16.668058138105632,0.9500814723141076,0.4106667139051398,0.07103538042420021,-1.887407257927782,-0.8249032131865285,8.29442317246744,Farm & Heavy Construction Machinery,Industrials,CEAD
2022Q2,2022,Q2,2022-08-11,2022-06-30,-1749986.0,3014885.0,-1140122.0,-0.22,306239.0,0.101575682,24736234.0,17126482.0,24120154.0,7177256.0,7609752.0,401757.0,-31965094.0,9829525.86,-10235367.14,2.1953619764931367,3.3606372686163066,0.02209289417297718,0.03190935534805105,-0.062200355842127374,2.1953619764931367,-0.10218012082107697,3.2603319396925587,-1.4042292138337107,0.573937242920058,-0.020562450213887425,6.742000761654433,0.0036608072975759997,0.12188132599327771,2.9023353771970792,-0.07074585403744159,-6.833301025948331,0.10157568199118706,0.18518518518518523,0.7445898321795226,-0.728877274386663,180.99184420503988,2.3835572546073274,-0.4173576678043415,0.2923779886072634,-3.4384336942990683,-0.8606982497313659,1031.2357211431363,Farm & Heavy Construction Machinery,Industrials,CEAD
2022Q1,2022,Q1,2022-05-12,2022-03-31,-1234682.0,1744427.0,-1611202.0,-0.27,90508.0,0.0518840857,26320889.0,18754188.0,25055565.0,7107219.0,7566701.0,1005918.0,-30204508.0,11602291.77,-9859818.23,4.057216695904554,3.5253683613801687,0.02171484405408951,0.030476072864365017,-0.07026254072227539,4.057216695904554,-0.0658350017606734,6.6510617927835325,-2.3492469660204005,0.6186507125768388,-0.029144346479498366,1.64418869132474,0.0031014562220408634,0.0662753830237269,3.1341974969393793,-0.04690882591389675,64.85024101638263,0.05188408571983809,-0.08000000000000007,0.7006744327328641,-0.734318985033748,4.713137744802728,-0.8360044428901979,-2.0755101430791916,-3.0046976596210055,0.5512158343688416,-0.6777470916287532,18.526307504079444,Farm & Heavy Construction Machinery,Industrials,CEAD
2021Q4,2021,Q4,2022-03-29,2021-12-31,-401456.0,3056088.0,-402328.0,-0.25,551893.0,0.180588059,5281962.0,389467.0,3991098.0,4406269.0,4892495.0,378326.0,-28781566.0,7597771.199999999,6024528.199999999,0.24605131568057748,0.905777200620298,0.11101272595296975,1.505557595380353,-0.25726046522769075,0.24605131568057748,-1.0307830958720507,2.4861100858352243,-4.7313847594755085,19.508125720536015,0.0,6.619145921771171,0.0,0.5785895468388451,0.5308463918113034,-0.07600509053264677,-5.067643674825965,0.18058805898259475,0.03846153846153849,0.7645049816925852,0.024817487617743748,1.1249096420048352,-0.2613574919831043,0.01581005381154926,0.09087252538171432,0.5465296265427476,0.2829049915431087,0.8465269014361682,Farm & Heavy Construction Machinery,Industrials,CEAD
2021Q3,2021,Q3,2021-11-10,2021-09-30,-407905.0,3706436.0,-442543.0,-0.26,747172.0,0.20158772470373157,4908956.0,-763366.0,3953597.0,5117776.0,5672322.0,480354.0,-28379674.0,14252310.0,12724039.0,-0.48204775225910745,0.7725224785141046,0.1539243782180977,-0.9898371161408813,-1.9209096196751483,-0.48204775225910745,0.5343504950443169,3.8452869549076256,-8.73506698863706,-18.670349478493936,0.0,6.16058989828335,0.0,0.7550354902345835,0.4525645514770478,-0.08309404280665787,-23.00770996580882,0.20158772470373157,-2.5294117647058822,0.6268259030055934,0.9361829915798465,0.862654518257126,-0.4173297856080055,-2.53785976579878,-4.815749538705616,0.40552014465097763,0.04564163652241197,-1.6833246222553468,Farm & Heavy Construction Machinery,Industrials,CEAD
2021Q2,2021,Q2,2021-08-10,2021-06-30,265242.0,4509505.0,115978.0,0.17,1282324.0,0.2843602568352846,5325017.0,-1644642.0,4309242.0,6372528.0,6969659.0,444352.0,-27971769.0,15316269.975000001,14494046.975000001,-1.0388894538926408,0.676221744337569,0.1542229818233444,-0.49934271409826575,-0.22375148070549106,-1.0388894538926408,-0.16127643584439652,3.3964415107644856,14.436128116022351,-9.31282915978067,0.0,7.262667884920063,0.0,0.8468526954937421,0.29468885817371065,0.049810545205771176,-9.401300650946958,0.2843602568352846,1.34,1.2278158079402055,0.44098038551047625,0.6359776155285058,2.721130798651213,1.3343240463441934,1.1691504411871947,1.1733815974396344,1.0568475860662419,-2.3478337888833174,Farm & Heavy Construction Machinery,Industrials,CEAD
2021Q1,2021,Q1,2021-05-11,2021-03-31,-793368.0,2366529.0,-685650.0,-0.5,344606.0,0.14561663939043215,6964539.0,-1925290.0,5881607.0,8230942.0,8889829.0,519159.0,-28237011.0,15895383.84,13509726.84,-1.2209156693129595,0.7145727670052833,0.12713992986470463,-0.45991564907104904,1.0244805503342467,-1.2209156693129595,0.4120771416254175,6.7167500757438425,-5.008830656139396,-8.256098478670745,0.0,3.8946122478855227,0.0,0.33979693415457934,0.4006661691942429,-0.11391536467812155,33.67330761555523,0.14561663939043215,-13.31527093596059,0.4144397034263897,-0.4783553769080783,0.6004778659994032,0.16536301135921705,-13.483564898588579,-0.29855495161076495,0.6257750344485743,0.023272585485098734,-2.987305232693807,Farm & Heavy Construction Machinery,Industrials,CEAD
2020Q4,2020,Q4,2021-03-24,2020-12-31,63553.0,3387254.0,-528010.0,0.0406,295707.0,0.08729991904947193,4813266.0,-1333698.0,3683293.0,5903689.0,6146964.0,327109.0,-27443643.0,8189919.0225,6340262.0225,-0.8512790267945534,0.6238968550003227,0.0904217635177445,-0.32632874908712467,1.13979492714517,-0.8512790267945534,-0.04765171725533067,2.4178638574196087,32.21688599476028,-6.140759769078158,0.0,9.451121797321383,0.0,0.7037329746579557,0.3926970069053434,0.013203716561685975,38.5282850392108,0.08729991904947193,1.2388235294117647,1.0207241458153715,0.02789607048785529,0.7608714541507894,-0.4377242537235388,1.2349993898808973,-0.8679775280898876,1.036199905231265,0.1415147171665225,-1.7347355128720106,Farm & Heavy Construction Machinery,Industrials,CEAD
2020Q3,2020,Q3,2020-11-12,2020-09-30,-270439.0,1634669.0,-282664.0,-0.17,525911.0,0.32172323571316275,4656238.0,-1421677.0,3448717.0,5241936.0,6077915.0,521650.0,-27507196.0,5440384.350000001,4416047.350000001,-0.9015513122707958,0.6579090244520345,0.2250690364195301,-0.7371400114090613,-2.398934048494004,-0.9015513122707958,0.19022534654496062,3.3281259692329153,-5.02921578433584,-3.826737261698684,0.0,2.12548260327806,0.0,0.35107075712195124,0.41388696847882156,-0.05808100874568697,2.961762401776061,0.32172323571316275,0.5641025641025641,0.8972594954254552,-0.7717951195652194,0.18792392611060718,0.9136213954334577,0.5591988486056622,0.5332589182512896,0.8569987731157818,-0.18407096532246955,-8.849932703298684,Farm & Heavy Construction Machinery,Industrials,CEAD
2020Q2,2020,Q2,2020-08-11,2020-06-30,-613517.0,1682424.0,-605612.0,-0.39,274825.0,0.16335061791795646,2606989.0,-1175664.0,1320039.0,2918683.0,3782653.0,804600.0,-27236757.0,7096153.5,7931452.5,-0.7455430607581981,0.45227213781010134,0.410717881816916,-0.9107508607901578,-1.474358693455837,-0.7455430607581981,0.5218472284598321,4.217815188085762,-2.891587967407586,-6.035868666557792,0.0,1.749439473030077,0.0,0.6453513996415021,0.10921329928601359,-0.23533547705801597,-13.83664975470506,0.16335061791795646,0.360655737704918,0.6740904456396815,-0.47982665061158764,0.728088122339364,-0.39800536225915834,0.34614888635242186,0.36004683316109043,0.5570224200999545,-0.2515166176296046,-60.12507726607138,Farm & Heavy Construction Machinery,Industrials,CEAD
2020Q1,2020,Q1,2020-06-25,2020-03-31,-938313.0,1809925.0,-946338.0,-0.61,456524.0,0.252233656090722,3256236.0,-636052.0,1840705.0,3545482.0,3892288.0,1314179.0,-26623240.0,7394366.399999999,7769279.399999999,-0.4128886012464841,0.5191691848950298,0.17480397612458065,-0.8949001025073422,-1.8838070364722885,-0.4128886012464841,1.475214290655481,4.085454590659833,-1.9701225497248784,-11.625411758787017,0.0,1.0298452493914452,0.0,0.5558334838138268,0.09362873651593775,-0.2881587821030171,-10.158673530369411,0.252233656090722,-0.150943396226415,0.668326272706976,0.04200549220789189,0.8172151830824242,-0.5570484775979221,-0.17287805512187987,-0.17971073751710967,0.31743068145084186,-0.1728607445897766,-1.5814058328610365,Farm & Heavy Construction Machinery,Industrials,CEAD
2019Q4,2019,Q4,2020-03-24,2019-12-31,-800009.0,3718726.0,-802178.0,-0.53,1030641.0,0.2771489483226245,4047318.0,-355631.0,2561268.0,3998740.0,4402949.0,1231243.0,-25684927.0,15937141.5,15637016.5,-0.23430334103515363,0.6405187634104743,0.15369486657584108,-1.7491501022126867,-0.902872681555883,-0.23430334103515363,2.249547986536607,4.2856455409729035,-4.980300690367233,-44.81370156144993,0.0,2.183228655919262,0.0,0.9188124086123206,0.26521704336866114,-0.19766398390242626,-14.780041602985474,0.2771489483226245,-4.785714285714286,0.8458987593917717,1.5987570510419737,0.8220279594613897,-0.34783879742866597,-4.603270832301158,-3.892378363176151,0.5106016641380716,0.3004650841278798,0.8810542980910868,Farm & Heavy Construction Machinery,Industrials,CEAD
2019Q3,2019,Q3,2019-11-12,2019-09-30,222023.0,5524105.0,277342.0,0.14,1580347.0,0.28608199880342605,5303154.0,331742.0,3739636.0,4510511.0,4971412.0,936171.0,-24884918.0,18690231.3,17364012.3,0.21831867859227616,0.8290936437135393,0.12714056578405983,2.032440872726396,0.16506153309598545,0.21831867859227616,0.6692640666542072,3.3833953735491997,21.045377393333123,56.33965943413858,0.0,4.212647048455891,0.0,1.0416640738700027,0.46715017433723144,0.04186621772628138,249.91951995721067,0.28608199880342605,0.5555555555555558,-0.9339978187163167,1.8262457009368005,1.2221875902616226,0.09155666007271762,0.5902517637789636,1.0345072953880237,1.211681846112232,2.0073571416816596,1.062203555444869,Farm & Heavy Construction Machinery,Industrials,CEAD
2019Q2,2019,Q2,2019-08-07,2019-06-30,139615.0,4210393.0,136319.0,0.09,1447792.0,0.3438614875143484,5531171.0,-3234.0,3835769.0,5018715.0,5534405.0,610835.0,-25106941.0,8195288.4,6994236.4,-0.002130931719254688,0.7642930511096964,0.1310080632112079,-224.0655534941249,0.09427173307183431,-0.002130931719254688,-43.17099567099567,1.94644262423959,14.674799269419477,-2534.1027829313543,0.0,4.522663239663739,0.0,0.761211866348012,0.4616305169749627,0.025241490454733725,5.6119812095978965,0.3438614875143484,1.15,1.0287284610783574,4.303743181558759,0.9993489913168476,1.9542374299339078,1.155094174040069,1.1478398649996964,1.1250849906535854,0.4034061943677078,0.9992533307151377,Farm & Heavy Construction Machinery,Industrials,CEAD
2019Q1,2019,Q1,2019-05-13,2019-03-31,-900195.0,1771230.0,-922072.0,-0.6,490073.0,0.2766851284135883,3440067.0,-350128.0,1593244.0,3220993.0,3790195.0,740291.0,-25246556.0,13612302.0,13920748.0,-0.23149295394709873,0.4946437325383818,0.22493922356744797,-2.210066032993648,-0.7700077829849918,-0.23149295394709873,2.5710454462368046,7.685225521247946,-3.780375918550981,-38.87807316181511,0.0,1.7306126914956417,0.0,0.514882413627409,0.22707438358295098,-0.2616794963586465,64.21715029744354,0.2766851284135883,-0.07142857142857129,-6.355861464368909,155174.5894089038,0.9430049152432239,0.09418893604860154,-0.1035939948068761,-0.07872182614982534,0.307284412485996,-0.5929391968700061,0.9242482005173286,Farm & Heavy Construction Machinery,Industrials,CEAD
2018Q4,2018,Q4,2019-03-19,2018-12-31,-815694.0,2194874.0,-854782.0,-0.56,447887.0,0.20406046087383603,2753221.0,194336.0,1527808.0,2450927.0,2558885.0,935886.0,-24346361.0,16188484.2,15935097.2,0.13325086977568906,0.6233592432577552,0.0,0.0,-4.398474806520666,0.13325086977568906,-4.197338630001647,7.375587026863501,-4.961567757026532,83.30152004775235,0.0,1.8666664529654253,0.0,0.7972022587362221,0.18940915008892553,-0.2962689882141681,-13.913668902745606,0.20406046087383603,-0.302325581395349,-20.255897420506084,249271.2366780671,1.0334740797340278,-0.5915496939497625,-0.2674676254968441,-0.32861128597297024,0.7142605461679014,-0.2844938108639435,1.0374308372691685,Farm & Heavy Construction Machinery,Industrials,CEAD
2018Q3,2018,Q3,2018-11-14,2018-09-30,-643562.0,3324621.0,-643365.0,-0.43,1096552.0,0.32982767058260176,3829305.0,1047790.0,2592804.0,2669133.0,2781515.0,501198.0,-23531018.0,33641818.5,32224936.5,0.7054447279655824,0.9714030735823206,0.0,0.0,-0.614020939310358,0.7054447279655824,-0.6142089540843108,10.11899356347686,-13.06860042233693,32.107405586997395,0.0,4.445486614072681,0.0,0.8682048047883363,0.6527164438789674,-0.1680623507398862,-158.68932018226587,0.32982767058260176,0.5567010309278351,-18.95060351555232,148298.06112563875,1.177786894781512,1.0949553422171276,0.5406229366606112,0.5460491639836671,0.7404255179843792,-0.5072388323757603,1.6354322568610367,Farm & Heavy Construction Machinery,Industrials,CEAD
2018Q2,2018,Q2,2018-08-14,2018-06-30,-1400945.0,2007745.0,-1417257.0,-0.97,523425.0,0.2607029279116621,3899260.0,1117421.0,2603205.0,2666171.0,2781839.0,454296.0,-22887457.0,36967834.5,35338954.5,0.7707845451428863,0.9763833602570878,0.0,0.0,-1.2683285887771931,0.7707845451428863,-1.2537306887914224,18.412614400733162,-6.596946079253646,33.083175007450194,0.0,3.2672970926444433,0.0,0.5149041100106174,0.7068155043318677,-0.3592848386616948,-647.2413071643673,0.2607029279116621,0.2761194029850747,-8.256613045270468,70580.17512560922,1.1961229363729433,0.3701722973503589,0.25621859643310696,0.25606821724957873,0.1904974267887582,-0.32477602768152725,1.2811178642430907,Farm & Heavy Construction Machinery,Industrials,CEAD
2018Q1,2018,Q1,2018-05-15,2018-03-31,-1883544.0,2054728.0,-1905090.0,-1.34,382014.0,0.1859194988339089,3159883.0,860727.0,1850280.0,2180775.0,2299156.0,562540.0,-21081543.0,36776775.0,35895779.0,0.6143573967537936,0.8484506654744299,0.0,0.0,-2.213349877487287,0.6143573967537936,-2.188317550163989,17.898609937665714,-4.881326770173673,42.7275721570254,0.0,2.9735023287232907,0.0,0.6502544556238317,0.5015836113308342,-0.5960802979097644,-21.650577428794968,0.1859194988339089,-0.1964285714285714,-8.664041496179708,44165.68849137187,1.1607197978736437,-0.4363255676008269,-0.3787625026352159,-0.560233213134168,0.2679268106169871,0.30070605671399847,1.2719745809125964,Farm & Heavy Construction Machinery,Industrials,CEAD
2017Q4,2017,Q4,2018-04-02,2017-12-31,-1366112.0,2309000.0,-1221029.0,-1.12,677721.0,0.293512776093547,4828823.0,1412486.0,3707418.0,3398941.0,3416337.0,522622.0,-19254911.0,43887996.0,41419797.0,1.1586196827032158,1.0907567974848638,0.0,0.0,-0.8644538777729478,1.1586196827032158,-0.967168524148204,19.007360762234732,-8.03155158581434,31.071455575488887,0.0,3.1213362621550567,0.0,0.47817035331384067,0.8506584845103224,-0.28290786388318645,-68.9154792898665,0.293512776093547,0.06666666666666654,-1.480037522951276,8.914422164822149,1.3149542309854365,0.7323757889005621,0.07600113089271535,0.010807141138508825,0.672376196324871,1.0089693594611668,1.8800638873858442,Farm & Heavy Construction Machinery,Industrials,CEAD
2017Q3,2017,Q3,2017-11-14,2017-09-30,-1478478.0,1566256.0,-1234369.0,-1.2,391209.0,0.24977334484273325,3121204.0,141586.0,2312261.0,2979618.0,2979618.0,554170.0,-17888799.0,19046899.05,17746193.05,0.1148482855008359,0.7760259872238656,0.0,0.0,-8.718157162431314,0.1148482855008359,-10.44226124051813,12.160782815835981,-3.2206936880359396,134.52529946463633,0.0,2.1203728097876104,0.0,0.5018114804415219,0.5287483160593069,-0.47368835872310816,1447.0028906784169,0.24977334484273325,-0.3636363636363636,-8.349632205861107,6.581133187026465,1.035606137696741,-0.05275812473668153,-0.3775324239713775,-0.03152566678143207,-1.5417375719133481,-0.012301246065704277,1.1168835574017275,Farm & Heavy Construction Machinery,Industrials,CEAD
2017Q2,2017,Q2,2017-08-14,2017-06-30,-1073280.0,1741893.0,-1196644.0,-0.88,412998.0,0.23709722698236918,3021163.0,-14905.0,2257932.0,3036068.0,3036068.0,583593.0,-16410321.0,21629771.7,20777534.7,-0.012197008071056063,0.7437027102159767,0.16577556391363193,-33.60181147266018,-2.4625851460086845,-0.012197008071056063,72.0080509896008,12.41739400755385,-5.0382406501565296,-1451.1755585374035,0.0,2.2770920830099057,0.0,0.5765637272798588,0.50192354057946,-0.3552539204273321,-32.62925757472903,0.23709722698236918,0.011235955056179785,-1.5004891237897668,0.0,0.996059246793094,-0.03580833738000075,-0.0723909878710549,-1.0295242004145058,0.7257256902627914,1.7250416079843576,0.996273762274507,Farm & Heavy Construction Machinery,Industrials,CEAD
2017Q1,2017,Q1,2017-05-15,2017-03-31,-1000829.0,1593092.0,-589618.0,-0.89,428336.0,0.2688708498944192,3765297.0,796475.0,3011563.0,2968822.0,2968822.0,774044.0,-15337041.0,30618315.0,29124729.0,0.7101555882484062,1.0143966192651497,0.12630052821862392,0.5970796321290687,-0.4635237737356077,0.7101555882484062,-1.2565730248909257,19.219426749993094,-7.648238360399229,38.44228004645469,0.0,1.5047671708585042,0.0,0.42309862940426746,0.7115037546878863,-0.2658034678273719,-22.804917106044233,0.2688708498944192,0.17592592592592596,-2.9332821636869624,18.675250534771433,1.2584815247278847,-0.11417734817370012,0.13287627556545953,-0.6295847946912976,-10.02877438745154,188216.38166573044,1.1748449672121146,Farm & Heavy Construction Machinery,Industrials,CEAD
2016Q4,2016,Q4,2017-03-31,2016-12-31,-1154194.0,2019026.0,-361821.0,-1.08,483546.0,0.23949468704216786,2117821.0,-2111044.0,1356811.0,4216880.0,4228865.0,747905.0,-14336212.0,32150580.0,32604459.0,-1.969834447776681,0.32175708106467343,0.3651984752252433,-0.3663708572630414,0.27049630724443957,-1.969834447776681,0.54674085428821,15.923806825667425,-6.963859628450677,-15.229706249609197,0.0,2.053041495911914,0.0,0.9533506372823766,0.1242458879550758,-0.5449912905764934,510.72389636383855,0.23949468704216786,-0.565217391304348,-1.3835619856266734,8.872503884609273,0.4645286085416471,0.15920467185761958,-0.7265275105982594,-0.52745072378725,-39.93046133512392,312047.34085217124,0.5051559852576547,Farm & Heavy Construction Machinery,Industrials,CEAD
2016Q3,2016,Q3,2016-11-14,2016-09-30,-668506.0,1170760.0,-236879.0,-0.69,417136.0,0.35629505620280844,2350500.0,-3399196.0,1584039.0,5733707.0,5749696.0,916486.0,-13182018.0,17433036.0,19470275.0,-3.509745978841551,0.27626786649544527,0.9668981067857902,-0.6685975154124681,0.21027836612806725,-3.509745978841551,0.1966659174698958,14.890358399672008,-6.519401471340571,-5.128576286863129,0.0,0.8222973400575677,0.0,0.4980897681344395,0.0855982002568321,-0.28441012550521166,-394.78771683500156,0.35629505620280844,0.06756756756756763,-9.514802058927206,2866.0714852662345,-51.23449185308995,0.32612731758183067,0.05001278954099758,0.20828417397233262,-30.782034143246037,80088.3684349645,0.1154702639147358,Farm & Heavy Construction Machinery,Industrials,CEAD
2016Q2,2016,Q2,2016-08-15,2016-06-30,-703700.0,1891472.0,-299197.0,-0.74,314552.0,0.16630010912136156,3112012.0,-2730690.0,2345576.0,5810927.0,5842702.0,833069.0,-12513512.0,13498366.365,15177206.365,-2.8539164024238572,0.403649194009837,0.6367886756220734,-0.7257118164273498,0.39946408258522076,-2.8539164024238572,0.25770043468866843,7.13643467362985,-4.79549750071053,-4.943207161926106,0.0,1.8929044292849693,0.0,0.6077971421704029,0.2345482915204407,-0.22612380672053964,-18.70095270718661,0.16630010912136156,0.13953488372093023,-27.50762251717463,0.0,-48.563080802799064,-0.7110649789649661,0.056972932697590774,-1.8197649727792558,-6.0448419325264595,100746.18652565072,0.273832786952787,Farm & Heavy Construction Machinery,Industrials,CEAD
2016Q1,2016,Q1,2016-05-16,2016-03-31,-746214.0,2498604.0,364979.0,-0.86,1088660.0,0.4357072989557369,3529300.0,-2654090.0,2751234.0,6183390.0,6183390.0,1073573.0,-11809813.0,11138538.149999999,11873870.149999999,-3.0559399978353534,0.44493942643113243,0.531594083812654,-0.7068920044158261,-0.4691638761593192,-3.0559399978353534,0.28115625317905574,4.457904553902899,-3.7316835887560402,-4.196744703457682,0.0,1.313319168794297,0.0,0.7079602187402602,0.2583359613415942,-0.21143399540985464,14.59790615748149,0.4357072989557369,0.5612244897959184,-2.787097020272256,38.84966383653717,-0.1122971404980465,4.91717040875072,0.5233525406774757,1.363844532746895,-5.176179664429774,86637.60322570043,0.2005466828245721,Farm & Heavy Construction Machinery,Industrials,CEAD
2015Q4,2015,Q4,2016-04-12,2015-12-31,-1565547.0,1682307.0,-1003118.0,-1.96,-277920.0,-0.16520171407477946,3102734.0,-2847297.0,2292740.0,5312971.0,5950031.0,1261802.0,-11063599.0,8398110.0,9853251.0,-3.559922232502313,0.43153632873207853,0.5755240378324407,-0.6271555092426255,0.9449123444916583,-3.559922232502313,0.5498362130820915,4.9920198869766335,-1.341082382068376,-2.949502633550346,0.0,1.5535139427580555,0.0,0.5422014906853118,0.15753313917956638,-0.5045701629595061,-19.617672960529237,-0.16520171407477946,-0.44117647058823517,0.1663285131807694,69.64510502130793,-0.49026478434173504,-1.4090541799561687,-0.1723238047598437,-0.8562303157255841,-3.3320059654390106,9.789244008614151,0.03228592967643715,Farm & Heavy Construction Machinery,Industrials,CEAD
2015Q3,2015,Q3,2015-11-16,2015-09-30,-1335422.0,3634091.0,-540406.0,-1.36,679421.0,0.18695761883783318,4355180.0,-888168.0,3563868.0,3605537.0,5243348.0,879159.0,-9498052.0,14628383.985,15275534.985,-1.110180857752484,0.9884430530043098,0.37345413966816526,-1.8312526458958216,-0.731967839283102,-1.110180857752484,1.5035691445762513,4.025321321067634,-2.7385320866737257,-16.470289387818518,0.0,3.3607913926832347,0.0,0.8344295758154657,0.6016507388497192,-0.30662842867573786,-195.8389202233051,0.18695761883783318,-0.142857142857143,-418.21575698140686,0.0,-48.05170835006502,0.9346747119007007,-0.3674056173907701,0.21767932446693777,-12.013454449060571,26.105759838559255,0.6558132991098667,Farm & Heavy Construction Machinery,Industrials,CEAD
2015Q2,2015,Q2,2015-08-14,2015-06-30,-976610.0,1677950.0,-690773.0,-1.19,351181.0,0.20929169522333801,2897968.0,-2243090.0,2098048.0,3300631.0,5141058.0,569466.0,-8162630.0,6135690.0,7491103.0,-2.741855439241552,0.635650577116921,0.5179197975961087,-0.6691283006923485,0.9307414019604541,-2.741855439241552,0.4353860076947425,3.6566584224798118,-1.5706602430857763,-2.73537397072788,0.0,2.329847611622116,0.0,0.5790091540003203,0.36330780387144157,-0.33699820011815174,-26.63406693579893,0.20929169522333801,0.35326086956521746,-180.87464680715453,0.0,0.0,0.8664055399954294,0.3114915438970759,0.21462549997385014,-2.398674895545316,0.0,0.11412900999022081,Farm & Heavy Construction Machinery,Industrials,CEAD
2015Q1,2015,Q1,2015-05-19,2015-03-31,-1418443.0,870895.0,-879546.0,-1.84,188159.0,0.21605245178810303,2649746.0,-1744728.0,1846578.0,2820337.0,4394474.0,508641.0,-7186020.0,17957997.75,18873323.75,-2.2588779976876876,0.6547366502655534,0.48328028422346897,-0.7339654089348024,1.894928020200018,-2.2588779976876876,0.8129880416890197,20.620164026662227,-3.165089776254668,-10.29272055586888,0.0,1.3422748067890713,0.0,0.32867112545881755,0.43389992047049697,-0.5353128186626189,-17.699862948755353,0.21605245178810303,0.4619883040935672,-70.89659601851405,0.0,-27.326843765459476,1.7786040006289776,0.38221042971746044,0.6311421372591122,-7.0945142928293565,14.61812504736161,0.17781646912514495,Farm & Heavy Construction Machinery,Industrials,CEAD
2014Q4,2014,Q4,2015-04-16,2014-12-31,-2295997.0,632865.0,-2384512.0,-3.42,-241662.0,-0.38185394989452726,2321292.0,-883752.0,1505913.0,2285300.0,3205044.0,264031.0,-5767577.0,31919363.999999996,31956752.999999996,-1.3165176975330712,0.6589563733426683,0.3133392955302478,-0.8230272746200291,15.321312268193552,-1.3165176975330712,2.5980105278403895,50.43629210021094,-3.4755450464438757,-36.11801048257882,0.0,3.312213338585242,0.0,0.2726348085462751,0.5184409049140156,-0.989103051231814,-32.903270497692496,-0.38185394989452726,-2.7448979591836733,-126.8364054654832,0.0,-12.225993490952703,-1.5016836135203924,-2.552186246367974,-4.192322934948763,-6.569772083503661,4.939543491566693,0.6421234463773063,Farm & Heavy Construction Machinery,Industrials,CEAD
2014Q3,2014,Q3,2014-11-19,2014-09-30,1479202.0,859488.0,-459238.0,1.96,481702.0,0.5604522692579769,1365492.0,-656551.0,557885.0,633355.0,2022043.0,97638.0,-3482830.0,98223342.0,98599118.0,-0.9825871838081013,0.8808409186001531,0.38553283358672186,-0.8018295608414274,3.5296405321691813,-0.9825871838081013,-2.2529887244098328,114.2812255668491,16.60073167829681,-149.60504515262335,0.0,3.8692517257625103,0.0,0.6294346653074496,0.726680929336628,1.0832740140550072,-159.539462827368,0.5604522692579769,1.6125,556.9689939129979,0.0,-42.414169531116535,6.532007380304594,1.6972214405672787,-0.5225310647552615,34.723017452586156,3049.7991233986713,-15.063629726345797,Farm & Heavy Construction Machinery,Industrials,CEAD
2014Q2,2014,Q2,2014-08-14,2014-06-30,-2121567.0,346559.0,-301628.0,-3.2,63954.0,0.18454000617499475,505976.0,-2168654.0,369654.0,62469.0,2674630.0,2507.0,-4950782.0,338885629.5,338786298.5,-3.2732769537517377,5.9173990299188395,0.22676174364001456,-0.052906549408066016,0.14685493773363884,-3.2732769537517377,0.9782874538769208,977.8584007340742,-39.93341118852244,-156.26542062495906,0.0,112.72676505783805,0.0,0.684931696365045,5.877267124493749,-4.193019036476039,-700.4185938123278,0.18454000617499475,-39.0,-486.86805106773875,0.0,0.0,12789.8,-38.576305333258716,-4.626653235584905,-123.12344978698077,0.0,-55.552101143890326,Farm & Heavy Construction Machinery,Industrials,CEAD
2014Q1,2014,Q1,2014-05-15,2014-03-31,-53607.0,5.0,-53607.0,-0.08,5.0,1.0,71746.0,-2690964.0,61746.0,2653427.0,2762710.0,0.0,-2829215.0,780132607.5,780202523.5,-4.061630137668614,0.02327028405153034,1.523192930616341,-0.04061109698977764,0.02076437793825031,-4.061630137668614,0.01992111377186763,156026521.5,-3638.2030681627402,-289.90822898411125,0.0,0.0,0.0,6.969029632313997e-05,0.022373707661827516,-0.7471775429989128,-12859.046078657611,1.0,-2.041825095057034,-5.6939313105184,0.0,0.0,0.25,-2.0750301152985715,-2.0750301152985715,0.6433618074405236,-0.999895465284021,-0.4783469541579957,Farm & Heavy Construction Machinery,Industrials,CEAD
2013Q4,2013,Q4,2014-04-15,2013-12-31,-17433.0,4.0,-17433.0,-0.0263,4.0,1.0,4409.0,-2637357.0,1073.0,2641766.0,2641766.0,0.0,-2775608.0,17391491.25,17390739.25,-3.9807179415968714,0.00040616769236942257,0.0,0.0,0.006610026628931919,-3.9807179415968714,0.006610026628931919,4347872.8125,-249.40473885733954,-6.594287860915303,0.0,0.0,0.0,0.0009072352007257881,0.0003115340268593055,-3.953957813563166,-1980.58208062863,1.0,-0.315,0.016551646269253845,0.0,-34.943724254844334,-0.6,-0.2115504899576065,-0.2115504899576065,0.9887930944242651,-0.9997972216619527,-0.6664194825933694,Farm & Heavy Construction Machinery,Industrials,CEAD
2013Q3,2013,Q3,2013-11-19,2013-09-30,-14389.0,10.0,-14389.0,-0.02,10.0,1.0,7315.0,-2628880.0,646.0,2636195.0,2636195.0,0.0,-2758175.0,17391491.25,17390914.25,-3.967923107226357,0.00024505015751869646,0.0,0.0,0.005473433553452421,-3.967923107226357,0.005473433553452421,1739149.125,-302.1664335603586,-6.6155515847052735,0.0,0.0,0.0,0.001367053998632946,0.00024505015751869646,-1.967053998632946,1695.7382264040561,1.0,0.7999999999999999,-4.454356951478042,0.0,-174.31684648677737,-0.23076923076923078,0.7919642598964809,0.7919642598964809,-4.454356951478042,0.0,-174.31684648677737,Farm & Heavy Construction Machinery,Industrials,CEAD
2013Q2,2013,Q2,2013-08-14,2013-06-30,-69166.0,13.0,-69166.0,-0.1,13.0,1.0,11047.0,-2603827.0,1046.0,2614874.0,2614874.0,0.0,-2743787.0,17391491.25,17390504.25,-3.9301091417333174,0.0004000192743512689,0.0,0.0,0.026563208692436172,-3.9301091417333174,0.026563208692436172,1337807.0192307692,-62.86141764017003,-6.6792038219129,0.0,0.0,0.0,0.001176790078754413,0.0004000192743512689,-6.261066352855979,9216.476550079491,1.0,0.28571428571428575,-14.90516897187372,0.0,0.0,-0.4090909090909091,0.2495660098949744,0.2495660098949744,-14.90516897187372,0.0,0.0,Farm & Heavy Construction Machinery,Industrials,CEAD
2013Q1,2013,Q1,2013-05-21,2013-03-31,-92168.0,22.0,-92168.0,-0.14,22.0,1.0,14560.0,-2532557.0,1225.0,2547117.0,2547117.0,0.0,-2674620.0,17391491.25,17390288.25,-3.822537141546157,0.0004809358973301972,0.0,0.0,0.03639325788126388,-3.822537141546157,0.03639325788126388,790522.3295454546,-47.17334446337124,-6.867166760708643,0.0,0.0,0.0,0.001510989010989011,0.0004809358973301972,-6.33021978021978,5540.455957311246,1.0,0.6888888888888889,-10.509061522335887,0.0,0.0,1.000138756614591,0.6921154867567035,0.6921154867567035,-4.446331162160488,0.0,-45.551028526625885,Farm & Heavy Construction Machinery,Industrials,CEAD
2012Q4,2012,Q4,2013-04-16,2012-12-31,-299359.0,-158551.0,-299359.0,-0.45,-158551.0,1.0,18115.0,-2437255.0,1447.0,2455370.0,2455370.0,0.0,-2582452.0,17391491.25,17390294.25,-3.678692231179428,0.0005893205504669358,0.0,0.0,0.12282629433522549,-3.678692231179428,0.12282629433522549,-109.69020220623017,-14.52394219816341,-7.135687997357683,0.0,0.0,0.0,-8.752470328457079,0.0004875029018029869,-16.525476124758487,30.39397144714629,1.0,-2.4615384615384617,-15.887748277662046,0.0,-32.36834022043304,-2.428001441051968,-2.5225751032559454,-2.5225751032559454,-15.887748277662046,0.0,-32.36834022043304,Farm & Heavy Construction Machinery,Industrials,CEAD
2012Q3,2012,Q3,2012-11-20,2012-09-30,-84983.0,111030.0,-84983.0,-0.13,111030.0,1.0,182628.0,-2137013.0,162627.0,2319641.0,2319641.0,0.0,-2283093.0,17391491.25,17389579.25,-3.2255193326219223,0.07010869354352678,0.0,0.0,0.03976718906249049,-3.2255193326219223,0.03976718906249049,156.63776681977845,-51.161677188378846,-8.138224358017476,0.0,0.0,0.0,0.6079571588146396,0.06899860797425118,-0.4653339027969424,-102.28724577417572,1.0,0.6285714285714286,-31.214025770203516,0.0,-141.5148276304919,0.0,0.6348131373248364,0.6348131373248364,-31.214025770203516,0.0,-141.5148276304919,Farm & Heavy Construction Machinery,Industrials,CEAD
2012Q2,2012,Q2,2012-08-14,2012-06-30,-232711.0,0.0,-232711.0,-0.35,0.0,0.0,73546.0,-2050603.0,50212.0,2124149.0,2124149.0,0.0,-2198110.0,17391491.25,17390316.25,-3.0950956405190384,0.023638643051876303,0.0,0.0,0.11348418001924312,-3.0950956405190384,0.11348418001924312,0.0,-18.68357238162356,-8.481159566234908,0.0,0.0,0.0,0.0,0.022971081595500126,-3.164155766459087,-43.153244776274946,0.0,-0.5217391304347825,-52.51339930910716,0.0,0.0,-1.0,-0.5481864388738091,-0.43720625744971253,-52.51339930910716,0.0,0.0,Farm & Heavy Construction Machinery,Industrials,CEAD
2012Q1,2012,Q1,2012-05-21,2012-03-31,-150312.0,47831.0,-161919.0,-0.23,47831.0,1.0,79060.0,-1820252.0,52393.0,1899312.0,1899312.0,0.0,-16965199.0,17391491.25,17389505.25,-2.7474133363923006,0.02758525192280152,0.0,0.0,0.1779083335713956,-2.7474133363923006,0.08257757717063352,363.6029196546173,-28.92565339094683,-9.554441500407636,0.0,0.0,0.0,0.6049962054136099,0.026938702014203036,-1.9012395648874272,-24598.997524752474,1.0,0.902127659574468,-17.76953015737948,0.0,0.0,22.21893203883495,0.9032632997517096,0.8951183617842944,-17.76953015737948,0.0,0.0,Farm & Heavy Construction Machinery,Industrials,CEAD
2011Q4,2011,Q4,2012-03-13,2011-11-30,-1553826.0,19704.0,-1543826.0,-2.35,2060.0,0.1045473000406009,39883.0,-1580886.0,8772.0,1620769.0,1620769.0,0.0,-1729017.0,17372118.75,17368536.75,-2.388785046728972,0.005412245668568439,0.0,0.0,1.9531148988605125,-2.388785046728972,0.9828830162326695,881.6544229598051,-2.795055358515046,-10.988849765258214,0.0,0.0,0.0,0.4940450818644535,0.004654580634254481,-38.95960685003636,-1099.849240265907,0.1045473000406009,-32.57142857142857,-86.75378244107749,0.0,-21.369255526237204,1.634041243459526,-43.753052995391705,-43.46503456221198,-86.75378244107749,0.0,-21.369255526237204,Farm & Heavy Construction Machinery,Industrials,CEAD
2011Q3,2011,Q3,2011-10-24,2011-08-31,-34720.0,223.0,-34720.0,-0.07,-3249.0,-14.5695067264574,47435.0,36953.0,7435.0,10482.0,10482.0,0.0,-101547.0,13883703.75,13878769.75,0.06986725354176475,0.7093112001526426,0.0,0.0,-1.8791437772305362,0.06986725354176475,-0.9395718886152681,62258.761210762335,-99.9690650201613,375.7124928963819,0.0,0.0,0.0,0.004701170022135554,0.4919862621637092,-0.7319489828185939,-487.78075923128273,-14.5695067264574,-1.3333333333333337,-15.486335918625265,0.0,4.0869818372555375,0.0,-1.5495667498898518,-1.5495667498898518,-15.486335918625265,0.0,4.0869818372555375,Farm & Heavy Construction Machinery,Industrials,CEAD
2011Q2,2011,Q2,2011-07-15,2011-05-31,-13618.0,0.0,-13618.0,-0.03,0.0,0.0,37373.0,31673.0,37373.0,5700.0,5700.0,0.0,-66827.0,13856298.75,13820153.75,0.06000276589013354,6.556666666666667,0.0,0.0,-0.8599122280806997,0.06000276589013354,-0.42995611404034983,0.0,-254.37470168159786,437.47983298077224,0.0,0.0,0.0,0.0,6.341228070175439,-0.36438070264629546,-903.0434534671533,0.0,0.0,-2.9305067004261667,0.0,0.0,0.0,-0.010012608469925091,-0.010012608469925091,-2.9305067004261667,0.0,0.0,Farm & Heavy Construction Machinery,Industrials,CEAD
2011Q1,2011,Q1,2011-04-14,2011-02-28,-13483.0,0.0,-13483.0,-0.03,0.0,0.0,59717.0,45291.0,59717.0,14426.0,14426.0,0.0,-53209.0,13856298.75,13797809.75,0.08580132194392821,4.13953971995009,0.0,0.0,-0.5953942284339052,0.08580132194392821,-0.2976971142169526,0.0,-256.9216559741897,305.9393422534278,0.0,0.0,0.0,0.0,4.054415638430611,-0.2257816032285614,-1410.3103053435113,0.0,-0.11940298507462678,-1.1131769588851796,0.0,0.0,0.0,-0.005518681482586323,-0.005518681482586323,-1.1131769588851796,0.0,0.0,Farm & Heavy Construction Machinery,Industrials,CEAD
2010Q4,2010,Q4,2011-02-28,2010-11-30,-13409.0,0.0,-13409.0,-0.0268,0.0,0.0,76525.0,58774.0,76525.0,17751.0,17751.0,0.0,-39726.0,13155660.0,13082346.0,0.11727404782428248,4.31102473100107,0.0,0.0,-0.45629019634532275,0.11727404782428248,-0.22814509817266138,0.0,-245.27667984189722,223.8346888079763,0.0,0.0,0.0,0.0,4.130133513604867,-0.17522378307742567,-975.5049681150823,0.0,0.0,0.0,0.0,0.0,0.0,-5.734806629834254,-5.734806629834254,0.0,0.0,0.0,Farm & Heavy Construction Machinery,Industrials,CEAD
2010Q3,2010,Q3,2010-10-14,2010-08-31,-1991.0,0.0,-1991.0,0.0,0.0,0.0,3222.0,-11317.0,3222.0,14539.0,14539.0,0.0,-26317.0,13125656.25,13140056.25,-0.02263286835658217,0.22161083981016577,4.4692737430167595,-1.2724220199699567,-1.2915990917937075,-0.02263286835658217,0.17593001678890166,0.0,-1648.1235873932699,-1159.817641601131,0.0,0.0,0.0,0.0,0.0,-0.6179391682184978,-10938.046875,0.0,1.0,0.0,0.0,0.0,0.0,0.3933577087141987,0.3933577087141987,0.0,0.0,0.0,Farm & Heavy Construction Machinery,Industrials,CEAD
2010Q2,2010,Q2,2010-05-31,2010-05-31,-3282.0,0.0,-3282.0,-0.01,0.0,0.0,,,,,,,,13125656.25,,,0.0,0.0,0.0,0.0,,0.0,0.0,-999.8214693784278,0.0,0.0,0.0,0.0,0.0,0.0,0.0,-4101.767578125,0.0,0.0,0.0,0.0,0.0,0.0,0.456982131039047,0.456982131039047,0.0,0.0,0.0,Farm & Heavy Construction Machinery,Industrials,CEAD
2010Q1,2010,Q1,2010-02-28,2010-02-28,-6044.0,0.0,-6044.0,-0.01,0.0,0.0,,,,,,,,13125656.25,,,0.0,0.0,0.0,0.0,,0.0,0.0,-542.9209236432825,0.0,0.0,0.0,0.0,0.0,0.0,0.0,-1312.565625,0.0,0.0,0.0,0.0,0.0,0.0,0.0,0.0,0.0,0.0,0.0,Farm & Heavy Construction Machinery,Industrials,CEAD
