Quarters,Year,Quarter,FillingDate,Date,NetIncome,Revenue,OperatingIncome,EPSDiluted,GrossProfit,GrossProfitRatio,TotalAssets,CommonStockEquity,CurrentAssets,CurrentLiability,TotalLiability,Inventory,RetainedEarnings,MarketCap,EnterpriseValue,bookValuePerShare,currentRatio,debtToAssets,debtToEquity,roic,shareholdersEquityPerShare,roe,priceToSalesRatio,peRatio,pbRatio,payoutRatio,inventoryTurnover,dividendYield,assetTurnover,quickRatio,returnOnAssets,priceToFreeCashFlowsRatio,grossProfitMargin,epsdilutedGrowth,fiveYNetIncomeGrowthPerShare,fiveYRevenueGrowthPerShare,fiveYShareholdersEquityGrowthPerShare,grossProfitGrowth,netIncomeGrowth,operatingIncomeGrowth,threeYNetIncomeGrowthPerShare,threeYRevenueGrowthPerShare,threeYShareholdersEquityGrowthPerShare,Industry,Sector,Symbol
2023Q1,2023,Q1,2023-05-03,2023-03-31,2634000.0,94391000.0,4443000.0,0.0611,12955000.0,0.1372482546,1143900000.0,948482000.0,107244000.0,34194000.0,194316000.0,25029000.0,-625613000.0,667618043.94,785491043.94,22.248092685366192,3.1363397087208282,0.14189352216102807,0.17112818166290977,0.0036648880314494006,22.248092685366192,0.0027770690429549535,7.072899364769947,63.36541798974943,0.7038805627729362,8.225512528473804,3.2536657477326303,0.03245268787544508,0.08251682839409039,1.7877697841726619,0.0023026488329399423,40.51572059351864,0.13724825460054454,-0.9088059701492537,1.0382775242102869,-0.004646535411489285,-0.16294434415431477,-0.6684665779506602,-0.908155793437707,-0.6959764609278773,1.0214930743070252,-0.05735772525264495,0.09427980269483144,Marine Shipping,Industrials,GNK
2022Q4,2022,Q4,2023-02-22,2022-12-31,28679000.0,126973000.0,14614000.0,0.67,39076000.0,0.3077504666,1173866000.0,967433000.0,125430000.0,36540000.0,205557000.0,21601000.0,-628247000.0,653780520.9599999,766762520.9599999,22.72898993408395,3.4326765188834156,0.14577813822020572,0.17688460079406015,0.011838259128230975,22.72898993408395,0.029644430156920427,5.14897278129996,5.699122362704418,0.6757889393477378,1.1511907667631367,4.069117170501365,0.05049859844634304,0.10816651985831433,2.2844827586206895,0.024431238318513356,19.43230653192248,0.30775046663463884,-0.2947368421052631,8.06069928729468,0.37611916157663483,-0.19437099875833952,-0.24636451301832207,-0.2975653962966592,-0.6765239718447031,30.921327776537485,0.14798314732921686,-0.028216161402660575,Marine Shipping,Industrials,GNK
2022Q3,2022,Q3,2022-11-09,2022-09-30,40828000.0,135970000.0,45178000.0,0.95,51850000.0,0.3813341178,1205733000.0,971789000.0,145763000.0,55320000.0,233217000.0,32181000.0,-656924000.0,532899208.45,647289208.45,22.849567004268646,2.6349060014461316,0.14922209145805912,0.18514512924101836,0.03486770362602166,22.849567004268646,0.042013235383401126,3.919241071192175,3.2630744124742823,0.5483692534593415,0.517806407367493,2.6139647618159785,0.03967166710847833,0.1127695766807411,1.6521691973969632,0.03386155973171506,10.499649455215351,0.3813341178201074,-0.13636363636363646,2.061210144570999,1.1540279135864622,-0.18963667619605512,-0.07864809154879522,-0.1383225697522266,-0.08165463969915641,3.7468010352720373,0.2861757717317079,-0.044170652557663274,Marine Shipping,Industrials,GNK
2022Q2,2022,Q2,2022-08-03,2022-06-30,47382000.0,137764000.0,49195000.0,1.1,56276000.0,0.4084956883,1186143000.0,949952000.0,120146000.0,48916000.0,235684000.0,31740000.0,-697752000.0,818886372.36,962929372.36,22.41223356435537,2.456169760405593,0.1590971746239703,0.19865424779357274,0.0413003163365,22.41223356435537,0.04987830964090817,5.944124534421184,4.320661708876789,0.8620292102758876,0.7024397450508632,2.567359798361689,0.04064422259718358,0.11614451208665397,1.4235015127974486,0.03994627966442495,18.913672680155212,0.40849568827850524,0.13402061855670117,3.6520783866348436,1.4665909170657396,-0.2297684231938083,0.14724889405337085,0.14280890475386507,0.16872164017770175,2.353494140759857,0.6238621292781681,-0.07560172409727901,Marine Shipping,Industrials,GNK
2022Q1,2022,Q1,2022-05-04,2022-03-31,41461000.0,136227000.0,42093000.0,0.97,49053000.0,0.360082803,1167502000.0,933805000.0,105140000.0,37815000.0,233433000.0,23337000.0,-745134000.0,995963423.72,1150350423.72,22.145867583788743,2.780378156816078,0.16916459243752902,0.2115002596901923,0.03660236523081129,22.145867583788743,0.04440006211146867,7.311057453515089,6.005423311786981,1.0665646721960154,0.6823038518125467,3.7354415734670265,0.02840365351404011,0.11668245536196084,1.6700251223059632,0.035512572997733624,178.1687698962433,0.36008280296857453,-0.5314009661835749,3.1112576149613917,1.8292359127434936,-0.269033436437086,-0.4858930555264427,-0.5314505921706898,-0.5486198983421623,6.259371583855617,0.44232519438962786,-0.11654118209035831,Marine Shipping,Industrials,GNK
2021Q4,2021,Q4,2022-02-24,2021-12-31,88488000.0,183277000.0,93254000.0,2.07,95414000.0,0.5205999662,1203002000.0,916587000.0,174830000.0,41895000.0,286327000.0,24563000.0,-786823000.0,673634992.0,805351992.0,21.770531777838524,4.173051676811076,0.20472950169658904,0.26870335276411295,0.07753572372944356,21.770531777838524,0.09654075390552125,3.675502065180028,1.9031817647590634,0.7349384095563214,0.07106048277732574,3.577046777673737,0.009334431961931098,0.1523497051542724,3.270986991287743,0.07355598743809237,7.246425834489732,0.5205999661714236,0.5447761194029849,1.6126870859399334,-0.2740504546345412,-0.8452687709412304,0.31021792565535616,0.5488342785129174,0.42646923853519747,3.793903694861403,0.6182493543970321,-0.13802462022906517,Marine Shipping,Industrials,GNK
2021Q3,2021,Q3,2021-11-03,2021-09-30,57132000.0,155252000.0,65374000.0,1.34,72823000.0,0.46906320047406797,1176765000.0,830683000.0,142471000.0,42634000.0,346082000.0,23722000.0,-877676000.0,847376597.43,1072487597.43,19.7334323849808,3.3417225688417695,0.25942562873640873,0.367508423791025,0.05712123780448379,19.7334323849808,0.06877713881227857,5.458072021165589,3.707977129410838,1.0200962309689736,0.07337394104879927,3.474791332939887,0.004947033010722594,0.13193118422114866,2.3981094900783413,0.04855005034989994,-50.97615336762317,0.46906320047406797,0.7866666666666667,1.3573941655234754,-0.31284529060927524,-0.8459559244065639,0.6770605439513622,0.7833130442925368,0.8034704405638776,8.895686532097779,0.6636428513444862,-0.20618289769889217,Marine Shipping,Industrials,GNK
2021Q2,2021,Q2,2021-08-04,2021-06-30,32037000.0,121008000.0,36249000.0,0.75,43423000.0,0.35884404336903347,1182465000.0,777272000.0,220094000.0,94362000.0,405193000.0,26441000.0,-934808000.0,794300838.7199999,1046582838.7199999,18.475235886252243,2.332443144486128,0.31168956375030127,0.47417377700470364,0.031390150062045964,18.475235886252243,0.041217231548286826,6.564035755652518,6.198308508287292,1.0219084679751747,0.06539313918281986,2.934268749290874,0.002637539705202944,0.10233537567708136,1.3797079332782265,0.02709340234171836,31.51237160676029,0.35884404336903347,13.999999999999998,1.0496989444821763,-0.3483175407772876,-0.8598128526967622,1.9751969852689277,15.13954659949622,4.745601521635758,25.14768733389503,0.18567384578853743,-0.3618555640059635,Marine Shipping,Industrials,GNK
2021Q1,2021,Q1,2021-05-05,2021-03-31,1985000.0,87591000.0,6309000.0,0.05,14595000.0,0.1666267082234476,1180343000.0,746817000.0,227880000.0,98856000.0,433526000.0,24148000.0,-966845000.0,423095722.56,701639722.56,17.792463876617074,2.30517115804807,0.34035445628940064,0.5379296400590774,0.005448440600857035,17.792463876617074,0.002657946993707963,4.830356116039319,53.286614931989924,0.566531991853426,0.4473551637279597,3.0228590359450056,0.002098815829730047,0.07420809036017496,1.359897224245367,0.0016817145524648345,34.934829705226655,0.1666267082234476,1.0318471337579618,1.0062659381572994,-0.28067039344849753,-0.8785812539749337,-0.2929464199205503,1.0301118004884635,1.1031691522762952,1.0292985944290913,-0.061866951364056594,-0.3305816040065085,Marine Shipping,Industrials,GNK
2020Q4,2020,Q4,2021-02-24,2020-12-31,-65921000.0,95494000.0,-61152000.0,-1.57,20642000.0,0.21616017760278133,1232809000.0,744994000.0,247202000.0,113621000.0,487815000.0,21583000.0,-968830000.0,308633695.36,614162695.36,17.765901528037226,2.175671750820711,0.364534165470888,0.6032276770014255,-0.05078137650813264,17.765901528037226,-0.08848527639148772,3.231969499235554,-1.17046804265712,0.4142767530476756,-0.013409990746499598,3.4680998934346476,0.002864236838977917,0.07746049874717008,1.397452935636898,-0.053472192367187456,16.369666668081045,0.21616017760278133,-2.14,0.7707897264815697,-0.5297869319080187,-0.8840618167718881,0.5356345781877697,-2.1245141719594276,-2.903485254691689,-22.139598596189984,0.0504998222611436,-0.37028765705390027,Marine Shipping,Industrials,GNK
2020Q3,2020,Q3,2020-11-04,2020-09-30,-21098000.0,87524000.0,-15666000.0,-0.5,13442000.0,0.15358073214204104,1317547000.0,811220000.0,222428000.0,113675000.0,506327000.0,21159000.0,-902909000.0,289307905.8,628110905.8,19.347615076476767,1.9567011216186496,0.36054577180168906,0.5855822095115998,-0.012083217316655726,19.347615076476767,-0.02600774142649343,3.3054694232439106,-3.4281437316333307,0.3566331029806957,-0.0396720068252915,3.5012051609244295,0.0028931113986861534,0.066429508776537,1.2943831097426874,-0.016013090994097364,12.682824330366929,0.15358073214204104,-0.16279069767441862,0.9472649172031447,-0.7084613415463406,-0.8825330736518785,3.2748349974614994,-0.15897604921995165,-0.1955128205128205,0.44375340164363675,0.40643018959906363,-0.3138339270007161,Marine Shipping,Industrials,GNK
2020Q2,2020,Q2,2020-08-05,2020-06-30,-18204000.0,74206000.0,-13104000.0,-0.43,-5909000.0,-0.07962967954073795,1354566000.0,832626000.0,210938000.0,109681000.0,521940000.0,23034000.0,-881811000.0,263137658.28,628916658.28,19.871314939027204,1.9231954486191774,0.36432407132616645,0.5927042873991444,-0.00980249879937343,19.871314939027204,-0.021863357617946114,3.5460428844028784,-3.613734045814107,0.31603343911912435,-0.045923972753241046,3.478119301901537,0.0031770443100562506,0.054782122096671555,1.2863850621347361,-0.01343899079114639,-22.530838109427176,-0.07962967954073795,0.8501742160278745,0.9348436055055807,-0.69031805891501,-0.8783165612898444,-1.7872368771649347,0.8487411715828832,0.8844597275492659,-0.03070161044028573,0.34398235141562933,-0.3170910790863168,Marine Shipping,Industrials,GNK
2020Q1,2020,Q1,2020-05-06,2020-03-31,-120350000.0,98336000.0,-113415000.0,-2.87,7506000.0,0.07633013342011064,1380966000.0,851196000.0,227533000.0,116648000.0,529770000.0,29342000.0,-863607000.0,268782011.94,612833011.94,20.33126502981857,1.9505949523352308,0.3464162043091575,0.5620197933260964,-0.08459538322458222,20.33126502981857,-0.1413892922429147,2.7333022691588025,-0.5583340505608642,0.3157698249756813,-0.06057332779393436,3.0955626746643037,0.027122350738364668,0.07120812532676402,1.2992850284616968,-0.08714914052916582,-20.47394972120658,0.07633013342011064,-144.5,0.5481095662332818,-0.5876107671067585,-0.8794567951922732,-0.5777215189873418,-137.29671574178934,-16.0,-5.172283631442563,1.056917304404538,-0.3289278518664922,Marine Shipping,Industrials,GNK
2019Q4,2019,Q4,2020-02-27,2019-12-31,883000.0,108706000.0,7561000.0,0.02,17775000.0,0.16351443342593786,1528892000.0,978428000.0,223195000.0,127655000.0,550464000.0,27208000.0,-743257000.0,444265844.03999996,772783844.04,23.388935925185468,1.7484234851748854,0.31683532911415585,0.49508701713360614,0.00512840339189521,23.388935925185468,0.000902468040571202,4.086856696410502,125.78308155152888,0.4540608445792638,0.0,3.3420685092619817,0.0,0.07110116345693483,1.3597665583016725,0.000577542429419475,23.306360509915013,0.16351443342593786,1.0571428571428572,1.0006864227665897,-0.7180821867849129,-0.864641673881538,0.42897339014390223,1.0605167569049414,1.972851260936696,1.0061532037801508,-0.5666505665290842,-0.8337661735132835,Marine Shipping,Industrials,GNK
2019Q3,2019,Q3,2019-11-07,2019-09-30,-14591000.0,103776000.0,-7772000.0,-0.35,12439000.0,0.11986393771199506,1561964000.0,998035000.0,241064000.0,119236000.0,563929000.0,22982000.0,-744140000.0,384092640.0,724422640.0,23.905488009351078,2.021738401154014,0.3240830134369294,0.5072026532135646,-0.005126145253533789,23.905488009351078,-0.01461972776505834,3.7011702127659576,-6.580985539030909,0.3848488680256704,0.0,3.974284222434949,0.0,0.06643943138254146,1.6074591566305478,-0.009341444489117548,-92.2191212484994,0.11986393771199506,0.5783132530120482,0.8847771063571537,-0.6646745273559597,-0.8807125996012364,3.1716131284916202,0.5767780484975055,0.715405177780219,0.9079682625442034,-0.5368744047923799,-0.8133878217347924,Marine Shipping,Industrials,GNK
2019Q2,2019,Q2,2019-08-09,2019-06-30,-34476000.0,83550000.0,-27309000.0,-0.83,-5728000.0,-0.06855774985038898,1564444000.0,1012051000.0,219364000.0,108688000.0,552393000.0,29325000.0,-729549000.0,363158018.7,698341018.7,24.24521350655777,2.0182908876784924,0.319796681760421,0.49434662877661306,-0.01791148738344973,24.24521350655777,-0.034065476937427064,4.346595077199281,-2.6334117842847196,0.3588337136171991,0.0,3.0444330775788577,0.0,0.05340555494475993,1.6828444722508464,-0.022037222169665388,-52.373524473608306,-0.06855774985038898,-3.3684210526315783,0.9405447981288182,-0.8334616534067881,-0.8747051588630281,-1.8477134823146366,-3.419433405973593,-29.962585034013607,0.9460962670884938,-0.5465023420175663,-0.8160311815140925,Marine Shipping,Industrials,GNK
2019Q1,2019,Q1,2019-05-09,2019-03-31,-7801000.0,93464000.0,-882000.0,-0.19,6757000.0,0.0722952152700505,1606170000.0,1045958000.0,249763000.0,100598000.0,560212000.0,30625000.0,-695073000.0,328801715.28,661574715.28,25.067232489894934,2.482782957911688,0.3240541163139643,0.4976165390962161,-0.0005585286758880891,25.067232489894934,-0.00745823446065712,3.5179503903107077,-10.53716559671837,0.3143546062843824,0.0,2.8312489795918365,0.0,0.058190602489151214,2.057347064553967,-0.00485689559635655,288.6757816330114,0.0722952152700505,-1.4318181818181819,0.9791701028927021,-0.8474889221068431,-0.88075581197884,-0.7915985565802054,-1.4266571866112447,-1.0339583413544835,0.9752288529969967,-0.22788309653938754,-0.8289370175851923,Marine Shipping,Industrials,GNK
2018Q4,2018,Q4,2019-03-05,2018-12-31,18284000.0,112186000.0,25973000.0,0.44,32423000.0,0.28901110655518514,1627470000.0,1053307000.0,270451000.0,101867000.0,574163000.0,29548000.0,-687272000.0,329046895.44,666695895.44,25.256558700811063,2.654942228592184,0.3288220366581258,0.508064600349186,0.016315487620946492,25.256558700811063,0.017358661814646632,2.9330477549783396,4.499109815138919,0.3123941029918153,0.0,2.699438202247191,0.0,0.06893276066532716,2.1885890425751224,0.01123461569184071,16.634492464486122,0.28901110655518514,2.142857142857143,1.0996166745052909,-0.8566950456537692,-0.8862597674300556,0.8379343574627288,2.2032235459004905,1.1484820911572504,1.0639243374259613,-0.44455379587080174,-0.8351786693320874,Marine Shipping,Industrials,GNK
2018Q3,2018,Q3,2018-11-07,2018-09-30,5708000.0,92263000.0,12089000.0,0.14,17641000.0,0.19120340764987048,1632274000.0,1034583000.0,237308000.0,109635000.0,597691000.0,29980000.0,-705556000.0,608874075.8100001,993950075.8100001,24.858915646661877,2.1645277511743513,0.3374433459088364,0.5323884115629196,0.007608125823259128,24.858915646661877,0.005517198716777677,6.599330997366225,26.667575149351787,0.588521245574304,0.0,2.489059372915277,0.0,0.05652421100869094,1.7052674784512245,0.0034969619071307883,-2.7552234537013156,0.19120340764987048,5.666666666666667,1.016924330063587,-0.8387435232086403,-0.886999793873317,-0.09510130802769941,6.0964285714285715,0.11409086720117961,1.0143737591111697,-0.6903831277689083,-0.8490718157344925,Marine Shipping,Industrials,GNK
2018Q2,2018,Q2,2018-08-08,2018-06-30,-1120000.0,86157000.0,10851000.0,-0.03,19495000.0,0.2262729667931799,1508098000.0,1028243000.0,322282000.0,77791000.0,479855000.0,23064000.0,-711263000.0,550498899.0,724439899.0,28.951495686824252,4.142921417644715,0.29436880096651546,0.43174327469284984,0.007355079315694971,28.951495686824252,-0.0010892366882147507,6.3894854625857445,-122.8792185267857,0.535378212154131,0.0,2.8903052375997227,0.0,0.057129576459885235,3.682816778290548,-0.0007426573074163615,38.02313157894737,0.2262729667931799,0.9813664596273292,0.9969974756389111,-0.7710016903927384,-0.8719053902846275,0.2851021753460778,0.9799329905219214,1.2242034794826233,0.9952705913086726,-0.575804524468553,-0.8227134157057712,Marine Shipping,Industrials,GNK
2018Q1,2018,Q1,2018-05-09,2018-03-31,-55813000.0,76916000.0,-48398000.0,-1.61,15170000.0,0.19722814498933902,1452567000.0,919048000.0,221280000.0,53751000.0,533519000.0,19894000.0,-710145000.0,491699017.8,820232017.8,26.578988541554903,4.116760618407099,0.3451186761092604,0.5454644371131867,-0.0340082803747249,26.578988541554903,-0.06072914581175303,6.392675357532894,-2.2024394755702077,0.5350090722138561,0.0,3.10374987433397,0.0,0.052951774341562216,3.5192275492548974,-0.03842370093771923,52.85381251209287,0.19722814498933902,-24.0,0.8553499054415781,-0.7628578758558954,-0.8887144537017722,-0.13507041450481783,-22.717120622568093,-5.851929824561403,0.7462606353999302,-0.6094497699503069,-0.8424143084727931,Marine Shipping,Industrials,GNK
2017Q4,2017,Q4,2018-02-28,2017-12-31,2570000.0,74918000.0,9975000.0,0.07,17539000.0,0.234109292826824,1520959000.0,975027000.0,217239000.0,52449000.0,545932000.0,15975000.0,-653673000.0,460336935.6,801249935.6,28.21272558343024,4.1419092833037805,0.3388598903717983,0.5285925415398753,0.006681147509690176,28.21272558343024,0.0026358244438359144,6.144543842601244,44.779857548638134,0.4721273724727623,0.0,3.5917996870109548,0.0,0.049257080565616826,3.6384297126732634,0.0016897233916233114,20.949164266860837,0.234109292826824,1.0777777777777777,1.007010725123274,-0.8106033331315673,-0.8861574019574021,5.633509833585476,1.082419344493618,1.419434866705912,1.002418304087888,-0.7648191322820971,-0.83672505143338,Marine Shipping,Industrials,GNK
2017Q3,2017,Q3,2017-11-07,2017-09-30,-31182000.0,51161000.0,-23782000.0,-0.9,2644000.0,0.051679990617853444,1516483000.0,971940000.0,194583000.0,37239000.0,544543000.0,11397000.0,-656243000.0,399507276.82,763968276.8199999,28.196694412340843,5.2252477241601545,0.3409019421912412,0.5318970306809062,-0.01594694632942628,28.196694412340843,-0.03208222729798136,7.808824628525635,-3.2030280034956062,0.4110410897997819,0.0,4.256997455470738,0.0,0.03373661293928122,4.520851795160987,-0.02056205048127806,81.68212570435493,0.051679990617853444,-1.142857142857143,0.8990999742148529,-0.8830594666048001,-0.8911732633047376,0.10999160369437448,-1.1485564666161372,-2.2861683017825065,0.7017608951776888,-0.7997762722391311,-0.8592996564232119,Marine Shipping,Industrials,GNK
2017Q2,2017,Q2,2017-08-10,2017-06-30,-14513000.0,45370000.0,-7237000.0,-0.42,2382000.0,0.052501653074718976,1541719000.0,1001868000.0,184354000.0,31579000.0,539851000.0,9320000.0,-625060000.0,326059354.02000004,694526354.02,29.098045625821975,5.837866936888439,0.3344448631689692,0.5146586177021324,-0.0047620739664516265,29.098045625821975,-0.014485940263587618,7.186673000220411,-5.616677358575071,0.3254514107846543,0.0,4.612446351931331,0.0,0.029428190221434645,5.058994901675164,-0.009413518287054905,63.472718321977815,0.052501653074718976,0.10638297872340424,0.9348483908919882,-0.9102169799484319,-0.8915614384124501,1.2959373835259038,0.06967948717948717,0.15554259043173863,0.9696569046466049,-0.8903606949031383,-0.8496266076148346,Marine Shipping,Industrials,GNK
2017Q1,2017,Q1,2017-05-11,2017-03-31,-15600000.0,38249000.0,-8570000.0,-0.47,-8049000.0,-0.2104368741666449,1551431000.0,1014810000.0,173651000.0,27334000.0,536621000.0,8162000.0,-610548000.0,418696725.0,794138725.0,30.296690283402622,6.352930416331309,0.3315100703801845,0.5068091563938077,-0.005597016143832212,30.296690283402622,-0.015372335708162118,10.94660579361552,-6.709883413461538,0.41258632157743813,0.0,5.672384219554031,0.0,0.024654012972539545,5.42357503475525,-0.010055232878548901,-69.33212866368603,-0.2104368741666449,0.8597014925373134,0.9463579434271155,-0.9273178744138518,-0.902208343005674,-0.38799793067770305,0.37860983867755427,0.5400880111623914,0.9481104682988856,-0.9222508914587068,-0.8558794141304087,Marine Shipping,Industrials,GNK
2016Q4,2016,Q4,2017-03-28,2016-12-31,-25105000.0,43885000.0,-18634000.0,-3.35,-5799000.0,-0.13214082260453458,1568960000.0,1029699000.0,172605000.0,28949000.0,539261000.0,9634000.0,-594948000.0,54010175.76,433630175.76,140.69901667729732,5.962382120280493,0.3269809300428309,0.4982232671877898,-0.012036737337340927,140.69901667729732,-0.024380911314859973,1.2307206507918422,-0.5378428177653853,0.052452392165089026,0.0,5.157151754203861,0.0,0.027970757699367733,5.00200352343777,-0.016001045278400978,-13.00509890681435,-0.13214082260453458,0.11842105263157889,-43.70092374288632,-0.764872697054546,-0.5346230778879152,0.4178879743023489,0.08755542632841462,0.07362664678100919,0.22056012777207806,-0.6805519731595959,-0.3663769055471373,Marine Shipping,Industrials,GNK
2016Q3,2016,Q3,2016-11-04,2016-09-30,-27514000.0,38887000.0,-20115000.0,-3.8,-9962000.0,-0.2561781572247795,1493456000.0,928137000.0,87818000.0,563631000.0,565319000.0,10318000.0,-569843000.0,33183327.44,535298327.44,128.10250773332334,0.15580761171759538,0.36188210432714457,0.5823008887696536,-0.01389160765468845,128.10250773332334,-0.02964433052448076,0.8533270100547741,-0.3015131155048339,0.03575261781396496,0.0,4.734347741810429,0.0,0.02603826292840231,0.08832374372594835,-0.018423040250265157,-6.914633765367785,-0.2561781572247795,0.7519582245430809,-9.547348597259411,-0.7999234460256006,-0.6069820996503018,0.48712932454695224,0.7513488111483647,0.8003790961236925,0.5313917203161062,-0.6095883777252842,-0.41768941232340623,Marine Shipping,Industrials,GNK
2016Q2,2016,Q2,2016-08-09,2016-06-30,-110653000.0,31874000.0,-100766000.0,-15.32,-19424000.0,-0.6093995105728807,1530388000.0,951751000.0,103556000.0,577128000.0,578637000.0,10517000.0,-542329000.0,41163889.5,539311889.5,131.78979843486366,0.17943333194715905,0.3615429551198781,0.5813505843440143,-0.06694285739336857,131.78979843486366,-0.11626255186493106,1.2914566574637636,-0.09300219944330475,0.04325069214531952,0.0,4.877626699629172,0.0,0.02082739801932582,0.11513563715501587,-0.07230388633470727,-2.9312746208075198,-0.6093995105728807,-1.0426666666666666,-6.33777339118773,-0.8438132318319005,-0.5989537170240916,0.40086366440468846,-1.0309637868692987,-1.1457836456558774,-0.458864373064901,-0.5833594988041176,-0.416901876932589,Marine Shipping,Industrials,GNK
2016Q1,2016,Q1,2016-05-10,2016-03-31,-54483000.0,20942000.0,-46960000.0,-7.5,-32420000.0,-1.5480851876611594,1644099000.0,1057828000.0,123969000.0,584942000.0,586271000.0,10438000.0,-431674000.0,46200288.0,533022288.0,146.53803023911885,0.2119338327560681,0.3412793268531883,0.5304236605572928,-0.02911832537633001,146.53803023911885,-0.05150459242901492,2.206106771082036,-0.2119940531909036,0.0436746692278896,0.0,5.112282046369036,0.0,0.012737675772566008,0.1472829784833368,-0.03313851538137302,-1.6634365953769712,-1.5480851876611594,-0.08695652173913038,-2.9755020980693003,-0.8994877172399004,-0.5543410879264707,-0.4085853319429962,-0.10066666666666667,-0.24837174681659888,0.3236376823062127,-0.6907247222176113,-0.38644900940716703,Marine Shipping,Industrials,GNK
2015Q4,2015,Q4,2016-03-15,2015-12-31,-49500000.0,34954000.0,-37617000.0,-6.9,-23016000.0,-0.6584654116839275,1724074000.0,1105966000.0,172529000.0,616959000.0,618108000.0,10478000.0,-377191000.0,107539319.60000001,576048319.6,153.23598346441463,0.2796441902946549,0.341304375566246,0.532054330784129,-0.022306505105095395,153.23598346441463,-0.04475725293544286,3.0765955141042514,-0.5431278767676767,0.0972356470271238,0.0,5.5325443786982245,0.0,0.020274071762580958,0.21783943503539133,-0.0287110646062756,-2.8801574696020142,-0.6584654116839275,0.27368421052631575,-1.6924253297492309,-0.869732040696209,-0.5246885970273473,-1.7693418361208038,0.2570356472795497,-0.06581855272850909,0.35341504244432353,-0.5768701927203317,-0.38166972135981414,Marine Shipping,Industrials,GNK
2015Q3,2015,Q3,2015-11-13,2015-09-30,-66625000.0,49995000.0,-35294000.0,-9.5,-8311000.0,-0.16623662366236625,1648217000.0,1150055000.0,90872000.0,79157000.0,498162000.0,11910000.0,-327691000.0,273013130.3,690813130.3,164.70691519703806,1.1479970185833217,0.2804715641205011,0.40196164531261547,-0.02196377035269109,164.70691519703806,-0.0579320119472547,5.460808686868687,-1.0244395133208255,0.2373913684997674,0.0,4.895549958018472,0.0,0.030332777783507875,0.7867529087762295,-0.04042246864338858,-8.748738393257707,-0.16623662366236625,-0.417910447761194,-1.8954950620764954,-0.7937332114734659,-0.4886003151370056,0.5505867084842914,-0.6519141128632352,0.23596138026583538,-0.06428762676379327,-0.4358597332265312,-0.36430434610831697,Marine Shipping,Industrials,GNK
2015Q2,2015,Q2,2015-08-10,2015-06-30,-40332000.0,34591000.0,-46194000.0,-6.7,-18493000.0,-0.5346188314879593,1669600000.0,987776000.0,108470000.0,79322000.0,483936000.0,11459000.0,-261067000.0,435507696.0,822476696.0,163.3033644484666,1.367464259600111,0.2686972927647341,0.4541687589089024,-0.032592510049907035,163.3033644484666,-0.04083111960606453,12.590202538232488,-2.6995171080035707,0.44089722366204487,0.0,4.6325159263461035,0.0,0.02071813608049832,0.9906205088121832,-0.024156684235745088,-23.640630550428835,-0.5346188314879593,-0.04687499999999997,-1.5698285107631962,-0.8294544953535009,-0.4725368390661982,-0.02494042010752092,-0.049164975807710315,0.3737510676084216,-0.03062591095575901,-0.6103524991372131,-0.39142366566761727,Marine Shipping,Industrials,GNK
2015Q1,2015,Q1,2015-05-08,2015-03-31,-38442000.0,34419000.0,-73763000.0,-6.4,-18043000.0,-0.5242162758941282,1694819000.0,1019248000.0,116819000.0,76230000.0,466855000.0,11712000.0,-220736000.0,525747786.0,891572786.0,168.66371739699537,1.532454414272596,0.2564332828461328,0.4264006404721913,-0.0510659127132584,168.66371739699537,-0.037716041630692435,15.274929137976118,-3.419097510535352,0.5158192961869927,0.0,4.479337431693989,0.0,0.020308363311952484,1.1009182736455463,-0.02268206811464823,-14.411945888157895,-0.5242162758941282,0.7918725524277956,-1.5972571736847962,-0.8110760859167435,-0.44902341209217694,-13.36668951336532,0.7931301694586901,0.6029914368908001,0.2673135720490756,-0.6374756906474457,-0.45558725244286036,Marine Shipping,Industrials,GNK
2014Q4,2014,Q4,2015-03-02,2014-12-31,-185827000.0,55702000.0,-185797000.0,-30.750389122893996,1459000.0,0.026192955369645613,1752900000.0,1044200000.0,130300000.0,63900000.0,708700000.0,11000000.0,-182300000.0,815815530.0,1162915530.0,172.7927390644304,2.0391236306729263,0.22602544355068743,0.3794292281172189,-0.12939882160624303,172.7927390644304,-0.1779611185596629,14.646072492908692,-1.0975470868065458,0.7812828289599694,0.0,4.931181818181818,0.0,0.03177705516572537,1.566510172143975,-0.10601118147070569,-31.045571580790014,0.026192955369645613,-9.250129707631332,-3.72093162936887,-0.6991764544087953,-0.41580940586351983,1.6513392857142857,-9.160032804811372,-9.655941729754531,-383.7779295492205,-0.6385745109081883,-0.42846968679563996,Marine Shipping,Industrials,GNK
2014Q3,2014,Q3,2014-11-17,2014-09-30,-18290000.0,44699000.0,-17436000.0,-3.0,-2240000.0,-0.050112977918969105,1926599000.0,1208422000.0,157320000.0,70084000.0,443073000.0,13407000.0,-18290000.0,1205995200.0,1504420200.0,200.4024559965081,2.244734889561098,0.21023835266186686,0.33518505952390804,-0.010996847491243637,200.4024559965081,-0.015135441095908548,26.980361976778003,-16.484352104975397,0.9979917611562849,0.0,3.5010815245767137,0.0,0.023200987854763756,1.782618001255636,-0.009493413003951522,-47.784895792059594,-0.050112977918969105,0.7841726618705036,-1.2769867082389084,-0.7504112039655834,-0.2724662753583651,0.8658843252305113,0.6978058290925914,0.3433263031033444,-7.827005616474452,-0.723669745647848,-0.38516619327521506,Marine Shipping,Industrials,GNK
2014Q2,2014,Q2,2014-08-15,2014-06-30,-60524000.0,52364000.0,-26552000.0,-13.9,-16702000.0,-0.3189595905583989,2828686000.0,843082000.0,103007000.0,44945000.0,1652678000.0,0.0,-32986000.0,914947740.0,2445641740.0,193.50528151476718,2.2918455890532874,0.5615377599351784,1.8840563551350877,-0.010965276543540715,193.50528151476718,-0.0717889837524701,17.472838973340462,-3.7792765679730356,1.085241696537229,0.0,0.0,0.0,0.018511775432126436,1.5512292802313938,-0.021396507070774205,-21.117752388865807,-0.3189595905583989,-0.5444444444444445,-2.154707513271913,-0.5989328291298216,-0.26052051645227575,-2.0987012987012985,-0.5477304692494566,-0.2786285274005586,-5.839373211516927,-0.5746905441238148,-0.41114885363407133,Marine Shipping,Industrials,GNK
2014Q1,2014,Q1,2014-05-19,2014-03-31,-39105000.0,63990000.0,-20766000.0,-9.0,-5390000.0,-0.08423191123613065,2902184000.0,915896000.0,140096000.0,1482928000.0,1648748000.0,10247000.0,27535000.0,76681334.4,1573625334.4,210.2176458734135,0.09447255699534975,0.5476399842325642,1.7352974573532367,-0.008359337617124355,210.2176458734135,-0.04269589560386769,1.1983330895452415,-0.4902271729957806,0.08372275280162814,0.0,6.770762174294916,0.0,0.02204891212962376,0.070596819265669,-0.01347433519032563,-3.7587046909465225,-0.08423191123613065,-1.0449567666232071,-1.680333335055603,-0.5249614002929914,-0.12320902548076705,-1.4022688260317935,-1.039374185136897,-6.150297619047619,-3.3492892271115213,-0.49113707937429835,-0.3606754014249453,Marine Shipping,Industrials,GNK
2013Q4,2013,Q4,2014-04-07,2013-12-31,-19175000.0,81785000.0,4032000.0,-4.401071038221265,13399000.0,0.16383199853273828,2957254000.0,967469000.0,165878000.0,1481626000.0,1648449000.0,11342000.0,66644000.0,108922350.0,1582321350.0,222.05474817610894,0.111956728621123,0.5397307772683713,1.6497903291991785,0.001648310660334273,222.05474817610894,-0.019819756498657838,1.3318132909457725,-1.4201088657105605,0.11258484767987398,0.0,6.029448069123611,0.0,0.027655723857335217,0.09318073521927936,-0.006484055816646119,-1.3036942393086692,0.16383199853273828,0.45665789651589317,0.8763929479902833,-0.42227880316891303,-0.0033370739256243288,3.429115300942712,0.4526745447279785,1.3011877194292971,-1.4443315402866752,-0.4950848430534342,-0.31122474300015984,Marine Shipping,Industrials,GNK
2013Q3,2013,Q3,2013-11-08,2013-09-30,-35034000.0,59433000.0,-13387000.0,-8.1,-5516000.0,-0.09281039153332324,2837724000.0,951050000.0,152512000.0,1476952000.0,1602852000.0,10989000.0,85821000.0,169899834.29999998,1611701834.3,219.9900026624099,0.10326131113265699,0.5466683863546984,1.6311382156563798,-0.005412860448520842,219.9900026624099,-0.036837179958992695,2.8586784160314975,-1.2123924922932008,0.1786444816781452,0.0,5.91036491036491,0.0,0.0209438972923371,0.08505625098175161,-0.012345809529045107,-4.181532187246191,-0.09281039153332324,0.2285714285714286,-1.404212690441943,-0.598354554252468,-0.1519919418658315,0.7033611185802635,0.22779871718574357,0.5055586334256694,-1.7605400189649418,-0.6039620908289658,-0.31695145950624376,Marine Shipping,Industrials,GNK
2013Q2,2013,Q2,2013-08-09,2013-06-30,-45369000.0,45760000.0,-27075000.0,-10.5,-18595000.0,-0.40635926573426573,2777660000.0,976321000.0,111398000.0,1477474000.0,1582737000.0,12043000.0,120855000.0,74730619.7,1533364619.7,226.01650257692162,0.07539760428948326,0.550171367265972,1.5652526167111023,-0.01086164274201744,226.01650257692162,-0.04646934768380481,1.6330992067307692,-0.41179340353545374,0.07654308337114535,0.0,5.343768164078718,0.0,0.016474298510256835,0.05550080745921756,-0.01633353254177977,-9.180665810810812,-0.40635926573426573,0.06249999999999994,-1.5130833416105967,-0.6986234406103066,-0.23353508260579933,0.16550733743212315,0.0580113365031248,0.11153770427249458,-1.8975620468878658,-0.6840822468631088,-0.2699759782962312,Marine Shipping,Industrials,GNK
2013Q1,2013,Q1,2013-05-10,2013-03-31,-48163000.0,40486000.0,-30474000.0,-11.2,-22283000.0,-0.5503877883712889,2803190000.0,1030852000.0,97367000.0,1476774000.0,1580968000.0,10497000.0,166226000.0,118694152.5,1589795152.5,238.8359443402235,0.06593222795092546,0.5444333063402766,1.480474403697136,-0.011954176773717396,238.8359443402235,-0.04672154683698533,2.9317332534703353,-0.6161065158939435,0.1151417977556429,0.0,5.979708488139468,0.0,0.01444283120302227,0.046654396678164706,-0.017181496794723156,-6.829745813913344,-0.5503877883712889,-0.05660377358490563,-1.4333675221142546,-0.7059774598279098,0.10271342915298479,0.8149590606367607,-0.055303578080150746,-0.16330737517178195,-2.0476844568698565,-0.6888605161423467,-0.21979062412943512,Marine Shipping,Industrials,GNK
2012Q4,2012,Q4,2013-03-01,2012-12-31,-45639000.0,49247000.0,-26196000.0,-10.6,-120422000.0,-2.4452657014640486,2843371000.0,1066296000.0,102460000.0,25680000.0,1582164000.0,10322000.0,214391000.0,150163008.5,1602602008.5,247.8222218090416,3.9898753894080996,0.5363489323060551,1.4302210643198512,-0.010160026109361064,247.8222218090416,-0.04280143599900966,3.049180833350255,-0.8225586039352308,0.14082675776707407,0.0,16.437608990505716,0.0,0.01731993468316305,3.3540109034267913,-0.016051018315935556,-9.847400386910618,-2.4452657014640486,-0.17777777777777773,-1.4720606131511509,-0.5585403891183764,0.009180155201833445,-6.131765106963266,-0.18700096231371427,-0.2972169951470734,-1.9385676897133055,-0.6264562431224738,-0.16214412837762135,Marine Shipping,Industrials,GNK
2012Q3,2012,Q3,2012-11-09,2012-09-30,-38449000.0,54431000.0,-20194000.0,-9.0,23466000.0,0.43111462218221236,2894573000.0,1111159000.0,113414000.0,28277000.0,1585564000.0,0.0,260031000.0,147098328.29999998,1582485328.3,259.09712326757966,4.010821515719489,0.5262140564428673,1.3707894189760421,-0.0077213789344190405,259.09712326757966,-0.03460260862756815,2.702473375466186,-0.9564509369554474,0.13238278977176082,-0.022107206949465524,0.0,0.005778447721489164,0.01880450069837589,3.4089189093609646,-0.013283133643546044,-30.890031142377147,0.43111462218221236,-0.38461538461538464,-2.39187190803676,-0.295257894662826,0.4965166703761888,-0.2761875385564466,-0.385999062759093,-0.9355889964535609,-1.8187140416470646,-0.5726580194356341,-0.05938330846564295,Marine Shipping,Industrials,GNK
2012Q2,2012,Q2,2012-08-09,2012-06-30,-27741000.0,62931000.0,-10433000.0,-6.5,32420000.0,0.5151674055711811,3074139000.0,1150580000.0,274292000.0,250597000.0,1721678000.0,0.0,298485000.0,130778571.0,1554844571.0,268.3366986782567,1.0945542045595118,0.5432688632491894,1.4515148881433713,-0.0037408547954998874,268.3366986782567,-0.024110448643292946,2.0781263765076035,-1.1785675624526875,0.11366317074866589,-0.030568472657798926,0.0,0.006484242743407863,0.020471097761031624,1.0254472320099601,-0.00902399013187107,17.615648033405172,0.5151674055711811,0.2528735632183907,-2.1935378181229113,0.008236312925146903,0.751431571731875,0.05947712418300653,0.16116839527078106,0.1667598434629822,-1.5377825760589343,-0.510233383928116,0.025447376951081364,Marine Shipping,Industrials,GNK
2012Q1,2012,Q1,2012-05-10,2012-03-31,-33071000.0,59844000.0,-12521000.0,-8.7,30600000.0,0.5113294565871265,3115009000.0,1180079000.0,278509000.0,251348000.0,1729899000.0,0.0,326258000.0,242256152.4,1671557152.4,309.80853801424445,1.1080613332908955,0.5380350425953826,1.4202303405111014,-0.004416906411481809,309.80853801424445,-0.02802439497694646,4.0481276719470625,-1.8313337395301021,0.20528808020479986,-0.06688639593601645,0.0,0.009130831056656375,0.019211501475597664,1.0261549723888792,-0.010616662744794638,-25.457771374527113,0.5113294565871265,-109.29677549019607,-2.1077142996732743,0.06831831432884293,1.201475374803284,-0.5374918758785387,-109.07516339869281,-1.5228193243976784,-1.6581063518459043,-0.4918444204531757,0.2921718765867055,Marine Shipping,Industrials,GNK
2011Q4,2011,Q4,2012-02-22,2011-12-31,306000.0,97143000.0,23949000.0,0.08033480185001073,66161000.0,0.6810681160762999,3119277000.0,1151606000.0,259365000.0,221702000.0,1757659000.0,10376000.0,359349000.0,257492388.39999998,1723917388.4,302.3334634617106,1.1698811918701681,0.5432005557698146,1.4713304724011511,0.0069632410733082425,302.3334634617106,0.00026571587852095246,2.650653041392586,210.36959836601304,0.22359417057570036,6.624183006535947,2.985929067077872,0.007872077355743693,0.03114279366660928,1.09462702185817,9.809965578561956e-05,66.5526979581287,0.6810681160762999,-0.7991629953749732,-0.9876910674217106,0.8071954530772418,1.1643644327627862,-0.004753523775140274,-0.8040973111395646,0.02609254498714653,1.0022562571574571,-0.2150979742476752,0.3569831621207756,Marine Shipping,Industrials,GNK
2011Q3,2011,Q3,2011-11-09,2011-09-30,1562000.0,94312000.0,23340000.0,0.4,66477000.0,0.7048625837645263,3179373000.0,1145931000.0,318934000.0,185775000.0,1823293000.0,0.0,359057000.0,274577029.09999996,1737955029.1,325.94573330970604,1.716775669492666,0.5520468972970457,1.5316480660702956,0.0065330122090114864,325.94573330970604,0.0013630838156922188,2.9113689572906942,43.9463875,0.23961043823755532,1.0819462227912933,0.0,0.0061549212821605265,0.02966371042340738,1.6302193513658996,0.0004912918364721598,43.583655412698405,0.7048625837645263,-0.8620689655172414,-0.9129297402537347,1.078276654310336,1.3455057825641827,-0.1009210294972883,-0.8451932606541129,-0.2617661943319838,-0.9778390443142647,-0.2162647399774319,0.25644167923959554,Marine Shipping,Industrials,GNK
2011Q2,2011,Q2,2011-07-26,2011-06-30,10090000.0,99330000.0,31616000.0,2.9,73939000.0,0.7443773280982583,3187920000.0,1155093000.0,311269000.0,150491000.0,1821479000.0,0.0,357505000.0,264330632.0,1731272632.0,328.614935555407,2.0683562472174417,0.5499422821149841,1.517775624992966,0.01049209828519246,328.614935555407,0.008735227379959881,2.661135930735931,6.549321902874133,0.22883926402462834,0.100396432111001,0.0,0.0038323216357308144,0.031158247383874123,1.9608481570326464,0.0031650731511455744,25.128874607852456,0.7443773280982583,-0.23684210526315788,-0.5861232690231943,1.210044904664757,1.3098205030619645,-0.02282398963867523,-0.24847311187248622,-0.06278532044821249,-0.859769429566917,-0.19605429944187305,0.11439570369094827,Marine Shipping,Industrials,GNK
2011Q1,2011,Q1,2011-05-10,2011-03-31,13426000.0,101429000.0,33734000.0,3.8,75666000.0,0.7459996647901488,3190707000.0,1155515000.0,299535000.0,120964000.0,1823181000.0,0.0,347422000.0,378480524.7,1853768524.7,328.81207189892694,2.4762325981283686,0.5487040959887574,1.515128752114858,0.011274757832118093,328.81207189892694,0.01161906163052838,3.7314823640181802,7.047529508044094,0.3275427187877267,0.21398778489497988,0.0,0.0075908793517903295,0.03178887939256096,2.3407377401540956,0.004207844844418494,77.58928345633456,0.7459996647901488,-0.6163525109170306,-0.4178699480291325,1.2383254361606704,1.3458583344631432,-0.2645217729393468,-0.6142840726269823,-0.4385900679004127,-0.8516258413712257,-0.09529561672531452,0.5181361764963565,Marine Shipping,Industrials,GNK
2010Q4,2010,Q4,2011-03-10,2010-12-31,34808000.0,130649000.0,60088000.0,9.904926027492372,102880000.0,0.7874534056900551,3182708000.0,1132949000.0,293681000.0,118022000.0,1834555000.0,0.0,334022000.0,506046384.0,1981417384.0,322.3907158676585,2.48835810272661,0.5486673612533729,1.5413297509420105,0.020512409630967007,322.3907158676585,0.03072336001002693,3.873327648891304,3.6345551597333947,0.44666298659516,0.07707998161342221,0.0,0.005301885528343189,0.04104963446222525,2.369651420921523,0.010936598644927527,-6.0227126382062055,0.7874534056900551,0.0004975785345830446,0.6525655974534831,1.8129384002394597,1.3384857319958687,0.08126287467944676,-0.03916968007287382,0.03897361413701283,-0.5591910370630365,0.4339268157144051,0.312837526433167,Marine Shipping,Industrials,GNK
2010Q3,2010,Q3,2010-11-09,2010-09-30,36227000.0,118020000.0,57834000.0,9.9,95148000.0,0.8062023385866802,3143554000.0,1095006000.0,304566000.0,123334000.0,1834350000.0,0.0,299234000.0,541942784.8000001,2008944784.8000002,322.07081872012407,2.469440705725915,0.5509270717156441,1.581606858775203,0.02021093630722016,322.07081872012407,0.03308383698354164,4.591957166581936,3.739909354901041,0.49492220572307366,0.0,0.0,0.0,0.03754349376533694,2.1929232814957755,0.011524217493957475,-1.2137358900624402,0.8062023385866802,-0.14655172413793097,0.9493613597071051,1.5140046958419784,1.0961683167532899,0.07927721503193094,-0.014472646154683208,0.05263732663536093,0.6542269326741359,0.9274717086132638,0.8602458536701282,Marine Shipping,Industrials,GNK
2010Q2,2010,Q2,2010-08-09,2010-06-30,36759000.0,105337000.0,54942000.0,11.6,88159000.0,0.8369233982361374,2583301000.0,972578000.0,233916000.0,80076000.0,1396631000.0,0.0,263027000.0,470893911.3,1586729911.3,309.6014594827062,2.9211748838603326,0.5078676468595801,1.3489663553977163,0.023610217226154025,309.6014594827062,0.03779542617661514,4.4703562024739645,3.202575636578797,0.4841708441893606,0.0,0.0,0.0,0.04077612326244599,2.4878240671362204,0.014229468420443456,-2.2354539862709353,0.8369233982361374,0.09433962264150944,0.011529153689488938,0.4626237407774425,3.054694563514648,0.11513211986288374,0.0989237668161435,0.13455581712303308,1.1587038518229984,1.3035304297506667,1.020766348632941,Marine Shipping,Industrials,GNK
2010Q1,2010,Q1,2010-05-10,2010-03-31,33450000.0,94681000.0,48426000.0,10.6,79057000.0,0.8349827314878381,2570279000.0,961387000.0,437055000.0,80379000.0,1396122000.0,0.0,226270000.0,662976226.9,1571993226.9,306.11775726705173,5.437427686335983,0.5114230789731388,1.3672953763676854,,306.11775726705173,0.03479348066907499,7.0022098087261435,4.954979274289984,0.6896039023827033,0.0,0.0,0.0,0.03683685701046462,5.074870301944538,0.013014151382009502,35.693777694626895,0.8349827314878381,-0.06206470571662014,0.263063779375252,0.9019250722236666,3.8757518147020913,-0.011738086904345217,-0.057560645761136,-0.06632475995835423,0.3588907244270268,1.0499858948511631,1.175248973875724,Marine Shipping,Industrials,GNK
2009Q4,2009,Q4,2010-03-01,2009-12-31,35493000.0,96230000.0,51866000.0,11.301419260588572,79996000.0,0.8313000103917697,2336802000.0,928925000.0,218068000.0,79013000.0,1407877000.0,0.0,192820000.0,702861580.2,1841594580.2,295.7814466695472,2.7599002695758927,0.5678701062392106,1.4285329816723633,,295.7814466695472,0.03820868207874694,7.303975685337213,4.950705633505199,0.7566397504642464,0.0,0.0,0.0,0.04118021124596778,2.409527546100009,0.01518870661699194,-16.68157735320644,0.8313000103917697,0.03682745509986897,0.885560439382215,1.3183698971080524,1.1454733613041397,0.03647270701338412,0.0356569694493887,0.03269353297228417,0.7316082757917008,1.1712612263421087,1.117459429441449,Marine Shipping,Industrials,GNK
2009Q3,2009,Q3,2009-11-09,2009-09-30,34271000.0,92949000.0,50224000.0,10.9,77181000.0,0.83035858373947,2296140000.0,862060000.0,275125000.0,82063000.0,1434080000.0,0.0,157327000.0,650329009.8000001,1746072009.8000002,275.45452424933484,3.3526071432923485,0.583370351982022,1.5538361598960628,,275.45452424933484,0.03975477344964388,6.996621908788692,4.74401833766158,0.754389497018769,0.0,0.0,0.0,0.04048054561133032,2.9875827108441078,0.014925483637757279,-4.845716019283644,0.83035858373947,-0.09166666666666663,1.0033844407515375,1.1509619773027178,0.7927704494692509,-0.024864496077019294,-0.088949145333227,-0.05686171411402389,1.146056596343719,1.300947500946812,0.9821709979139087,Marine Shipping,Industrials,GNK
2009Q2,2009,Q2,2009-08-10,2009-06-30,37617000.0,93701000.0,53252000.0,12.0,79149000.0,0.8446974952241705,2084260000.0,818224000.0,247232000.0,28874000.0,1266036000.0,0.0,123055000.0,679149430.8,1623685430.8,261.6776879142162,8.562443720994667,0.5629336071315479,1.433959404759577,,261.6776879142162,0.045973963120123584,7.248048908762979,4.513580500837387,0.830028733940828,0.0,0.0,0.0,0.04495648335620316,7.9966059430629635,0.018048132190801532,12.793140143537965,0.8446974952241705,-0.09090909090909086,0.03995559353665693,0.3071090477180028,2.4270610363131118,-0.021268965858363527,-0.08787371790208773,-0.03438021324436063,0.7345552373553343,1.3436298558805684,0.8393214164673761,Marine Shipping,Industrials,GNK
2009Q1,2009,Q1,2009-05-11,2009-03-31,41241000.0,96650000.0,55148000.0,13.2,80869000.0,0.8367201241593378,2033885000.0,749495000.0,193839000.0,29052000.0,1284390000.0,0.0,85437000.0,385754323.2,1383269323.2,239.75799475887766,6.67213961173069,0.5768762737322907,1.5654540724087553,,239.75799475887766,0.055025050200468315,3.9912501107087426,2.338415188768459,0.5146856526060881,0.0,0.0,0.0,0.047519894192641174,6.090183119922897,0.020276957645097928,7.107665380575977,0.8367201241593378,1.3707309135341046,0.5644886851476337,0.9505024755924071,2.8187934227386777,0.5391306002816795,1.3705257672680227,6.198538049862942,1.0101791128039568,1.3977016172117847,0.7105159400357138,Marine Shipping,Industrials,GNK
2008Q4,2008,Q4,2009-03-02,2008-12-31,-111304000.0,101572000.0,7661000.0,-35.60533939338104,52542000.0,0.5172882290394991,1990006000.0,696478000.0,140748000.0,30192000.0,1293528000.0,0.0,44196000.0,462655104.0,1510999104.0,222.79824238143496,4.661764705882353,0.5895962122727268,1.6846188967921456,,222.79824238143496,-0.15980978580802266,4.554947268932383,-1.0391699849062028,0.6642781308239456,-0.28317940056062674,0.0,0.06812634233902237,0.05104105213753125,4.2147919978802335,-0.055931489653800036,-10.993871729677068,0.5172882290394991,-2.7892130348432684,-6.940494538155911,1.458444041223559,0.6160841031682125,-0.5034259845570793,-2.766758202511151,-0.8915103023436947,-6.940494538155911,1.458444041223559,0.6160841031682125,Marine Shipping,Industrials,GNK
2008Q3,2008,Q3,2008-11-10,2008-09-30,62999000.0,107557000.0,70615000.0,19.9,105809000.0,0.9837481521425848,2030947000.0,815187000.0,220815000.0,31133000.0,1215760000.0,0.0,187019000.0,1044516475.1999999,2092022475.1999998,259.41970781084717,7.092634824783992,0.5561444981085178,1.3855716541112653,,259.41970781084717,0.07728165439340912,9.71128308896678,4.144972440832394,1.281321310570458,0.504690550643661,0.0,0.0304399219685951,0.05295903832054701,6.56637651366717,0.031019519465549816,-11.732317280886003,0.9837481521425848,-0.01970443349753705,2.6677901524076657,1.4789056465817945,0.688409320706074,0.14189356903119976,0.03448332484934071,-0.0028524224409393227,2.6677901524076657,1.4789056465817945,0.688409320706074,Marine Shipping,Industrials,GNK
2008Q2,2008,Q2,2008-08-08,2008-06-30,60899000.0,104572000.0,70817000.0,20.3,92661000.0,0.8860976169529128,1951696000.0,877282000.0,270895000.0,29742000.0,1074414000.0,0.0,160967000.0,1939719560.0,2991957560.0,294.8817322850526,9.108163539775402,0.5068668481156902,1.1276305680499543,,294.8817322850526,0.06941781548008508,18.549129403664463,7.9628547266786,2.2110559204451934,0.4774791047472044,0.0,0.014990826818285011,0.053580065747944355,8.702037522695178,0.031203117698657988,-108.15877997100479,0.8860976169529128,-0.20703125000000003,0.7695179399555416,0.5331942431315919,2.861917701466041,0.15817563682723795,-0.17689594117885574,-0.1696526979809113,0.7695179399555416,0.5331942431315919,2.861917701466041,Marine Shipping,Industrials,GNK
2008Q1,2008,Q1,2008-05-12,2008-03-31,73987000.0,91669000.0,85286000.0,25.6,80006000.0,0.8727705112960761,1746773000.0,622346000.0,221803000.0,24788000.0,1124427000.0,0.0,129146000.0,1621455105.6,2746683105.6,216.58931325764115,8.947999031789575,0.5807852537221494,1.6301221507007355,,216.58931325764115,0.11888402914134581,17.6881509081587,5.478851371186829,2.60539170429311,0.33407220187330205,0.0,0.01524371529907624,0.05247905709556994,8.47240600290463,0.04235639089910366,-16.61684487031021,0.8727705112960761,0.13930274894170144,2.053510524348595,1.0126483668947441,2.4497696134620397,0.4088539832358949,0.2995907326412675,0.30816780427946927,2.053510524348595,1.0126483668947441,2.4497696134620397,Marine Shipping,Industrials,GNK
2007Q4,2007,Q4,2007-12-31,2007-12-31,56931000.0,65690000.0,65195000.0,22.469883464934888,56788000.0,0.864484700867712,1653272000.0,622185000.0,267594000.0,70364000.0,1031087000.0,0.0,79876000.0,1387431120.8,2251935120.8,245.5678706439464,3.802995850150645,0.5661500345980577,1.5043757081896862,,245.5678706439464,0.0915017237638323,21.120887818541636,6.09259946602027,2.229933413373836,0.3347209780260315,0.0,0.013734735882969248,0.03973332881703676,3.430205787050196,0.034435350021049166,-3.736896298470961,0.864484700867712,2.5109192913960765,2.7489382848365604,0.9617029052058066,0.7812453444633576,0.5317060013486177,2.4884191176470587,1.5966861831361772,2.7489382848365604,0.9617029052058066,0.7812453444633576,Marine Shipping,Industrials,GNK
2007Q3,2007,Q3,2007-09-30,2007-09-30,16320000.0,45630000.0,25107000.0,6.4,37075000.0,0.8125136971290817,1338347000.0,438661000.0,316271000.0,283680000.0,899686000.0,2038000.0,42001000.0,1698817689.0,2473779689.0,173.1334694737806,1.114886491821771,0.6173286897942013,1.8834589808530962,,173.1334694737806,0.03720412801685128,37.230280276134124,26.02355528492647,3.8727347290960448,1.0318014705882352,4.19774288518155,0.009912187816876446,0.034094296920006546,0.9575437112239142,0.012194146958897804,-5.305340227788726,0.8125136971290817,0.18518518518518517,0.17841229713015883,0.3043017361072973,0.12682327049282432,0.2616981453122341,0.18941768092704614,0.35662181877127574,0.17841229713015883,0.3043017361072973,0.12682327049282432,Marine Shipping,Industrials,GNK
2007Q2,2007,Q2,2007-06-30,2007-06-30,13721000.0,36847000.0,18507000.0,5.4,29385000.0,0.7974869053111515,689556000.0,387814000.0,208491000.0,36332000.0,301742000.0,0.0,42520000.0,1044397463.4000001,1259832463.4,153.20992438940465,5.7384949906418585,0.41074691540643543,0.7303320664029663,,153.20992438940465,0.03538036275121579,28.34416542459359,19.02917905764886,2.693037031669821,1.2273157933095256,0.0,0.016124129548513035,0.05343583407293969,5.559479246944842,0.01989831137717604,43.38099536448598,0.7974869053111515,-0.30769230769230765,-0.5314182847103992,-0.36505126136503596,1.0065133043499412,-0.0011217621864164798,-0.308312748903564,-0.16863573065001572,-0.5314182847103992,-0.36505126136503596,1.0065133043499412,Marine Shipping,Industrials,GNK
2007Q1,2007,Q1,2007-03-31,2007-03-31,19837000.0,37220000.0,22261000.0,7.8,29418000.0,0.7903815153143471,577342000.0,356167000.0,94318000.0,12504000.0,221175000.0,0.0,45639000.0,802799894.0,921874894.0,140.7276872410748,7.543026231605886,0.3572111504099823,0.5790345540153916,,140.7276872410748,0.05569578315790065,21.56904605051048,10.117455940918486,2.2539985287800386,0.8490195089983364,0.0,0.020979076013679692,0.06446785440865206,7.049184261036468,0.03435918398453603,34.69016912972086,0.7903815153143471,0.19511932437341084,-0.07051850699192905,-0.07222528847606843,1.2414683897148466,0.037855000881989766,0.20093231626104854,0.2007659528561411,-0.07051850699192905,-0.07222528847606843,1.2414683897148466,Marine Shipping,Industrials,GNK
