Quarters,Year,Quarter,FillingDate,Date,NetIncome,Revenue,OperatingIncome,EPSDiluted,GrossProfit,GrossProfitRatio,TotalAssets,CommonStockEquity,CurrentAssets,CurrentLiability,TotalLiability,Inventory,RetainedEarnings,MarketCap,EnterpriseValue,bookValuePerShare,currentRatio,debtToAssets,debtToEquity,roic,shareholdersEquityPerShare,roe,priceToSalesRatio,peRatio,pbRatio,payoutRatio,inventoryTurnover,dividendYield,assetTurnover,quickRatio,returnOnAssets,priceToFreeCashFlowsRatio,grossProfitMargin,epsdilutedGrowth,fiveYNetIncomeGrowthPerShare,fiveYRevenueGrowthPerShare,fiveYShareholdersEquityGrowthPerShare,grossProfitGrowth,netIncomeGrowth,operatingIncomeGrowth,threeYNetIncomeGrowthPerShare,threeYRevenueGrowthPerShare,threeYShareholdersEquityGrowthPerShare,Industry,Sector,Symbol
2023Q1,2023,Q1,2023-03-31,2023-03-31,6332000.0,173266000.0,49937000.0,0.0499,52265000.0,0.301646024,3779809000.0,1068692000.0,297746000.0,784477000.0,2711117000.0,0.0,0.0,1204565144.5,3624371144.5,8.428414225960529,0.37954713777459376,0.689187998652842,2.4375582487751384,0.015574621254480786,8.428414225960529,0.00592499990642767,6.952114924451421,47.5586364695199,1.127139666526932,4.805906506632976,0.0,0.025263058738621835,0.04583988238559144,0.26828192541017776,0.001675216922336552,21.109390401836567,0.3016460240324126,-0.7227777777777777,-0.3115208295226783,0.5293911139097781,-0.2703149041667023,-0.3278764419181852,-0.7189275568181818,-0.32862328582952405,1.0238959962515413,0.20657294423456873,-0.02864565893718808,Marine Shipping,Industrials,SFL
2022Q4,2022,Q4,2022-12-31,2022-12-31,22528000.0,197817000.0,74380000.0,0.18,77761000.0,0.3930956389,3861330000.0,1091231000.0,296982000.0,1056611000.0,2770099000.0,16395000.0,40015000.0,1169062171.8200002,3654752171.82,8.60617173536354,0.2810703276797232,0.6925209707536004,2.450491234211638,0.008159426491362634,8.60617173536354,0.0206445747967204,5.909816506265893,12.973434967817829,1.0713241942540124,1.2945223721590908,7.3227203415675515,0.0249456365135816,0.05123027557862187,0.2039246231583809,0.005834259180127054,-9.744458472143501,0.39309563889857796,-0.3333333333333334,10.829761781996288,0.6526924096681882,-0.2668198013540495,0.13288170163170163,-0.34339842611483534,4.586180998873451,2.3535710537000947,0.4006709176224134,-0.16280801368542208,Marine Shipping,Industrials,SFL
2022Q3,2022,Q3,2022-09-30,2022-09-30,34310000.0,166890000.0,13315000.0,0.27,68640000.0,0.4112888729,3691292000.0,1071366000.0,291312000.0,1096441000.0,2619926000.0,16731000.0,20724000.0,1155025926.0,3487299926.0,8.450151672179867,0.2656887146686415,0.6802377053887907,2.343695805168355,0.0022510073513769486,8.450151672179867,0.032024536899621606,6.920881574689916,8.416102637714951,1.0780871578900209,0.8499271349460799,5.872332795409719,0.025247052333265116,0.04521181201595539,0.2361403851187615,0.009294848524581636,-11.637658072121633,0.4112888729103002,-0.39999999999999997,0.8832165259171867,0.43057313083831855,-0.21941660000752725,0.026699573704285395,-0.402348104793757,-0.825505202736351,1.642376722616666,0.2700880565031499,-0.18507521671608393,Marine Shipping,Industrials,SFL
2022Q2,2022,Q2,2022-06-30,2022-06-30,57408000.0,153297000.0,76306000.0,0.45,66855000.0,0.4361142097,3589799000.0,1046554000.0,330968000.0,860188000.0,2543245000.0,14262000.0,0.0,1203194822.05,3441742822.05,8.254521444065253,0.38476240077750445,0.6859336692667194,2.3528303365139305,0.02381216978034452,8.254521444065253,0.054854312343175796,7.848782572718318,5.239665299479167,1.1496729476453198,0.48587304905239687,6.061001262095078,0.02318244683971959,0.042703505126610156,0.3510093142429329,0.015991981723767822,15.609081406406082,0.4361142096714221,0.6666666666666666,26.4748209604946,0.19989106894528924,-0.29716656471575614,0.041890691476927394,0.6537420061070461,0.2861717907227616,17.812835721817503,0.1732103558089859,-0.23068970679486622,Marine Shipping,Industrials,SFL
2022Q1,2022,Q1,2022-03-31,2022-03-31,34714000.0,152389000.0,59328000.0,0.27,64167000.0,0.4210736995,3606459000.0,1014210000.0,260144000.0,394574000.0,2592249000.0,6896000.0,0.0,1290676848.1,3679230848.1,7.999413497808445,0.6593034513171167,0.7036938448489225,2.5022855227221186,0.010778532381723186,7.999413497808445,0.034227625442462606,8.469619513875672,9.295074379933167,1.2725932973447314,0.730454571642565,12.793213457076567,0.019646280970583716,0.04225446622296274,0.5203383902639303,0.009625508012152641,-12.264594322285149,0.42107369954524276,-0.39999999999999997,0.6293359551088996,0.16007103074403117,-0.3387958959337981,-0.042254992686348844,-0.3951632574833606,-0.42313750656321103,2.4888301200452814,0.10979367079130703,-0.26342095802053905,Marine Shipping,Industrials,SFL
2021Q4,2021,Q4,2021-12-31,2021-12-31,57394000.0,152061000.0,102846000.0,0.45,66998000.0,0.4405994963,3459297000.0,982327000.0,250316000.0,400316000.0,2476970000.0,10124000.0,-92720000.0,1033302191.75,3301094191.75,7.747941612744576,0.6252960161472437,0.6976602471542629,2.4568336205764476,0.018794614734936564,7.747941612744576,0.058426572821473906,6.795313668527762,4.500915564998084,1.0518922840866636,0.3976199602745932,8.4021137890162,0.022085504300876753,0.043957197083684924,0.5631825857572518,0.016591232264821437,-18.686068063040256,0.4405994962547925,3.5638945233265726,4.679348133069808,0.14610542798894344,-0.36119285630877823,0.16082195578349157,3.9130285909946925,0.8786030029591203,2.0836020801304813,0.08845640048212813,-0.2934645220081798,Marine Shipping,Industrials,SFL
2021Q3,2021,Q3,2021-09-30,2021-09-30,11682000.0,135445000.0,54746000.0,0.0986,57716000.0,0.4261213039,3526276000.0,920455000.0,374780000.0,547746000.0,2605821000.0,13323000.0,-172840000.0,992908179.94,3278528179.94,7.768505744877749,0.6842222489986235,0.7192638919925723,2.7555100466617053,0.004821774602486375,7.768505744877749,0.012691549288123808,7.330711210749751,21.248677023198084,1.0787145269893694,1.627974661872967,5.8341965022892746,0.019153835555216426,0.03841020952415523,0.604181500184392,0.0033128433508891534,-2.9706532748721726,0.4261213038502713,4.015290519877676,-0.6030388823302324,0.14284970535528285,-0.35803864537740243,0.16919212381492585,3.830627574509329,0.26782612723188437,5.318919978089189,0.10822536585583069,-0.32131102208611345,Marine Shipping,Industrials,SFL
2021Q2,2021,Q2,2021-06-30,2021-06-30,-4127000.0,116762000.0,43181000.0,-0.0327,49364000.0,0.4227745328,3193902000.0,901320000.0,496757000.0,460227000.0,2292582000.0,11087000.0,-206054000.0,906413791.95,2765132791.95,7.607009140015768,1.0793738741968637,0.6983842960742064,2.4747825411618516,-0.002479457196800196,7.607009140015768,-0.00457883992366751,7.762917661139754,-54.90754736794282,1.005651479996006,-4.424279137387933,6.0790114548570395,0.020144221284098922,0.036557790439406095,1.0113205005356052,-0.0012921498530637447,19.553743759033548,0.4227745328103321,-1.1816666666666666,-1.083914350371501,-0.11391871988658343,-0.3734754784806682,0.11541937816341287,-1.1974735633283888,0.026530369665993106,0.7297708104969135,0.06851343106972169,-0.35708975943643956,Marine Shipping,Industrials,SFL
2021Q1,2021,Q1,2021-03-31,2021-03-31,20899000.0,109128000.0,42065000.0,0.18,44256000.0,0.4055421157,3060575000.0,816354000.0,334102000.0,610075000.0,2244221000.0,0.0,0.0,933085135.5999999,2902521135.6,7.016679218440226,0.5476408638282179,0.7140622268691341,2.6770751414214913,0.007837748076610137,7.016679218440226,0.025600413546084173,8.550373282750531,11.16183950906742,1.1429908294685882,0.8351595770132543,0.0,0.018705688617337783,0.035656045024219304,0.4619169774208089,0.00682845543729528,16.91750767110869,0.40554211568066856,1.0530973451327434,-0.5382646386240136,-0.2543570119089774,-0.42940780057917605,-0.09692690690935804,1.0554679703590462,-0.09197858653887665,1.476482078282286,0.04978700673842207,-0.39253504743882267,Marine Shipping,Industrials,SFL
2020Q4,2020,Q4,2020-12-31,2020-12-31,-376776000.0,114912000.0,46326000.0,-3.39,49006000.0,0.4264654692,3093211000.0,795651000.0,356436000.0,576531000.0,2297560000.0,8808000.0,-257063000.0,698349947.88,2705060947.88,7.154991985276984,0.6182425576421736,0.7183978073270786,2.7928777818415362,0.029419120704144555,7.154991985276984,-0.4735443052293028,6.077258666457811,-0.46337210164660175,0.8777088797475275,-0.045714164384143365,7.482515894641235,0.024663852345500083,0.03714974503840831,0.5829313601523596,-0.12180740337468088,9.152206278569931,0.4264654692286271,-25.076923076923077,-9.607779380022754,-0.15211340344150684,-0.4614612614813304,0.0038099139696845556,-25.47200168622216,0.003922418463538845,-226.59518110858014,0.09467961370485692,-0.39044924893612215,Marine Shipping,Industrials,SFL
2020Q3,2020,Q3,2020-09-30,2020-09-30,-14233000.0,115774000.0,46145000.0,-0.13,48820000.0,0.421683625,3576837000.0,927600000.0,369033000.0,406654000.0,2649237000.0,8694000.0,-91838000.0,806154332.48,3140125332.48,8.61835472449361,0.9074864626931003,0.7100645067136132,2.738017464424321,-0.009098107268276114,8.61835472449361,-0.01534389823199655,6.963172495378928,-14.159951037729222,0.8690753907718843,-1.9168832993746927,7.701173222912353,0.033843395613924666,0.0323677036443092,0.8564233967943263,-0.003979214037430277,12.794678884568382,0.42168362499352186,0.4583333333333333,-1.381662177029743,-0.09188067558678739,-0.32024834425778403,-0.060539583573875226,0.44428392940809,-0.06604193652849741,-1.9202651353888374,0.16903568596193114,-0.20387883032506865,Marine Shipping,Industrials,SFL
2020Q2,2020,Q2,2020-07-10,2020-06-30,-25612000.0,118465000.0,49408000.0,-0.24,51966000.0,0.438661208,3711112000.0,934054000.0,319062000.0,401040000.0,2777058000.0,9280000.0,-107794000.0,999889686.0799999,3512326686.08,8.678318999387834,0.7955864751645721,0.7179953070669923,2.852684106058108,-0.022764236713406265,8.678318999387834,-0.02742025621645001,8.440380585658211,-9.759972728408558,1.0704838115141093,-1.0626268936436045,7.16584051724138,0.02721900263487915,0.03192169894091043,0.7267654099341712,-0.0069014354727100664,-29.434491789225785,0.4386612079517157,0.8851674641148325,-1.3271671714581907,0.1172502450599476,-0.32412244758775777,-0.043564684445916844,0.8861329575110368,-0.027803467070699122,-15.439073075658047,0.09227398712168562,-0.26108220856127723,Marine Shipping,Industrials,SFL
2020Q1,2020,Q1,2020-04-13,2020-03-31,-224929000.0,121896000.0,50821000.0,-2.09,54333000.0,0.4457324276,3782495000.0,933909000.0,390742000.0,393675000.0,2848586000.0,0.0,0.0,1019263221.44,3509127221.44,8.676971800773073,0.9925496920048263,0.7128464148663779,2.8871528168161995,0.027744699918332724,8.676971800773073,-0.24084680627341637,8.361744613769115,-1.1328721745973174,1.091394580671136,-0.16747951575830594,0.0,0.036959049642524104,0.032226347952872374,0.8596913697847209,-0.05946577589659735,19.939419019523456,0.44573242764323684,-15.076923076923077,-9.127245797690373,0.17433891938578217,-0.30041319934505917,-0.039968195070235885,-14.921922559637574,-0.172444676035238,-13.436117074243375,0.09308462156180011,-0.282791248744716,Marine Shipping,Industrials,SFL
2019Q4,2019,Q4,2020-01-09,2019-12-31,-14127000.0,119877000.0,61411000.0,-0.13,56595000.0,0.4721089116,3885370000.0,1106369000.0,390487000.0,365836000.0,2779001000.0,7934000.0,0.0,1564874304.7199998,4079868304.72,10.279806634615516,1.0673826523360195,0.6986503215909939,2.4535349417780146,-0.007447352779668828,10.279806634615516,-0.012768795944210294,13.053999555544431,-27.692969220641324,1.414423492270662,-2.666454307354711,7.976052432568692,0.024071581906854843,0.03085343223425311,1.030251260127489,-0.0036359471556119496,32.52768306803301,0.4721089116344253,0.6904761904761905,-1.7464272256629756,0.17338539587376425,-0.16760828656298438,0.17529177223075965,0.6883727086228575,0.1592011627687487,-2.6467839726377176,0.06438141289792301,-0.15244406292955692,Marine Shipping,Industrials,SFL
2019Q3,2019,Q3,2019-10-30,2019-09-30,-45333000.0,111527000.0,52977000.0,-0.42,48154000.0,0.4317698853,3800366000.0,1115845000.0,358304000.0,273379000.0,2684521000.0,0.0,0.0,1510859226.24,3986486226.24,10.36924124227533,1.3106493183455934,0.687817699663664,2.3425825271431067,-0.1294196342295156,10.36924124227533,-0.04062661032670308,13.547026515910945,-8.332005527099463,1.3540045671576248,-0.8308516974389517,0.0,0.024929523112312064,0.029346384006172038,1.2067386302532381,-0.011928587930741407,30.587909993926388,0.43176988531925004,-18.42738589211618,-2.9255800041261915,0.163909027378987,-0.1811463851766163,-0.010174926514419619,-18.503088803088804,-0.012581078058599865,-2.696107618359083,0.036130218579614626,-0.1431232243486832,Marine Shipping,Industrials,SFL
2019Q2,2019,Q2,2019-07-05,2019-06-30,2590000.0,110902000.0,53652000.0,0.0241,48649000.0,0.4386665705,3806885000.0,1154627000.0,425836000.0,286038000.0,2652258000.0,7088000.0,15931000.0,1364490780.44,3755934780.44,10.729768621286619,1.48873925842021,0.6839828363609618,2.2551386724890374,0.001008537973533653,10.729768621286619,0.0022431486532014234,12.303572347117274,131.7076042895753,1.1817589407141873,14.54131274131274,8.782872460496614,0.02760150566048921,0.02913195434062232,1.4560757661569441,0.0006803462673550685,24.968266216033232,0.438666570485654,-0.6926020408163266,0.12431920862034013,0.3172666515661713,-0.14887334047697176,-0.10957976425799838,-0.6933096506808762,-0.0866034491564378,-0.9420150549514511,-0.07332993831420748,-0.11628038987070219,Marine Shipping,Industrials,SFL
2019Q1,2019,Q1,2019-05-31,2019-03-31,8445000.0,116543000.0,58739000.0,0.0784,54636000.0,0.4688055053,3782759000.0,1168647000.0,359800000.0,272912000.0,2614112000.0,7893000.0,25472000.0,1348328240.0,3761381240.0,10.860224146903576,1.3183736882218444,0.678639585551181,2.196668455059569,0.003018173758693677,10.860224146903576,0.007226305291503764,11.569362724487958,39.91498638247483,1.1537515092239143,4.459798697454115,7.843278854681364,0.02793310922568825,0.030808994175944068,1.278954388227707,0.0022324974971971515,28.544505038529934,0.46880550526415143,1.1866666666666665,-0.8203047055887246,0.22184594059090537,-0.15135618263028686,0.01284689394360714,1.187858700004449,0.13190349558715844,-0.7982704003390789,-0.1390393975000393,-0.11685300278521739,Marine Shipping,Industrials,SFL
2018Q4,2018,Q4,2019-01-14,2018-12-31,-44954000.0,118571000.0,51894000.0,-0.42,53943000.0,0.4549426082,3877845000.0,1180032000.0,413579000.0,404125000.0,2697813000.0,8547000.0,29511000.0,1133104047.6599998,3530841047.66,10.966104115205205,1.023393751933189,0.6728301414832207,2.211068004935459,-0.13550897285553176,10.966104115205205,-0.03809557706909643,9.556333738097848,-6.3014639835164825,0.9602316273287503,-0.8378119855852649,7.561483561483562,0.03323878339132117,0.030576518659203758,0.9802907516238788,-0.01159252110386052,-3.1351795373198748,0.4549426082262948,-27.923076923076923,-17.998387265416937,0.4332415021475642,-0.1419829220400497,0.057705882352941176,-27.77427039904705,-0.10191578838066559,-2.0613247181578394,-0.09588659023160268,-0.17460817722517932,Marine Shipping,Industrials,SFL
2018Q3,2018,Q3,2018-10-30,2018-09-30,1679000.0,110997000.0,57783000.0,0.0156,51000000.0,0.4594718776,3590185000.0,1231709000.0,417118000.0,685541000.0,2358476000.0,8387000.0,63704000.0,1503272891.3400002,3631648891.34,11.446341398907222,0.6084508439320186,0.6329381354999812,1.8448878753017148,0.000853816978091342,11.446341398907222,0.001363146652334277,13.54336505797454,223.83455797200716,1.2204773135050568,22.442525312686122,7.153571002742339,0.02506597452603006,0.030916791195996864,0.48007923669043867,0.00046766392261123036,-9.497014267194816,0.459471877618314,1.12,1.1721651317005723,0.41294920082796144,-0.10231190441736737,0.2193955623565417,1.1241129509166174,0.28235685752330225,-0.9549672649108912,-0.12916059026218055,-0.09719781015917435,Marine Shipping,Industrials,SFL
2018Q2,2018,Q2,2018-07-18,2018-06-30,-13528000.0,96795000.0,45060000.0,-0.13,41824000.0,0.4320884343,3464048000.0,1241824000.0,406735000.0,809083000.0,2222224000.0,6789000.0,71655000.0,1569053120.6999998,3566900120.7,11.832148035700344,0.502711093917435,0.6185347316203471,1.7253926482335662,-0.010707309136402391,11.832148035700344,-0.010893653206895663,16.210063750193708,-28.9963985936576,1.2635068421128919,-2.784077468953282,8.097068787744881,0.02400364876314541,0.02794274213290347,0.39652050531280475,-0.00390525766386609,-3.360691565142519,0.43208843431995453,-2.820728291316527,-1.8855767740661213,0.20380034576279216,-0.15718271405578976,0.06373671092120657,-2.804455115379485,0.07765527467534021,-1.1772146988458807,-0.06383318070865977,-0.07849858311124767,Marine Shipping,Industrials,SFL
2018Q1,2018,Q1,2018-04-19,2018-03-31,7497000.0,92349000.0,41813000.0,0.0714,39318000.0,0.4257544749,2929060000.0,1193863000.0,292931000.0,440757000.0,1735197000.0,6045000.0,93551000.0,1462515700.0,2986252700.0,11.550755626076356,0.6646088434216586,0.5680074836295603,1.3935669335593783,0.004119792990851321,11.550755626076356,0.006279614997700741,15.83683310052085,48.770031345871686,1.2250280811114844,4.835800987061491,8.772704714640199,0.02478879372029989,0.0315285449939571,0.6450062052332691,0.002559524215960069,29.26670335387817,0.42575447487249457,3.7600000000000007,-0.7052010526648631,0.17024913741840675,-0.07274366769303353,-0.025938312894834635,3.9032047089601045,0.08208897285266945,-0.7179164694520531,-0.07353615788293875,-0.06871240806915352,Marine Shipping,Industrials,SFL
2017Q4,2017,Q4,2018-02-28,2017-12-31,1529000.0,96102000.0,38641000.0,0.015,40365000.0,0.4200224761,3012082000.0,1194997000.0,317695000.0,343745000.0,1817085000.0,5126000.0,203932000.0,1593242475.15,3183804475.15,11.738139888744353,0.9242170795211567,0.5788733507255115,1.459094876388811,0.0009255509341351543,11.738139888744353,0.0012795011200864939,16.57866095554723,260.504001823087,1.3332606484786156,23.561805101373448,10.873390557939913,0.022611749662654605,0.03190550589260186,0.9023258520123929,0.0005076223024472773,35.649388596393095,0.4200224761191234,-0.8928571428571428,-0.9750849400942426,0.030470221402854037,0.00025760068674120885,0.03659476117103236,-0.8954815776881536,-0.09786846590245839,1.3142484575986053,-0.0055458659163227205,-0.04952196847224691,Marine Shipping,Industrials,SFL
2017Q3,2017,Q3,2017-10-06,2017-09-30,14629000.0,93673000.0,42833000.0,0.14,38940000.0,0.4157014294,3156851000.0,1102079000.0,430063000.0,524517000.0,2054772000.0,5806000.0,219873000.0,1476167149.5,3175118149.5,10.825430917774261,0.819921947239079,0.6160357267416169,1.7646039893691832,0.006650399483850697,10.825430917774261,0.013274003043338999,15.75872609503272,25.226726869574133,1.339438596960835,2.2371317246565043,9.42697209782983,0.022170253559080436,0.029672924062618098,0.8036574601013885,0.004634048296862918,-39.631840134775956,0.415701429440714,7.484848484848485,-0.8166595030122795,0.7824765161716272,0.009099939072628847,-0.0199088872668697,8.493186242699545,0.10733952069491481,-0.34317283479427013,0.03333896231084798,-0.14512132258048002,Marine Shipping,Industrials,SFL
2017Q2,2017,Q2,2017-08-14,2017-06-30,1541000.0,94223000.0,38681000.0,0.0165,39731000.0,0.4216698683,3138913000.0,1098182000.0,447613000.0,561664000.0,2040731000.0,5034000.0,223869000.0,1271668000.0,2928834000.0,11.744633976792684,0.7969408756836828,0.6072691406228844,1.7357459874592736,0.0009150955524859951,11.744633976792684,0.001403228244498635,13.496365006420938,206.30564568462037,1.157975636096749,27.304996755353667,10.824791418355185,0.03308803870192535,0.030017716324090536,0.7634600045578851,0.0004909342820269309,23.36637083585984,0.4216698682911816,-0.8730769230769231,-0.9786747483461011,-0.18854530069278091,0.025353846403757745,-0.05172084586376438,-0.9019283395914212,-0.20818406992692062,-0.2301448442167556,0.2879759813011204,-0.06837030351642717,Marine Shipping,Industrials,SFL
2017Q1,2017,Q1,2017-04-13,2017-03-31,15713000.0,96880000.0,48851000.0,0.13,41898000.0,0.4324731627,3039758000.0,1131247000.0,267803000.0,430820000.0,1908511000.0,5878000.0,245835000.0,1374523500.0,3087449500.0,12.09825143040479,0.6216122742676756,0.5837569964451117,1.568605264809542,0.007567188973449149,12.09825143040479,0.0138899815866915,14.18789739884393,21.86920861706867,1.2150516200263957,2.677846369248393,9.353861857774753,0.03061206301674726,0.031870958148642096,0.6002483635857202,0.0051691614924609134,40.115675344384776,0.4324731626754748,0.6311166875784193,-0.5520519606068077,-0.025401320492573858,0.07979116652708956,0.019168085623935783,1.1082785455521267,-0.015200080637032556,-0.6152258509936582,0.16889126235670807,-0.054613777900281164,Marine Shipping,Industrials,SFL
2016Q4,2016,Q4,2017-02-01,2016-12-31,7453000.0,97849000.0,49605000.0,0.0797,41110000.0,0.4201371501,2937377000.0,1134095000.0,278427000.0,238970000.0,1803282000.0,5083000.0,255630000.0,1388542938.75,3001437938.75,12.128764822469916,1.165112775662217,0.5703309449212682,1.4771928277613426,0.004420174237498728,12.128764822469916,0.006571759861387274,14.190670714570409,46.57664493324835,1.2243621026016338,5.645780222729102,11.16250245917765,0.030303708171876657,0.03331169271087776,1.0274469598694396,0.0025372977319560956,31.260816307578008,0.42013715009862135,-0.6812,0.892294530270661,0.08864751891658113,0.11973544886483688,0.1720264568365834,-0.6790819841543231,0.2008569768567832,2.2432397817657903,0.3611495490310039,-0.05101326388014725,Marine Shipping,Industrials,SFL
2016Q3,2016,Q3,2016-10-07,2016-09-30,23224000.0,93528000.0,41308000.0,0.25,35076000.0,0.375032076,2824223000.0,1131518000.0,245733000.0,97442000.0,1692705000.0,5298000.0,269179000.0,1377322389.75,2872428389.75,12.101204673675058,2.5218386322119826,0.5518424005469823,1.3773762326361578,0.011052656628430146,12.101204673675058,0.020524640350396545,14.726310727803439,14.826498339540992,1.217234184299322,1.8117895280744059,11.032842582106456,0.030549855511778516,0.03311636510289733,2.4388251472670923,0.008223146684946621,27.285597483061927,0.37503207595586346,-0.40476190476190477,15.633286399240852,0.08047539375979809,0.1409932217864638,-0.2448491894335723,-0.40162836236215604,-0.07064434845212383,3.7405648609094384,0.3701417935234828,-0.0509537502695741,Marine Shipping,Industrials,SFL
2016Q2,2016,Q2,2016-08-26,2016-06-30,38812000.0,103991000.0,44448000.0,0.42,46449000.0,0.4466636536,2904455000.0,1135295000.0,274623000.0,112458000.0,1769160000.0,5050000.0,278989000.0,1378257435.5,2913443435.5,12.141598419114787,2.4420050152056767,0.5568005012988667,1.4244773384891152,0.013803314060687579,12.141598419114787,0.034186709181314105,13.253622289428893,8.87777900842523,1.2140081965480336,1.0841234669689788,11.394455445544555,0.03052912969392792,0.03580396322201584,2.3712141421686317,0.013362920065898766,-108.60116897801592,0.44666365358540644,0.4,0.7651049282347862,0.19313898981326336,0.11985169913503266,-0.22594030696418752,0.06731932680673193,-0.22339867910682462,1.8518208487486563,0.45164655505336665,-0.1351402132776697,Marine Shipping,Industrials,SFL
2016Q1,2016,Q1,2016-04-01,2016-03-31,36364000.0,117583000.0,57234000.0,0.3,60007000.0,0.5103373787,2894408000.0,1149455000.0,294818000.0,111197000.0,1744953000.0,4783000.0,282254000.0,1298339970.0,2813708970.0,12.297187423106138,2.651312535410128,0.5527192434515107,1.39178567234037,0.01617614165368676,12.297187423106138,0.031635862212961795,11.041902060672037,8.925998033769662,1.1295265756380197,1.1565559344406555,12.037633284549447,0.03239290245373868,0.04062419672693,2.579772835598083,0.012563536308633752,-32.23767120226449,0.5103373787027036,-0.23076923076923084,-0.32750383320102705,0.3761685430363436,0.14584370702801583,0.01974679242076642,-0.011606099317767932,-0.2028135664043457,0.5811314680260456,0.6475878654125047,-0.012822599943265657,Marine Shipping,Industrials,SFL
2015Q4,2015,Q4,2016-02-23,2015-12-31,36791000.0,113914000.0,71795000.0,0.39,58845000.0,0.5165739066,3064825000.0,1241810000.0,375917000.0,238965000.0,1823015000.0,5056000.0,277513000.0,1548764760.0,3145065760.0,13.285937433132196,1.5731048479902914,0.543742628045647,1.3419734097808844,0.016728416771003916,13.285937433132196,0.02962691555068811,13.595912354934423,10.524073550596613,1.2471833533310248,1.1431056508385202,10.891811708860759,0.027154543469855293,0.03716819067972886,1.5277174481618647,0.012004274306037049,-309.69101379724054,0.5165739066313184,0.1142857142857144,4.9934977598923505,0.3550499948247554,0.26821623244291976,0.03889340065675647,0.13605064072873244,0.22544250430982982,-0.3470188763416448,0.3304075668588717,0.13215211487486833,Marine Shipping,Industrials,SFL
2015Q3,2015,Q3,2015-11-13,2015-09-30,32385000.0,110712000.0,58587000.0,0.35,56642000.0,0.5116157237,3110562000.0,1185051000.0,238536000.0,233520000.0,1925511000.0,5287000.0,265277000.0,1518855000.0,3234338000.0,12.67868147387341,1.0214799588900307,0.5708826893661016,1.4984722176513923,0.014088211044649393,12.67868147387341,0.02732793778495609,13.718973553002385,11.724988420565076,1.281679016346132,1.2697853944727497,10.226971817665973,0.027074342185396234,0.03559228203777967,0.9799075025693731,0.010411301880496193,-7.447813742748844,0.5116157236794566,-0.5205479452054794,-0.2083107932696898,0.26755269572269114,0.26892498348733235,0.17531591724939308,-0.5233504555288992,-0.06196263028963927,-0.5579287719948397,1.2946088699744154,0.18185195582379837,Marine Shipping,Industrials,SFL
2015Q2,2015,Q2,2015-08-05,2015-06-30,67943000.0,92026000.0,62457000.0,0.73,48193000.0,0.5236889575,2783005000.0,1199430000.0,235674000.0,223966000.0,1583575000.0,6120000.0,260913000.0,1524500160.0,2924641160.0,12.840075792448589,1.0522757918612646,0.525227946051121,1.2186722026295824,0.0253650641625343,12.840075792448589,0.05664607355160368,16.565972225240692,5.609482065849315,1.2710205347540082,0.5914958126664999,7.162254901960784,0.026361427210345456,0.03306713426673685,1.0047462561281624,0.024413538603056766,-278.3458389629359,0.5236889574685415,2.65,-0.05811973705037661,-0.03327237233442043,0.28030218650287897,0.09159890371242836,1.8286011656952539,0.4800236966824645,-0.05883935232544012,-0.20668546397734966,0.12099032868270863,Marine Shipping,Industrials,SFL
2015Q1,2015,Q1,2015-04-09,2015-03-31,24020000.0,90088000.0,42200000.0,0.2,44149000.0,0.4900652695,2841480000.0,1158601000.0,248668000.0,235109000.0,1682879000.0,4893000.0,233158000.0,1382512400.0,2875825400.0,12.402995300439981,1.0576711227558282,0.5430420062784183,1.331815698415589,0.011331780473691067,12.402995300439981,0.0207318999379424,15.34624367285321,14.389179850124895,1.1932601473673854,1.633097418817652,9.388718577559779,0.02837370572589439,0.03170460464265101,1.0275829508866101,0.008453341216549122,-57.96940752232798,0.4900652695142527,5.184100418410042,-0.6440178287216524,-0.07960419294165733,0.22346051935843952,0.13193856882803887,6.380824372759856,-0.2290547699952501,-0.31456062733396944,-0.09283528700453718,0.10699011678946384,Marine Shipping,Industrials,SFL
2014Q4,2014,Q4,2014-12-31,2014-12-31,-4464000.0,88662000.0,54738000.0,-0.0478,39003000.0,0.4399066116,3041554000.0,1153492000.0,340225000.0,213755000.0,1888062000.0,6927000.0,239275000.0,1318839925.32,3000480925.3199997,12.34972245479154,1.5916586746508854,0.5695966601283423,1.5019254576538026,-0.003368299594568246,12.34972245479154,-0.0038699878282640885,14.874917386478987,-73.85976284274193,1.1433455327995339,-8.577956989247312,7.168904287570377,0.029034607813157403,0.029150230441412513,1.5355102804612757,-0.001467670802491095,-35.22636623093565,0.43990661162617584,-1.2172727272727273,-1.0603575722003051,-0.2860606983099641,0.2994644604171641,0.1027765211490613,-1.2184594303611627,0.12310722639418933,-2.1346378578108895,-0.012484569514014356,0.14013440104415537,Marine Shipping,Industrials,SFL
2014Q3,2014,Q3,2014-11-25,2014-09-30,20434000.0,83169000.0,48738000.0,0.22,35368000.0,0.4252546021,3069434000.0,1182764000.0,200565000.0,347336000.0,1886670000.0,6797000.0,252430000.0,1580366256.1200001,3326137256.12,12.663119579085992,0.5774379851210355,0.5793882520360432,1.503591587163627,0.009724318495985101,12.663119579085992,0.017276481191514113,19.001866754680233,19.335008516687875,1.3361636439052933,1.8737398453557796,7.032661468294836,0.024227295319505175,0.027095875004968344,0.5441388165925789,0.006657253421966395,-20.9803554698245,0.4252546020752925,9.280373831775702,-0.6602564660108248,-0.14262830245107658,0.4466309546039333,0.282053140972197,9.232348522784177,0.1408440813651366,13.889429932902557,-0.03814372122598567,0.1939748145769233,Marine Shipping,Industrials,SFL
2014Q2,2014,Q2,2014-09-04,2014-06-30,1997000.0,72985000.0,42721000.0,0.0214,27587000.0,0.3779817771,3012786000.0,1176022000.0,230640000.0,427140000.0,1836764000.0,5557000.0,256132000.0,1734197968.36,3414732968.3599997,12.606547452408066,0.5399634780165754,0.5742243226037296,1.4710736703905198,0.0013130037286862527,12.606547452408066,0.001698097484570867,23.76101895403165,217.10039663995994,1.4746305497346137,19.15272909364046,8.169515925859276,0.02205515212093718,0.02422508601673003,0.33144402303694337,0.0006628416356156727,-31.96383685116579,0.37798177707748165,-0.9465000000000001,-0.9805470293334345,-0.34279344395324257,0.3894623947468318,-0.28654925388574237,-0.9509734122210493,-0.083948022986534,-0.9089675676766115,-0.16065120150470905,0.16273517682648386,Marine Shipping,Industrials,SFL
2014Q1,2014,Q1,2014-05-29,2014-03-31,40733000.0,82671000.0,46636000.0,0.4,38667000.0,0.4677214501,2986604000.0,1193552000.0,183022000.0,466509000.0,1793052000.0,7890000.0,272021000.0,1676007990.0,3334250990.0,12.797152261786055,0.3923225489754753,0.5676095659149991,1.4203193493035913,0.01380429886421629,12.797152261786055,0.03412754534364653,20.273227492107267,10.286548928387303,1.4042186599327051,0.9160631429062431,5.577186311787072,0.022263617012947535,0.027680603119797604,0.3689746607246591,0.013638567416369898,-26.119876414300407,0.46772145008527777,15.260162601626016,-0.255192482808286,-0.3339320821546948,0.6541324824626318,0.5314876425855514,16.771815008726005,0.35917463278153416,-0.2450420978116141,-0.03029763524764738,0.1924300966166,Marine Shipping,Industrials,SFL
2013Q4,2013,Q4,2013-12-31,2013-12-31,2292000.0,71699000.0,34312000.0,0.0246,25248000.0,0.3521388025,3045983000.0,1191933000.0,292204000.0,432440000.0,1854050000.0,6607000.0,268602000.0,1527598800.0,3205836800.0,12.780752734291228,0.6757099250763111,0.5702195317570715,1.457195161137413,0.0014671367650385219,12.780752734291228,0.001922926875923395,21.30571974504526,166.6229057591623,1.281614654514977,15.868673647469459,7.0305736340245195,0.023809261960666638,0.023538870702824014,0.6512487281472574,0.0007524664451508757,-182.35630894114837,0.3521388024937586,1.271523178807947,1.0361241266546048,-0.44780864560867306,0.7970807298063438,-0.03375430539609644,1.2711784193090392,-0.030076888285843508,1.249341176801207,-0.14521113895184812,0.21999355800414216,Marine Shipping,Industrials,SFL
2013Q3,2013,Q3,2013-10-09,2013-09-30,-8452000.0,68083000.0,35376000.0,-0.0906,26130000.0,0.3837962487,3078552000.0,1189150000.0,202328000.0,383660000.0,1889402000.0,6150000.0,286672000.0,1424080200.0,3133426200.0,12.750911430409607,0.5273627691184903,0.5744184278842781,1.4870933019383594,-0.007509826598680809,12.750911430409607,-0.0071075978640205185,20.91682505177504,-42.12258045433034,1.197561451456923,-4.303241836251774,6.821626016260162,0.025539994166058906,0.022115267177556203,0.503586508888078,-0.0027454465605908232,204.60922413793102,0.383796248696444,-1.6039999999999999,-1.1389739221460589,-0.5353774865513747,0.37259504826989676,-0.05969988124797582,-1.674164473159448,-0.05892367854007608,-1.2070798539021146,-0.21877245076616772,0.2761539998952177,Marine Shipping,Industrials,SFL
2013Q2,2013,Q2,2013-07-01,2013-06-30,12537000.0,65991000.0,37591000.0,0.15,27789000.0,0.4211028777,3081250000.0,1209241000.0,179250000.0,310362000.0,1872009000.0,3263000.0,309581000.0,1284281855.64,2992550855.6400003,14.038805602384816,0.5775513754905562,0.56772154158215,1.4466032825549249,0.006355514372343814,14.038805602384816,0.010367660375392499,19.46146983134064,25.60983201005025,1.0620561622042257,2.9010927654143734,11.707631014403923,0.028320107334908293,0.021416957403651116,0.5632648326792584,0.004068803245436106,-71.11982808948943,0.42110287766513615,-0.4,-0.8514636503989205,-0.5760861969150998,0.5182221751128483,0.002380694730007575,-0.40228843861740166,-0.14138553253694525,-0.8115182872501195,-0.24819897959135345,0.3998292377053438,Marine Shipping,Industrials,SFL
2013Q1,2013,Q1,2013-04-17,2013-03-31,20975000.0,65087000.0,43781000.0,0.25,27723000.0,0.4259375912,2889565000.0,1061928000.0,197396000.0,156601000.0,1827637000.0,0.0,0.0,1507185630.08,3138456630.08,12.456917492640535,1.2605028064954886,0.586971049275583,1.5971807881513624,0.010283486306944187,12.456917492640535,0.01975180991554983,23.156477177931077,17.964071872228843,1.419291731718158,0.0,0.0,0.0,0.022524843704848307,0.7824343394997477,0.007258878066421762,29.9871795244822,0.42593759122405395,-0.5833333333333334,-0.7007464639049729,-0.544328828418209,0.500970204491737,-0.2833656455990694,-0.5895222998493121,-0.24360325495413002,-0.6593722311628091,-0.27134025703551584,0.22877953074855875,Marine Shipping,Industrials,SFL
2012Q4,2012,Q4,2013-01-24,2012-12-31,51099000.0,77654000.0,57881000.0,0.6,38685000.0,0.4981713756,2973089000.0,994768000.0,242632000.0,197518000.0,1978321000.0,2951000.0,288510000.0,1409699789.1399999,3180357789.14,11.735116914568172,1.2284044998430523,0.6159250530340666,1.8408312289900761,0.017763426296141385,11.735116914568172,0.05136775609991475,18.153601735132767,6.8969049743634905,1.4171141302695704,1.300906084267794,13.20535411724839,0.04715543019308648,0.02611896246631029,1.2097429095069816,0.017187174685991572,-17.24361225584695,0.49817137558915187,-0.23076923076923084,-0.16253687898110383,-0.4549891584058173,0.3892403759580889,1.1031314559095358,-0.23088848417345234,20.605449794699513,-0.2387225220373919,-0.3110136757916957,0.23479433850799616,Marine Shipping,Industrials,SFL
2012Q3,2012,Q3,2012-10-01,2012-09-30,66439000.0,43758000.0,2679000.0,0.78,18394000.0,0.4203574204,2902003000.0,909380000.0,221360000.0,248168000.0,1992623000.0,3642000.0,303887000.0,1356295648.0,3140008648.0,10.727808513914807,0.8919764030817833,0.6376737033007891,2.0349369900371683,0.001866119951139071,10.727808513914807,0.07305966702588577,30.995375657022716,5.103537259742019,1.4914509314038136,0.46505817366305935,6.964305326743547,0.022781168726422104,0.015078550918107251,0.7095717417233487,0.022894187221722376,-28.622890112904926,0.42035742035742035,0.012987012987012998,7.78901916574426,-0.5980910392125381,0.2801229648967701,-0.7555322231230314,0.08514356645869402,-0.9596451058958214,0.21714943503198034,-0.5029636731693189,0.22554160326526237,Marine Shipping,Industrials,SFL
2012Q2,2012,Q2,2012-07-30,2012-06-30,61226000.0,98383000.0,66386000.0,0.77,75241000.0,0.764776435,2944090000.0,907461000.0,244465000.0,234397000.0,2036629000.0,0.0,0.0,1238286750.0,3036781750.0,11.454225307668034,1.042952768166828,0.6451171669344348,2.092963774751752,0.02165894927606287,11.454225307668034,0.06746956618521346,12.586389416870801,5.056212842583216,1.3645619481167786,0.5046548851794989,0.0,0.02495221724693412,0.03341711700389594,0.5599005106720649,0.020796239245403504,271.0192055154301,0.7647764349531931,1.0810810810810811,0.42332847279436364,-0.06438614324021616,0.31260273653957565,0.204704111694633,1.0625926425010106,0.3767316466196599,-0.2977353793516654,0.0431466595295144,0.26245630582401175,Marine Shipping,Industrials,SFL
2012Q1,2012,Q1,2012-05-31,2012-03-31,29684000.0,84120000.0,48220000.0,0.37,62456000.0,0.7424631479,2938692000.0,886561000.0,226996000.0,264203000.0,2052131000.0,0.0,0.0,1210646129.4,3013949129.4,11.204251160264768,0.8591726816122451,0.6516126902717263,2.1599066505294053,0.013117074699759848,11.204251160264768,0.03348218565896763,14.39189407275321,10.196116842406685,1.3655531084719494,0.799656380541706,0.0,0.01960688546682434,0.028624980093184316,0.512840505217579,0.010101092594936795,-86.75357430311718,0.7424631478839753,7.788598574821853,-0.6925462155393175,-0.10639173767303911,0.29525070986543556,0.13212608987256874,7.906090609060906,-0.15372330156724406,-0.36023231848679593,-0.20114711247197978,0.448237498994714,Marine Shipping,Industrials,SFL
2011Q4,2011,Q4,2012-02-24,2011-12-31,3333000.0,76061000.0,56979000.0,0.0421,55167000.0,0.7252994307,2896128000.0,857091000.0,192763000.0,174148000.0,2039037000.0,1228000.0,254683000.0,739048029.3199999,2554597029.3199997,10.831812848977668,1.1068918391253417,0.6596614514275612,2.229009521742732,0.002275517299473841,10.831812848977668,0.0038887352684837434,9.716517391567294,55.434145613561356,0.8622748685028777,9.258325832583258,17.014657980456025,0.04175371393438736,0.02626299666313091,1.0967108436502286,0.0011508469238928666,321.74489739660424,0.72529943072008,3.4764705882352938,-0.9469931232106502,-0.4530365634705574,0.31208523324272247,0.03307054175015449,3.481757259865972,0.013086072933520616,1.0619138314747454,-0.3095882735703297,0.5230434814327866,Marine Shipping,Industrials,SFL
2011Q3,2011,Q3,2011-10-20,2011-09-30,-1343000.0,73250000.0,56243000.0,-0.017,53401000.0,0.7290238908,3003556000.0,839188000.0,214370000.0,213743000.0,2164368000.0,0.0,0.0,1028625000.0,2973385000.0,10.605851500789889,1.0029334293988574,0.6745324541976244,2.4142337593006573,-0.0009603944120505128,10.605851500789889,-0.0016003565351268131,14.042662116040956,-191.478965003723,1.2257384519321057,-22.97766195085629,0.0,0.03000024304289707,0.02438775904294776,0.3965884262876445,-0.0004471366606782094,-237.50288616947586,0.729023890784983,-1.0708333333333333,-1.0415273074711233,-0.44708739812880594,0.34986382939346083,-0.2759579141470293,-1.0721771376363733,-0.1256975858477514,-1.0260274443638313,-0.41081608376783535,0.14168617138629216,Marine Shipping,Industrials,SFL
2011Q2,2011,Q2,2011-08-18,2011-06-30,18607000.0,73754000.0,64329000.0,0.24,73754000.0,1.0,2985853000.0,857885000.0,214469000.0,191061000.0,2127968000.0,0.0,0.0,1425832500.0,3361264500.0,10.842148499210111,1.1225158457246638,0.677840804620991,2.3592124818594566,0.010016212237770189,10.842148499210111,0.021689387272186833,19.33227350380996,19.157205621540278,1.662032207114007,1.658461869189015,0.0,0.021642794648038952,0.02470114905187898,0.48465149873600577,0.006231720047838926,60.90178113787801,1.0,-0.5862068965517241,-0.6055557241924037,-0.2531978009612147,0.40850184303942005,0.42107899807321775,-0.5934939811679374,0.6895781898408363,-0.7600148003592041,-0.48424029627589504,0.17252070750029,Marine Shipping,Industrials,SFL
2011Q1,2011,Q1,2011-04-04,2011-03-31,45773000.0,72327000.0,38074000.0,0.58,51900000.0,0.7175743498,3004057000.0,849169000.0,210297000.0,213199000.0,2154888000.0,0.0,0.0,1640261250.0,3590245250.0,10.731993680884676,0.9863883038851027,0.6791126133758447,2.402458167926526,0.011656661176925797,10.731993680884676,0.0539032866249239,22.678408478161682,8.958672416053131,1.9316075480852457,0.6568938020230267,0.0,0.01833122619948499,0.02407644062679237,0.441986125638488,0.015237061081064707,-14.174397251987557,0.7175743498278652,6.882352941176471,0.24456329696869228,-0.20863809612546946,0.4332916227230057,0.02632047301706579,6.869085780228234,-0.050949698389750234,-0.2964135615967678,-0.45445759771546296,0.29312911956896553,Marine Shipping,Industrials,SFL
2010Q4,2010,Q4,2010-12-31,2010-12-31,-7799000.0,71166000.0,40118000.0,-0.0986,50569000.0,0.710578085,2882361000.0,828920000.0,235301000.0,208701000.0,2053441000.0,484000.0,246152000.0,1702770000.0,3538657000.0,10.47608214849921,1.1274550672972339,0.6671107470577072,2.3197099840756645,-0.06316738906933814,10.47608214849921,-0.009408628094387878,23.926734676671444,-54.58295935376331,2.0542030594025964,-3.65239133222208,42.55578512396694,0.016728624535315983,0.024690175866242985,1.0967316879171638,-0.002705767945097786,-20.037774482807315,0.7105780850406093,-1.2240909090909091,-1.0864088331652348,-0.5385198878864338,0.3587043213881242,-0.06929362829903928,-1.2252158595396923,-0.14609850581073602,-1.1369344976920917,-0.464900519946649,0.2401918454243551,Marine Shipping,Industrials,SFL
2010Q3,2010,Q3,2010-11-10,2010-09-30,34629000.0,73940000.0,46982000.0,0.44,54334000.0,0.7348390587,2858854000.0,790591000.0,220603000.0,242165000.0,2068263000.0,0.0,0.0,1537398750.0,3406134750.0,9.99167140600316,0.9109615344909463,0.6770363229461875,2.448229236103118,0.012669549122262347,9.99167140600316,0.0438014093254287,20.7925175818231,11.099069782552196,1.9446195947082625,0.7997343267203789,0.0,0.018013543981351618,0.025863510343655183,0.39287675758263996,0.012112895586833046,115.48968975360577,0.7348390586962402,-0.4285714285714286,-0.4997183540715553,-0.41118568999155014,0.37602583301963916,-0.10711233813186091,-0.43325914045366765,-0.07043646867951407,3.90769921142175,-0.2724374541136481,0.1922815370852935,Marine Shipping,Industrials,SFL
2010Q2,2010,Q2,2010-07-29,2010-06-30,61102000.0,80633000.0,50542000.0,0.77,60852000.0,0.7546786055,2885990000.0,793540000.0,227902000.0,273305000.0,2092450000.0,0.0,0.0,1414755000.0,3313548000.0,10.028941548183255,0.8338742430617808,0.6768484991285486,2.4615999193487412,0.01652504047676716,10.028941548183255,0.07699926909796607,17.54560787766795,5.788497103204477,1.7828401844897546,0.4273346207980099,0.0,0.01845619912988468,0.02793945924968555,0.3266497136898337,0.021171937532701083,-48.516975308641975,0.7546786055337145,0.0694444444444445,1.353689458484964,-0.1913219292539364,0.4486758447751582,-0.01180597281540785,0.07284954260530613,-0.3592383174015568,0.422241021500663,-0.23221799870965068,0.14927162397688606,Marine Shipping,Industrials,SFL
2010Q1,2010,Q1,2010-04-01,2010-03-31,56953000.0,82616000.0,78878000.0,0.72,61579000.0,0.7453640941,3004102000.0,799311000.0,299309000.0,300716000.0,2204791000.0,0.0,0.0,1400303361.6000001,3301793361.6000004,10.137634279317723,0.9953211668152011,0.6674640208621412,2.5085730085035736,0.020769442266396435,10.137634279317723,0.07125261631580199,16.949541996707662,6.146749783154532,1.7518880155533954,0.6135761066142258,0.0,0.024955306798715035,0.027501063545778404,0.5206739914071749,0.018958410866208936,19.396932646276596,0.745364094122204,-0.08860759493670893,0.2832512238778416,-0.05648639414600523,0.16790042494931534,-0.25654368088086155,-0.08777409382858424,0.0929472079811556,-0.40800145021941064,-0.11923774901244666,0.17194605947517516,Marine Shipping,Industrials,SFL
2009Q4,2009,Q4,2010-04-01,2009-12-31,62433000.0,104833000.0,72170000.0,0.79,82828000.0,0.7900947221,3001428000.0,749328000.0,265257000.0,319883000.0,2252100000.0,94000.0,186468000.0,1074669753.3,3126433753.3,9.503701587057591,0.8292313126987054,0.7116445905082514,2.8504873700168685,0.02229601903108454,9.503701587057591,0.08331865351354814,10.251254407486192,4.303292142376628,1.43417802791301,0.17155991222590616,234.09574468085106,0.009966782788023591,0.03492770774444698,0.8155638155200495,0.020801098677029735,-30.46634215853036,0.7900947220817872,0.23437500000000003,-0.42935858076652333,-0.34512158739771587,0.07276851580217604,0.4327129315713001,0.255287920218755,0.4848266639234647,-0.0035449250689119187,-0.24344432053837017,0.1512077144778778,Marine Shipping,Industrials,SFL
2009Q3,2009,Q3,2009-10-01,2009-09-30,49736000.0,80216000.0,48605000.0,0.64,57812000.0,0.7207040989,3023655000.0,676097000.0,278967000.0,329449000.0,2347558000.0,0.0,0.0,949244167.93,3041373167.93,8.753524552191662,0.8467683920728246,0.7226297312358718,3.2317596439564147,0.013125158548995212,8.753524552191662,0.07356340880080817,11.833601375411389,4.771413905068763,1.4040058866257357,0.22902927456972816,0.0,0.0120000737269107,0.02652948170343508,0.3570416058327693,0.016448966565299282,35.83811560123834,0.7207040989328812,-0.4181818181818182,-0.08214830954955911,-0.35423087660364755,0.0821782920160259,-0.1071643681178669,-0.389907018964206,-0.11401749908858913,0.575492294632453,-0.37970607235639714,0.11410820449740354,Marine Shipping,Industrials,SFL
2009Q2,2009,Q2,2009-07-07,2009-06-30,81522000.0,88189000.0,54860000.0,1.1,64751000.0,0.7342298926,3195462000.0,672127000.0,251207000.0,465934000.0,2523335000.0,0.0,0.0,817104286.13,3110916286.13,9.072967717636613,0.5391471753510154,0.7370386504361498,3.5040684275441993,0.017833402724748926,9.072967717636613,0.12128957771373565,9.265376476998265,2.5057784589742647,1.215699244532655,0.12044601457275336,0.0,0.012016825962944237,0.027598200197655298,0.17840509600072113,0.025511803926943896,692.4612594322034,0.734229892616993,0.8644067796610172,0.5304417593197378,-0.1981807761953219,0.18829211758125008,-0.3311261698655042,0.9111944672371352,-0.12379613805880756,0.8458477349435463,-0.04622447431542432,0.17866783996357793,Marine Shipping,Industrials,SFL
2009Q1,2009,Q1,2009-05-14,2009-03-31,42655000.0,96806000.0,62611000.0,0.59,96806000.0,1.0,3282765000.0,562780000.0,290109000.0,444520000.0,2719985000.0,0.0,0.0,477198914.71999997,2901217914.72,7.7364735880973505,0.6526343021686314,0.7536601005554768,4.3961921177014105,0.015134267970737856,7.7364735880973505,0.07579338284942606,4.92943531103444,2.796852155198687,0.8479315446888659,1.0232329152502637,0.0,0.09146290708898534,0.029489165383449624,0.14582920903446414,0.012993619707776828,7.73907193720504,1.0,1.8676470588235292,-0.18451064565150105,-0.10366430847017846,0.0,0.2775453645661498,1.8618912911699332,-0.04656687325831062,0.2615244531404121,0.15211300379773302,0.03323046145547599,Marine Shipping,Industrials,SFL
2008Q4,2008,Q4,2009-02-26,2008-12-31,-49490000.0,101280000.0,65669000.0,-0.68,75775000.0,0.7481733807,3348486000.0,517350000.0,331542000.0,493242000.0,2831136000.0,252000.0,84798000.0,803818293.85,3353259293.85,7.111952469530126,0.6721690367000377,0.7751312085521636,5.016944041751232,-0.07971601923865203,7.111952469530126,-0.09566057794529816,7.936594528534755,-4.060508657557082,1.5537224197351889,0.0,101.21031746031746,0.0,0.03024650543559089,0.5424294768085443,-0.014779813921873946,5.467668123567304,0.7481733807266983,-2.046153846153846,-1.49028668954046,-0.3142435278782316,-0.19720977923133726,-0.15189264208806214,-2.043256461064969,-0.18223478574897575,-1.5964235579572794,-0.2856315907648618,-0.07760931836126927,Marine Shipping,Industrials,SFL
2008Q3,2008,Q3,2008-11-06,2008-09-30,47438000.0,114298000.0,80303000.0,0.65,89346000.0,0.781693468,3201478000.0,675763000.0,433754000.0,245873000.0,2525715000.0,0.0,0.0,1568354969.7199998,3875825969.72,9.28963822686206,1.76413839665193,0.7578149842041707,3.5902054418486955,0.014825255453358898,9.28963822686206,0.07019916745959752,13.721630909727203,8.265288216830388,2.3208654065404586,0.8894135503183103,0.0,0.026902073073121056,0.03570163530719249,0.8532657103463983,0.014817531152798801,110.23017779870676,0.7816934679521952,-0.336734693877551,-0.07048056383430637,-0.02302072293279217,0.1484568038682588,-0.16339563279523578,-0.334493062667471,-0.17014064712143603,-0.25454899344431,-0.009953355580186276,0.27934373140902574,Marine Shipping,Industrials,SFL
2008Q2,2008,Q2,2008-07-31,2008-06-30,71281000.0,131468000.0,96767000.0,0.98,106796000.0,0.8123345605,3018959000.0,672652000.0,384191000.0,213055000.0,2346307000.0,0.0,0.0,2148122553.61,4323624553.610001,9.246871658518176,1.8032479876088334,0.7492397213741558,3.362695717845186,0.024577042405067466,9.246871658518176,0.10597010043826526,16.339508881324733,7.533994169589372,3.1935124754107624,0.5714987163479749,0.0,0.018964001812438472,0.043547461227529095,0.6907042782380136,0.023611118932055718,-175.3283181203069,0.8123345605014148,0.19512195121951226,0.36276864769230704,0.21727434966884884,0.21106842282084431,0.10591500289951122,0.1917906704564454,0.02222621298712274,1.986658966697536,0.4341712733690459,0.33570622054905924,Marine Shipping,Industrials,SFL
2008Q1,2008,Q1,2008-04-18,2008-03-31,59810000.0,121886000.0,94663000.0,0.82,96568000.0,0.792281312,2998910000.0,603718000.0,355319000.0,266419000.0,2395192000.0,0.0,0.0,1911705408.3600001,4075068408.36,8.29924368609218,1.3336849098600325,0.7549733069681984,3.7502559141850997,0.020566435448804904,8.29924368609218,0.0990694330796829,15.684372350885255,7.990743221702057,3.1665536034373662,0.6689182410968065,0.0,0.020927910662930944,0.04064343378094041,0.4877955401078752,0.019943912955040333,-94.64825271611052,0.7922813120456821,0.13888888888888887,0.14346309421131687,0.12855372701902595,0.0,0.007333229019976008,0.1422623708485323,5.284169080376539,0.4606711317466286,0.508764267747103,-0.043890323848089136,Marine Shipping,Industrials,SFL
2007Q4,2007,Q4,2007-12-31,2007-12-31,52361000.0,122270000.0,-22096000.0,0.72,95865000.0,0.7840435103,2950028000.0,614477000.0,333595000.0,227925000.0,2335551000.0,267000.0,69771000.0,2015728952.27,4207467952.27,8.4471464533091,1.4636174180103103,0.7694821879656736,3.694188716583371,0.018646814303801964,8.4471464533091,0.08521230249464179,16.485883309642595,9.624190486573976,3.2803977240319817,0.7638700559576784,98.89513108614233,0.019842449529217526,0.04144706423125476,0.5283009761983108,0.017749323057272677,18.446555926112342,0.7840435102641694,7.071748878923767,-0.48127093653206676,-0.1721223948822214,-0.04649439163570978,0.4202011822047081,7.071681825188839,-1.3686353019686353,-0.48127093653206676,-0.1721223948822214,-0.04649439163570978,Marine Shipping,Industrials,SFL
2007Q3,2007,Q3,2007-10-02,2007-09-30,6487000.0,93431000.0,59940000.0,0.0892,67501000.0,0.7224689878,2938521000.0,609614000.0,282195000.0,226342000.0,2328907000.0,0.0,0.0,1983721707.99,4205427707.99,8.380295337315431,1.2467637468962898,0.7715214558616392,3.718963147171817,0.0029471763850925973,8.380295337315431,0.010641159815883493,21.231943444788133,76.44988854593804,3.25406192769523,6.1746570063203325,0.0,0.020191844369433054,0.031795246656396194,0.20069629145275733,0.0022075731294756784,-9.615713562724189,0.7224689878091853,-0.8348148148148148,-0.8728910876848338,-0.20138453135079973,0.03603681473141427,-0.05004433060782189,-0.8357596779502241,-0.1496183639304259,-0.8728910876848338,-0.20138453135079973,0.03603681473141427,Marine Shipping,Industrials,SFL
2007Q2,2007,Q2,2007-07-02,2007-06-30,39497000.0,96551000.0,70486000.0,0.54,71057000.0,0.7359530196,2784938000.0,634787000.0,308175000.0,245333000.0,2150151000.0,0.0,0.0,2159034114.16,3963509114.16,8.726345747125968,1.2561498045513648,0.6835308362340562,2.998786994692708,0.016716013088298492,8.726345747125968,0.06222087093781063,22.36159246574349,13.665810784110185,3.401194596234643,1.012760462819961,0.0,0.018527266307490887,0.03466899442644684,0.4611568765718432,0.014182362408067972,-9.9608957474706,0.7359530196476474,-0.5573770491803278,-0.2448861088101591,-0.10602537701283192,0.14289482662234748,0.24205981576325403,-0.555008506179655,1.240495867768595,-0.2448861088101591,-0.10602537701283192,0.14289482662234748,Marine Shipping,Industrials,SFL
2007Q1,2007,Q1,2007-05-25,2007-03-31,88759000.0,86541000.0,31460000.0,1.22,57209000.0,0.6610623866,2625921000.0,629252000.0,320065000.0,238521000.0,1996669000.0,0.0,0.0,1995360705.91,3768962705.91,8.650256722444711,1.3418734618754742,0.7311861247920254,3.0513005918137726,0.016867593960197286,8.650256722444711,0.1410547761469173,23.05682515697762,5.620164450675424,3.171004153995537,0.4425692042497099,0.0,0.01968666611688393,0.03295643699867589,0.6707124320290456,0.03380109302602782,-28.20337680970756,0.6610623866144371,0.5443037974683543,0.6969175853386104,-0.19870889117738272,0.0,-0.4113937074304998,0.5354634467010345,1.7986190439925875,0.6969175853386104,-0.19870889117738272,0.0,Marine Shipping,Industrials,SFL
