Quarters,Year,Quarter,FillingDate,Date,NetIncome,Revenue,OperatingIncome,EPSDiluted,GrossProfit,GrossProfitRatio,TotalAssets,CommonStockEquity,CurrentAssets,CurrentLiability,TotalLiability,Inventory,RetainedEarnings,MarketCap,EnterpriseValue,bookValuePerShare,currentRatio,debtToAssets,debtToEquity,roic,shareholdersEquityPerShare,roe,priceToSalesRatio,peRatio,pbRatio,payoutRatio,inventoryTurnover,dividendYield,assetTurnover,quickRatio,returnOnAssets,priceToFreeCashFlowsRatio,grossProfitMargin,epsdilutedGrowth,fiveYNetIncomeGrowthPerShare,fiveYRevenueGrowthPerShare,fiveYShareholdersEquityGrowthPerShare,grossProfitGrowth,netIncomeGrowth,operatingIncomeGrowth,threeYNetIncomeGrowthPerShare,threeYRevenueGrowthPerShare,threeYShareholdersEquityGrowthPerShare,Industry,Sector,Symbol
2023Q1,2023,Q1,2023-05-10,2023-03-31,-358000000.0,2945000000.0,315000000.0,-1.01,685000000.0,0.2325976231,26269000000.0,8496000000.0,19871000000.0,4084000000.0,17773000000.0,1097000000.0,0.0,18305340000.0,22788340000.0,24.0,4.865572967678746,0.2699379496745213,0.8346280602636534,0.019344586140445437,24.0,-0.04213747645951036,6.215735144312394,-12.783058659217879,2.1545833333333335,0.0,2.0601640838650868,0.0,0.11210933038943241,3.98947110675808,-0.013628230994708591,96.8536507936508,0.23259762308998302,0.1583333333333333,-2.284424099962885,-0.7053648742354253,0.0,0.3300970873786408,0.12254901960784313,7.076923076923077,0.8436285555664413,-0.11909414425369778,0.0,Conglomerates,Industrials,IEP
2022Q4,2022,Q4,2023-02-24,2022-12-31,-408000000.0,3466000000.0,39000000.0,-1.2,515000000.0,0.1485862666,27914000000.0,9558000000.0,20876000000.0,3736000000.0,18356000000.0,1531000000.0,0.0,17221000000.0,21980000000.0,28.111764705882354,5.58779443254818,0.25496166798022496,0.7446118434819,0.0020433466350336608,28.111764705882354,-0.04268675455116133,4.968551644547028,-10.552083333333334,1.8017367650136011,-0.1568627450980392,1.9274983670803396,0.0037163927762615414,0.12416708461703804,4.495717344753747,-0.014616321559074299,-7.269311945968763,0.1485862665897288,-0.818181818181818,-1.6845637583892619,-0.6425330033003301,0.0,0.019801980198019802,-0.8976744186046511,2.4444444444444446,-0.5898089171974522,-0.15556492608991035,0.0,Conglomerates,Industrials,IEP
2022Q3,2022,Q3,2022-11-04,2022-09-30,-215000000.0,3531000000.0,-27000000.0,-0.66,505000000.0,0.1430189748,27520000000.0,9867000000.0,20118000000.0,4087000000.0,17653000000.0,1674000000.0,0.0,16093080000.0,20788080000.0,30.453703703703702,4.922436995351113,0.25897529069767444,0.7223066788284179,-0.0015386988730521742,30.453703703703702,-0.021789804398500052,4.5576550552251485,-18.712883720930236,1.6310003040437824,-0.27906976744186046,1.8076463560334528,0.003728310553355852,0.12830668604651163,3.3437729385857597,-0.0078125,26.338919803600653,0.14301897479467574,0.29787234042553185,-1.184513100481833,-0.6166364499697833,0.0,-0.3833943833943834,0.2508710801393728,-1.149171270718232,-1.7355757117661879,-0.17052527282369026,0.0,Conglomerates,Industrials,IEP
2022Q2,2022,Q2,2022-08-05,2022-06-30,-287000000.0,3993000000.0,181000000.0,-0.94,819000000.0,0.2051089406,26895000000.0,10158000000.0,20076000000.0,4345000000.0,16737000000.0,1787000000.0,-27000000.0,14724720000.0,19405720000.0,33.19607843137255,4.6204833141542005,0.26525376464026773,0.7023036030714708,0.01054072261384435,33.19607843137255,-0.02825359322701319,3.68763335837716,-12.826411149825784,1.449568812758417,-0.3519163763066202,1.7761611639619475,0.006859213621719123,0.14846625766871166,3.2388952819332566,-0.010671128462539505,24.13888524590164,0.20510894064613072,-1.3175675675675675,-1.096629336430859,-0.5622052553460051,0.0,0.3904923599320883,-1.3242937853107344,0.016853932584269662,0.630863322571331,-0.07333049161693658,0.0,Conglomerates,Industrials,IEP
2022Q1,2022,Q1,2022-05-06,2022-03-31,885000000.0,3127000000.0,178000000.0,2.96,589000000.0,0.18835945,27829000000.0,0.0,21340000000.0,4993000000.0,18071000000.0,1720000000.0,0.0,15267420000.0,20233420000.0,0.0,4.273983577007811,0.25606381831901975,0.0,0.022488678571357192,0.0,0.0,4.882449632235369,4.312830508474576,0.0,0.0011299435028248588,1.4755813953488373,6.54989513617887e-05,0.11236479931007223,3.1682355297416382,0.03180135829530346,8.18628418230563,0.1883594499520307,2.0068027210884356,25.917800453514737,-0.6694259263989285,0.0,0.9698996655518395,2.0714285714285716,1.4734042553191489,2.4592613695224284,-0.1748633653298851,0.0,Conglomerates,Industrials,IEP
2021Q4,2021,Q4,2022-02-25,2021-12-31,-826000000.0,2973000000.0,-376000000.0,-2.94,299000000.0,0.100571813,27746000000.0,0.0,21141000000.0,4220000000.0,18403000000.0,1478000000.0,0.0,13934790000.000002,19305790000.0,0.0,5.009715639810427,0.27722915014776905,0.0,-0.04201508330884744,0.0,0.0,4.6871140262361255,-4.2175514527845035,0.0,-0.05084745762711865,1.8092016238159676,0.00301403896291225,0.1071505802638218,4.158293838862559,-0.029770056945145246,73.72904761904763,0.10057181298351833,-4.345454545454545,-1.0370523871747916,-0.6580545093230055,0.0,-0.4583333333333333,-4.581081081081081,-4.580952380952381,-1.587900355871886,-0.16555322243418777,0.0,Conglomerates,Industrials,IEP
2021Q3,2021,Q3,2021-11-02,2021-09-30,-148000000.0,2822000000.0,105000000.0,-0.55,552000000.0,0.19560595322466337,27973000000.0,0.0,20926000000.0,4233000000.0,17966000000.0,1590000000.0,0.0,13286700000.0,19053700000.0,0.0,4.943538861327664,0.2756944196189182,0.0,0.012490415839797944,0.0,0.0,4.708256555634302,-22.44375,0.0,-0.23648648648648649,1.4276729559748427,0.0026342131605289498,0.10088299431594752,4.1552090715804395,-0.005290816144138991,38.07077363896848,0.19560595322466337,-0.03773584905660381,-3.859395452067669,-0.6661766228513187,0.0,0.4603174603174603,-0.08823529411764706,3.019230769230769,-1.8080916577157178,-0.3698633145668455,0.0,Conglomerates,Industrials,IEP
2021Q2,2021,Q2,2021-08-06,2021-06-30,-136000000.0,2776000000.0,-52000000.0,-0.53,378000000.0,0.1361671469740634,27901000000.0,0.0,20888000000.0,4233000000.0,17876000000.0,1568000000.0,0.0,13802490000.0,19673490000.0,0.0,4.934561776517836,0.2890577398659546,0.0,-0.13325067162636908,0.0,0.0,4.972078530259366,-25.372224264705885,0.0,0.0,1.5293367346938775,0.0,0.09949464176911221,4.264351523742027,-0.004874377262463711,181.6117105263158,0.1361671469740634,-1.8153846153846156,-0.06575458860211311,-0.674892505766408,0.0,0.6363636363636364,-1.8395061728395061,0.7438423645320197,-1.312123673590428,-0.37084133902230637,0.0,Conglomerates,Industrials,IEP
2021Q1,2021,Q1,2021-05-07,2021-03-31,162000000.0,2370000000.0,-203000000.0,0.65,231000000.0,0.09746835443037975,28297000000.0,0.0,20921000000.0,4663000000.0,18715000000.0,1559000000.0,0.0,13000240000.0,19114240000.0,0.0,4.486596611623418,0.2846944905820405,0.0,-0.02450319355421143,0.0,0.0,5.485333333333333,20.062098765432097,0.0,0.0,1.3720333547145607,0.0,0.08375446160370358,3.9090714132532702,0.005724988514683536,-21.73953177257525,0.09746835443037975,0.06557377049180334,1.106134228739003,-0.6746085050302728,0.0,-0.0211864406779661,0.1095890410958904,-0.0972972972972973,-0.14978584786149485,-0.6531549792841728,0.0,Conglomerates,Industrials,IEP
2020Q4,2020,Q4,2021-02-26,2020-12-31,146000000.0,2013000000.0,-185000000.0,0.61,236000000.0,0.11723795330352707,24987000000.0,0.0,17723000000.0,3942000000.0,15730000000.0,1580000000.0,0.0,11806110000.0,18166110000.0,0.0,4.495941146626078,0.32252771441149397,0.0,-0.022833596903686377,0.0,0.0,5.864932935916542,20.215941780821918,0.0,0.22602739726027396,1.1246835443037975,0.0027951628436462136,0.08056189218393564,3.691273465246068,0.005843038379957578,-9.971376689189189,0.11723795330352707,1.1942675159235667,1.0721057793983801,-0.6958657791971313,0.0,-0.2804878048780488,1.2044817927170868,-1.1022727272727273,-0.6425382377509578,-0.6970477627161857,0.0,Conglomerates,Industrials,IEP
2020Q3,2020,Q3,2020-11-06,2020-09-30,-714000000.0,1927000000.0,-88000000.0,-3.14,328000000.0,0.1702127659574468,22824000000.0,0.0,15120000000.0,4085000000.0,13951000000.0,1536000000.0,0.0,10998360000.0,17282360000.0,0.0,3.701346389228886,0.3569050122677883,0.0,-0.010316498794677893,0.0,0.0,5.707503892060197,-3.8509663865546218,0.0,-0.04481792717086835,1.041015625,0.002909524692772377,0.08442867157378198,2.667564259485924,-0.03128286014721346,6.036421514818881,0.1702127659574468,-3.3088235294117645,0.07092293410110072,-0.729983964293475,0.0,0.006134969325153374,-3.387959866220736,-0.2222222222222222,-1.8902810014196545,-0.6960270331652313,0.0,Conglomerates,Industrials,IEP
2020Q2,2020,Q2,2020-08-10,2020-06-30,299000000.0,1461000000.0,-72000000.0,1.36,326000000.0,0.22313483915126625,24706000000.0,0.0,16415000000.0,3688000000.0,14441000000.0,1564000000.0,0.0,10425350000.0,16732350000.0,0.0,4.45092190889371,0.3303650934995548,0.0,-0.007683126368458079,0.0,0.0,7.135763175906913,8.716847826086957,0.0,0.0,0.7257033248081841,0.0,0.05913543268841577,3.778470715835141,0.012102323322269895,60.2621387283237,0.22313483915126625,1.2145110410094637,-0.18223993304080738,-0.8041812506015547,0.0,0.5450236966824644,1.2160404624277457,0.6896551724137931,-0.8567214243998863,-0.7720159752666201,0.0,Conglomerates,Industrials,IEP
2020Q1,2020,Q1,2020-05-08,2020-03-31,-1384000000.0,2021000000.0,-232000000.0,-6.34,211000000.0,0.10440376051459674,24306000000.0,0.0,14941000000.0,5589000000.0,14889000000.0,1583000000.0,0.0,10361880000.0,16207880000.0,0.0,2.6732868133834318,0.3384760964370937,0.0,-0.02615800787802969,0.0,0.0,5.127105393369619,-1.8717268786127168,0.0,0.0,1.1433986102337335,0.0,0.08314819386159795,2.2333154410449096,-0.05694067308483502,-7.266395511921458,0.10440376051459674,-7.5675675675675675,-5.967168568642248,-0.7001051202173004,0.0,-0.46851385390428213,-7.8152866242038215,-2.80327868852459,-52.53478712357217,-0.7064779182701117,0.0,Conglomerates,Industrials,IEP
2019Q4,2019,Q4,2020-02-28,2019-12-31,-157000000.0,2511000000.0,-61000000.0,-0.74,397000000.0,0.15810434090003983,24639000000.0,0.0,18035000000.0,2452000000.0,13697000000.0,1812000000.0,0.0,12792000000.0,17190000000.0,0.0,7.355220228384992,0.3324810260156662,0.0,-0.009482880942841878,0.0,0.0,5.094384707287933,-20.369426751592357,0.0,-0.18471337579617833,1.1666666666666667,0.0022670419011882425,0.1019116035553391,6.146818923327896,-0.006372011851130322,36.23796033994334,0.15810434090003983,-2.0833333333333335,0.8063240931968138,-0.6555040315777463,0.0,-0.3213675213675214,-2.204081632653061,-1.6630434782608696,0.4769240072348768,-0.6098319802707198,0.0,Conglomerates,Industrials,IEP
2019Q3,2019,Q3,2019-11-05,2019-09-30,-49000000.0,2654000000.0,92000000.0,-0.24,585000000.0,0.220422004521477,23257000000.0,0.0,16475000000.0,3351000000.0,12109000000.0,1817000000.0,0.0,12968400000.0,17151400000.0,0.0,4.9164428528797375,0.320290665176076,0.0,0.011545846762159796,0.0,0.0,4.886360211002261,-66.16530612244898,0.0,-0.5714285714285714,1.1386901485965877,0.0021590944141143087,0.11411618007481618,4.191286183228887,-0.0021068925484800274,-108.9781512605042,0.220422004521477,0.9036144578313252,0.9175662702551947,-0.6769854512143694,0.0,-0.07290015847860538,0.9016064257028112,-0.4064516129032258,-1.1185897886757428,-0.5865805330371138,0.0,Conglomerates,Industrials,IEP
2019Q2,2019,Q2,2019-08-06,2019-06-30,-498000000.0,2760000000.0,155000000.0,-2.49,631000000.0,0.2286231884057971,24348000000.0,0.0,17569000000.0,2521000000.0,12902000000.0,1851000000.0,0.0,14186480000.0,18836480000.0,0.0,6.969059896866323,0.35559388861508134,0.0,0.018156004881668603,0.0,0.0,5.1400289855072465,-7.121726907630522,0.0,0.0,1.1501890869800109,0.0,0.11335633316904879,5.812772709242364,-0.020453425332676196,-8.916706473915776,0.2286231884057971,-0.23267326732673277,-1.6163874194315762,-0.6781340712516221,0.0,0.12277580071174377,-0.2639593908629442,0.631578947368421,-3.997643759982253,-0.5860629967776584,0.0,Conglomerates,Industrials,IEP
2019Q1,2019,Q1,2019-05-02,2019-03-31,-394000000.0,2462000000.0,95000000.0,-2.02,562000000.0,0.2282696994313566,23824000000.0,0.0,17123000000.0,2926000000.0,12172000000.0,1852000000.0,0.0,14057599999.999998,18685600000.0,0.0,5.8520164046479834,0.31027535258562794,0.0,0.01296892064369268,0.0,0.0,5.70982940698619,-8.919796954314721,0.0,0.0,1.0259179265658747,0.0,0.10334116856950974,4.308954203691046,-0.016537944929482875,-39.82322946175637,0.2282696994313566,-1.2515566625155665,-7.366774516338689,-0.6922731952921023,0.0,0.3039443155452436,-1.4213903743315508,0.9791666666666666,0.6729465955075156,-0.5717198969029459,0.0,Conglomerates,Industrials,IEP
2018Q4,2018,Q4,2019-03-01,2018-12-31,935000000.0,2371000000.0,48000000.0,8.03,431000000.0,0.1817798397300717,23396000000.0,0.0,16925000000.0,1985000000.0,10491000000.0,1779000000.0,0.0,10673960000.0,15343960000.0,0.0,8.526448362720403,0.31313044964951275,0.0,0.008525053979599436,0.0,0.0,4.501881062842682,2.854,0.0,0.025668449197860963,1.0905002810567734,0.0022484626136878914,0.10134210976235254,6.111335012594458,0.03996409642673961,17.999932546374367,0.1817798397300717,10.808823529411763,1.53596,-0.709595432676451,0.0,-0.36148148148148146,6.420634920634921,-0.7037037037037037,1.5753646095829636,-0.5536583826969639,0.0,Conglomerates,Industrials,IEP
2018Q3,2018,Q3,2018-11-08,2018-09-30,126000000.0,3081000000.0,162000000.0,0.68,675000000.0,0.21908471275559882,30975000000.0,0.0,23076000000.0,8335000000.0,18639000000.0,1961000000.0,0.0,12952740000.0,19806740000.0,0.0,2.7685662867426513,0.2552703793381759,0.0,0.016670168663468727,0.0,0.0,4.204070107108082,25.699880952380955,0.0,0.1984126984126984,1.226925038245793,0.0019300935554948221,0.09946731234866828,1.370485902819436,0.004067796610169492,19.04814705882353,0.21908471275559882,-0.6,-0.8357509652681301,-0.5685743866524396,0.0,0.09046849757673667,-0.5922330097087378,0.5428571428571428,1.1997918859165426,-0.4739181560265763,0.0,Conglomerates,Industrials,IEP
2018Q2,2018,Q2,2018-08-02,2018-06-30,309000000.0,3129000000.0,105000000.0,1.7,619000000.0,0.19782678171939916,30190000000.0,0.0,21767000000.0,8138000000.0,17742000000.0,1951000000.0,0.0,12648680000.0,19653680000.0,0.0,2.6747358073236667,0.2610135806558463,0.0,0.013704679455490315,0.0,0.0,4.042403323745606,10.233559870550163,0.0,0.0,1.2865197334700154,0.0,0.10364359059291156,1.3021626935364954,0.010235177210997018,68.37124324324324,0.19782678171939916,1.2077922077922076,2.5550421067415727,-0.5863931387401387,0.0,-0.41438032166508987,1.2554744525547445,-0.2808219178082192,0.020778814182743254,-0.4934432842805716,0.0,Conglomerates,Industrials,IEP
2018Q1,2018,Q1,2018-05-03,2018-03-31,137000000.0,4913000000.0,146000000.0,0.77,1057000000.0,0.21514349684510484,30498000000.0,0.0,16904000000.0,4141000000.0,18743000000.0,3497000000.0,0.0,9924960000.0,19882960000.0,0.0,4.082105771552765,0.3674995081644698,0.0,0.011503489157014301,0.0,0.0,2.0201424791369833,18.111240875912408,0.0,0.0,1.1026594223620245,0.0,0.16109253065774806,3.0823472591161556,0.004492097842481474,-12.177865030674846,0.21514349684510484,-0.5523255813953488,-0.6970961721648201,-0.3682719714393276,0.0,0.128068303094984,-0.540268456375839,0.0,-0.3952750311629899,-0.10336842892248028,0.0,Conglomerates,Industrials,IEP
2017Q4,2017,Q4,2018-03-01,2017-12-31,298000000.0,4848000000.0,0.0,1.72,937000000.0,0.19327557755775576,31801000000.0,0.0,18426000000.0,4867000000.0,20433000000.0,3261000000.0,0.0,9010000000.0,18513000000.0,0.0,3.7859050749948633,0.3517184994182573,0.0,0.0,0.0,0.0,1.8584983498349834,7.558724832214765,0.0,0.06711409395973154,1.1993253603189207,0.0022197558268590455,0.15244803622527595,2.9508937743990136,0.009370774503946416,-14.39297124600639,0.19327557755775576,-0.5127478753541076,8.848986283660132,-0.33238415124183,0.0,-0.09903846153846153,-0.5008375209380235,-1.0,1.449786714398228,-0.1862060519092327,0.0,Conglomerates,Industrials,IEP
2017Q3,2017,Q3,2017-11-03,2017-09-30,597000000.0,4719000000.0,214000000.0,3.53,1040000000.0,0.22038567493112948,32817000000.0,0.0,19310000000.0,6275000000.0,21619000000.0,3256000000.0,0.0,9106760000.0,18266760000.0,0.0,3.0772908366533867,0.3412255843008197,0.0,0.01766181769598529,0.0,0.0,1.9298071625344353,3.8135510887772197,0.0,0.035175879396984924,1.1299140049140048,0.002305979294502106,0.1437974220678307,2.333864541832669,0.018191790840113357,-50.87575418994413,0.22038567493112948,-0.6288117770767614,3.2790170051027636,-0.3699309954690557,0.0,-0.0057361376673040155,-0.6155827430779137,0.47586206896551725,2.222155545223146,-0.30110099223877373,0.0,Conglomerates,Industrials,IEP
2017Q2,2017,Q2,2017-08-08,2017-06-30,1553000000.0,4769000000.0,145000000.0,9.51,1046000000.0,0.21933319354162298,32557000000.0,0.0,19549000000.0,6145000000.0,22027000000.0,3142000000.0,0.0,8265599999.999999,17161600000.0,0.0,3.181285598047193,0.3466228460853273,0.0,0.012730831414271306,0.0,0.0,1.7331935416229816,1.3305859626529297,0.0,0.0,1.1849140674729473,0.0,0.14648155542586846,2.4148087876322215,0.04770095524771938,-10.637837837837836,0.21933319354162298,80.25,3.047217327291667,-0.2371364286061382,0.0,-0.010406811731315043,87.27777777777777,-0.3438914027149321,1.3546803944018406,-0.3187142020303468,0.0,Conglomerates,Industrials,IEP
2017Q1,2017,Q1,2017-05-09,2017-03-31,-18000000.0,4794000000.0,221000000.0,-0.12,1057000000.0,0.22048393825615353,34189000000.0,0.0,20740000000.0,9413000000.0,25622000000.0,3067000000.0,0.0,7634760000.0,16828760000.0,0.0,2.203335812174652,0.327941735645968,0.0,0.023243248217645146,0.0,0.0,1.5925657071339174,-106.03833333333333,0.0,0.0,1.2184545158134985,0.0,0.14022053876977975,1.627111441623287,-0.000526485126795168,-9.035218934911242,0.22048393825615353,0.9150428042671168,-1.244680311464183,0.22766613791288326,0.0,0.10796645702306079,0.912621359223301,1.4285714285714286,0.5100165096042582,-0.23189178973278318,0.0,Conglomerates,Industrials,IEP
2016Q4,2016,Q4,2017-03-01,2016-12-31,-206000000.0,4417000000.0,91000000.0,-1.412476,954000000.0,0.21598369934344577,33335000000.0,0.0,18476000000.0,10267000000.0,25318000000.0,2983000000.0,0.0,8553965525.280001,17839965525.28,0.0,1.799551962598617,0.3335533223338833,0.0,0.007485864458071195,0.0,0.0,1.9366007528367672,-10.38102612291262,0.0,-0.10679611650485436,1.1609118337244384,0.0025719065543322803,0.13250337483125843,1.297652673614493,-0.006179691015449227,70.11447151868853,0.21598369934344577,-10.833350088803995,-1.4914148700403829,0.17125538059119166,0.0,-0.10253998118532455,-11.875,-0.2288135593220339,-1.7318868163938588,-0.2913281151514457,0.0,Conglomerates,Industrials,IEP
2016Q3,2016,Q3,2016-11-03,2016-09-30,-16000000.0,4441000000.0,118000000.0,-0.119364,1063000000.0,0.23936050439090295,33085000000.0,0.0,17363000000.0,7222000000.0,24287000000.0,2957000000.0,0.0,7063879899.15,18032879899.15,0.0,2.4041816671282192,0.3920507782983225,0.0,0.008557856184501578,0.0,0.0,1.5906056967237108,-110.37312342421875,0.0,-1.6875,1.1423740277308083,0.003822262040900345,0.1342300136013299,1.8989199667682082,-0.0004836028411666919,51.940293376102936,0.23936050439090295,0.7600004825565847,0.7400538789011317,0.12691250070591958,0.0,-0.09067579127459367,0.7681159420289855,-0.5083333333333333,-1.027313742226558,-0.18562591892803465,0.0,Conglomerates,Industrials,IEP
2016Q2,2016,Q2,2016-08-04,2016-06-30,-69000000.0,4617000000.0,240000000.0,-0.497351,1169000000.0,0.2531947151830193,32550000000.0,0.0,17146000000.0,6788000000.0,23952000000.0,2861000000.0,0.0,7328833830.0,18377833830.0,0.0,2.525928108426635,0.3984331797235023,0.0,0.022443043394805618,0.0,0.0,1.5873584210526315,-26.553745760869564,0.0,0.0,1.2051730164278225,0.0,0.14184331797235022,2.0022097819681792,-0.002119815668202765,42.858677368421056,0.2531947151830193,0.9194846444809412,-1.1783316440946912,0.3560967647872225,0.0,0.3421354764638347,0.9175627240143369,1.2429906542056075,-2.0411522633744856,-0.19957446808510645,0.0,Conglomerates,Industrials,IEP
2016Q1,2016,Q1,2016-05-06,2016-03-31,-837000000.0,3994000000.0,107000000.0,-6.177095,871000000.0,0.21807711567351026,32282000000.0,0.0,17388000000.0,7335000000.0,23774000000.0,2896000000.0,0.0,8366934490.2,19020934490.2,0.0,2.370552147239264,0.3881419986370113,0.0,0.008625275484474424,0.0,0.0,2.094875936454682,-2.4990843758064516,0.0,0.0,1.0783839779005524,0.0,0.12372219812898828,1.8733469665985003,-0.02592776160089214,20.917336225499998,0.21807711567351026,0.27453262274561874,-3.2998712562723824,0.0741796087812913,0.0,0.413961038961039,0.2573203194321207,4.821428571428571,-3.426485067279291,-0.32662124075099097,0.0,Conglomerates,Industrials,IEP
2015Q4,2015,Q4,2016-02-29,2015-12-31,-1127000000.0,3684000000.0,-28000000.0,-8.514642,616000000.0,0.16720955483170466,36442000000.0,0.0,22655000000.0,10561000000.0,26409000000.0,2259000000.0,0.0,7949824317.9,18504824317.9,0.0,2.1451567086450147,0.34666044673728114,0.0,-0.002102955532830594,0.0,0.0,2.157932768159609,-1.7634925283717835,0.0,-0.025732031943212066,1.3581230633023462,0.0036478793543528957,0.1010921464244553,1.8098664899157277,-0.03092585478294276,-90.3389127034091,0.16720955483170466,-1.5176470379516875,-10.165242369326842,0.12952084646052778,0.0,-0.2853828306264501,-1.5613636363636363,-1.1014492753623188,-49.82598902194093,-0.33497876531784093,0.0,Conglomerates,Industrials,IEP
2015Q3,2015,Q3,2015-11-09,2015-09-30,-440000000.0,4086000000.0,276000000.0,-3.381984,862000000.0,0.2109642682329907,36452000000.0,0.0,21337000000.0,8097000000.0,24166000000.0,2318000000.0,0.0,8556880973.58,18697880973.58,0.0,2.635173521057182,0.3341929112257215,0.0,0.02319934157650364,0.0,0.0,2.0941950498237887,-4.86186418953409,0.0,-0.0659090909090909,1.3908541846419327,0.0033890853559304652,0.112092614945682,2.1709275040138323,-0.012070668276089103,450.36215650421053,0.2109642682329907,-3.0238094953138597,-2.0001296259755845,0.3845398110616663,0.0,-0.13972055888223553,-3.0754716981132075,-0.1182108626198083,-5.100335358842197,-0.29069418371113326,0.0,Conglomerates,Industrials,IEP
2015Q2,2015,Q2,2015-08-06,2015-06-30,212000000.0,4326000000.0,313000000.0,1.671098,1002000000.0,0.231622746185853,37278000000.0,0.0,22756000000.0,8047000000.0,23836000000.0,2339000000.0,0.0,10810562722.56,20776562722.559998,0.0,2.8278861687585435,0.32512473845163364,0.0,0.02136295051523501,0.0,0.0,2.4989742770596393,12.748305097358491,0.0,0.27358490566037735,1.4211201368106028,0.00536512311972094,0.11604699822951875,2.317261091089847,0.0056870003755566285,-400.39121194666666,0.231622746185853,0.3228341345602012,2.267884776460976,0.4366467366902578,0.0,0.30299089726918077,0.3167701863354037,1.2846715328467153,-0.29089282146692746,-0.1118281172608006,0.0,Conglomerates,Industrials,IEP
2015Q1,2015,Q1,2015-05-07,2015-03-31,161000000.0,3894000000.0,137000000.0,1.263271,769000000.0,0.19748330765279917,37241000000.0,0.0,23455000000.0,8767000000.0,24506000000.0,1937000000.0,0.0,11086927114.859999,20306927114.86,0.0,2.6753735599406867,0.32458849117907684,0.0,0.010154479324304008,0.0,0.0,2.847182104483821,17.21572533363354,0.0,0.0,1.6133195663397006,0.0,0.10456217609623801,2.22573286186837,0.004323192180661099,-20.194767058032784,0.19748330765279917,1.3307292573435336,3.0622994342284366,0.7544184406091514,0.0,0.538,1.3368200836820083,5.151515151515151,1.6370976153814925,0.20157810206891524,0.0,Conglomerates,Industrials,IEP
2014Q4,2014,Q4,2015-02-27,2014-12-31,-478000000.0,4298000000.0,-33000000.0,-3.819653,500000000.0,0.11633317822242904,35780000000.0,0.0,22417000000.0,8819000000.0,23390000000.0,1879000000.0,0.0,11341435698.18,20017435698.18,0.0,2.54189817439619,0.3238680827277809,0.0,-0.002289020030530338,0.0,0.0,2.6387705207491856,-5.93171323126569,0.0,-0.060669456066945605,2.0212879191059074,0.002556995496139323,0.12012297372833985,2.166118607551877,-0.013359418669647847,-57.86446784785714,0.11633317822242904,-0.3241378282305485,-41.990807639833754,0.5973450952315561,0.0,-0.274310595065312,-0.3464788732394366,-1.358695652173913,-2.3272033948297395,0.3265362568260739,0.0,Conglomerates,Industrials,IEP
2014Q3,2014,Q3,2014-11-04,2014-09-30,-355000000.0,4907000000.0,92000000.0,-2.884634,689000000.0,0.14041165681679232,36198000000.0,0.0,22835000000.0,7184000000.0,22326000000.0,2087000000.0,0.0,12768457161.6,21207457161.6,0.0,3.1785913140311806,0.3182220012155368,0.0,0.0077518983980431316,0.0,0.0,2.602090312125535,-8.99187124056338,0.0,-0.0676056338028169,2.0210828941063728,0.001879631947403784,0.1355599756892646,2.706987750556793,-0.009807171666942924,-70.93587312,0.14041165681679232,-1.7142858204074942,-3.065665517967605,0.4394137393441525,0.0,-0.20162224797219003,-1.7259713701431494,-0.6229508196721312,-5.680750700845656,0.44231139775949224,0.0,Conglomerates,Industrials,IEP
2014Q2,2014,Q2,2014-08-05,2014-06-30,489000000.0,5190000000.0,244000000.0,4.038487,863000000.0,0.16628131021194606,38559000000.0,0.0,25761000000.0,8967000000.0,23832000000.0,1998000000.0,0.0,11827270024.2,19837270024.2,0.0,2.8728671796587486,0.29417256671594183,0.0,0.02004724064378089,0.0,0.0,2.278857422774567,6.046661566564417,0.0,0.09815950920245399,2.165665665665666,0.004058417530147388,0.13459892632070333,2.506746961079514,0.012681864156228118,-34.68407631730206,0.16628131021194606,17.916687611004992,1.4484378106354179,1.2566755745105975,0.0,0.09936305732484077,17.862068965517242,-0.25609756097560976,0.44590561101830456,0.744013829231263,0.0,Conglomerates,Industrials,IEP
2014Q1,2014,Q1,2014-05-07,2014-03-31,-29000000.0,4927000000.0,328000000.0,-0.238728,785000000.0,0.15932616196468438,35186000000.0,0.0,22808000000.0,7777000000.0,22295000000.0,1964000000.0,0.0,12083437397.07,19808437397.07,0.0,2.9327504178989328,0.3145285056556585,0.0,0.012678332981938297,0.0,0.0,2.4524938902110818,-104.16756376784483,0.0,-0.8275862068965517,2.108961303462322,0.001986189791144988,0.14002728357869607,2.5864729330075864,-0.0008241914397771841,-11.14708246962177,0.15932616196468438,-1.121080931776,-20.037841826844808,0.8315196368349351,0.0,0.10252808988764045,-1.1306306306306306,1.0628930817610063,-1.0899009197378784,0.4949940874676026,0.0,Conglomerates,Industrials,IEP
2013Q4,2013,Q4,2014-03-03,2013-12-31,222000000.0,4916000000.0,159000000.0,1.9716399312291992,712000000.0,0.14483319772172498,31745000000.0,0.0,19606000000.0,5752000000.0,18436000000.0,1902000000.0,0.0,12319196631.84,18352196631.84,0.0,3.4085535465924894,0.29280201606552214,0.0,0.12703286625102514,0.0,0.0,2.505939103303499,13.87296918,0.0,0.08558558558558559,2.210304942166141,0.0015423083637526253,0.15485903291856987,3.00904033379694,0.006993227279886596,456.26654192,0.14483319772172498,-0.5165505192197193,1.3120347981778266,12.405257371752956,0.0,0.2513181019332162,-0.5296610169491526,0.8068181818181818,1.07943189070844,0.7360338579833502,0.0,Conglomerates,Industrials,IEP
2013Q3,2013,Q3,2013-11-04,2013-09-30,472000000.0,4394000000.0,88000000.0,4.078275,569000000.0,0.12949476558944015,31781000000.0,0.0,20943000000.0,7358000000.0,19134000000.0,2093000000.0,0.0,9375920880.48,14256920880.48,0.0,2.8462897526501765,0.25659985525943174,0.0,0.01030926350126057,0.0,0.0,2.1338008376149293,4.96605978838983,0.0,0.04025423728813559,1.8275203057811753,0.0020264676123234624,0.13825870803310153,2.3674911660777385,0.014851640917529342,-23.67656788,0.12949476558944015,7.54165924889571,12.036751362033943,0.5775332264030038,0.0,-0.3001230012300123,7.7407407407407405,-0.7634408602150538,0.2165537804277686,0.6883125023714034,0.0,Conglomerates,Industrials,IEP
2013Q2,2013,Q2,2013-08-07,2013-06-30,54000000.0,4700000000.0,372000000.0,0.477457,813000000.0,0.17297872340425532,29244000000.0,0.0,18625000000.0,6003000000.0,17798000000.0,2029000000.0,0.0,8021906263.800001,12926906263.800001,0.0,3.102615358987173,0.281938175352209,0.0,0.01982073563589073,0.0,0.0,1.7067885667659577,37.138454925000005,0.0,0.24074074074074073,1.9157220305569247,0.0016205624414566346,0.16071672821775407,2.4922538730634685,0.0018465326220763233,49.51793990000001,0.17297872340425532,-0.8079998294965361,1.3585312202662845,21.605549815602586,0.0,-0.06551724137931035,-0.8050541516245487,-0.07231920199501247,1.3640547368431686,0.7595043040875096,0.0,Conglomerates,Industrials,IEP
2013Q1,2013,Q1,2013-05-03,2013-03-31,277000000.0,4763000000.0,401000000.0,2.486753,870000000.0,0.1826579886626076,26261000000.0,0.0,15597000000.0,3692000000.0,15332000000.0,1968000000.0,0.0,5989999651.02,11736999651.02,0.0,4.22453954496208,0.31164083622101213,0.0,0.041783608897204776,0.0,0.0,1.2576106762586605,5.4061368691516245,0.0,0.0,1.9781504065040652,0.0,0.1813716157038955,3.3057963163596966,0.010547960854499067,-25.274260130886077,0.1826579886626076,12.97194413400878,-0.59892678903692,5.80201257180473,0.0,0.27941176470588236,14.38888888888889,0.5912698412698413,5.1172274712057355,1.4901015810788507,0.0,Conglomerates,Industrials,IEP
2012Q4,2012,Q4,2013-03-15,2012-12-31,18000000.0,4320000000.0,252000000.0,0.17798188828618727,680000000.0,0.1574074074074074,24556000000.0,0.0,13871000000.0,2879000000.0,14783000000.0,1955000000.0,0.0,4520684704.200001,9997684704.2,0.0,4.817992358457798,0.3481022967910083,0.0,0.7468413664014975,0.0,0.0,1.046454792638889,62.78728755833334,0.0,0.5555555555555556,1.8618925831202047,0.0022120542914017805,0.17592441765759895,3.6460576589093434,0.0007330184069066623,-35.595942552755915,0.1574074074074074,2.6363592660107136,-0.5260601514538515,2.064236486963126,0.0,-0.21022067363530778,-0.788235294117647,-0.27586206896551724,2.9633182096849318,0.9470924393569573,0.0,Conglomerates,Industrials,IEP
2012Q3,2012,Q3,2012-11-07,2012-09-30,85000000.0,4563000000.0,348000000.0,-0.108767,861000000.0,0.18869165023011178,24332000000.0,0.0,14119000000.0,4830000000.0,14534000000.0,1933000000.0,-479000000.0,4126464816.572,9497464816.572,0.0,2.9231884057971014,0.3497862896597074,0.0,0.019470601070883057,0.0,0.0,0.904331539901819,12.136661225211764,0.0,0.12941176470588237,1.9151577858251423,0.002665720050689318,0.18753082360677298,2.132505175983437,0.0034933421009370378,-18.17825910384141,0.18869165023011178,0.8155146971521617,3.175677339156594,13.470002786235789,0.0,0.2643171806167401,-0.6458333333333334,-0.2897959183673469,-0.4100129622411442,0.5966581865654957,0.0,Conglomerates,Industrials,IEP
2012Q2,2012,Q2,2012-08-07,2012-06-30,240000000.0,3910000000.0,490000000.0,-0.58957,681000000.0,0.1741687979539642,24014000000.0,0.0,13822000000.0,4804000000.0,14312000000.0,1862000000.0,-468000000.0,3924046822.1864,8997046822.1864,0.0,2.877185678601166,0.34488215207795453,0.0,0.07354697199945032,0.0,0.0,1.0035925376435806,4.087548773110833,0.0,0.041666666666666664,1.734156820622986,0.002548389571566886,0.1628216873490464,2.2039966694421316,0.009994170067460648,3.600042956134312,0.1741687979539642,-2.2310509567439802,6.985105411112633,12.002371656946869,0.0,0.28733459357277885,3.8979591836734695,1.6063829787234043,0.424506776727363,1.015355139753169,0.0,Conglomerates,Industrials,IEP
2012Q1,2012,Q1,2012-05-01,2012-03-31,49000000.0,2601000000.0,188000000.0,0.478916,529000000.0,0.20338331410995772,21065000000.0,0.0,14776000000.0,3894000000.0,12540000000.0,1394000000.0,0.0,4155519387.6789,8001519387.6789,0.0,3.794555726759117,0.3471635414194161,0.0,0.036570028677466136,0.0,0.0,1.597662202106459,21.201629528973978,0.0,0.20408163265306123,1.4863701578192252,0.0024064380567324424,0.12347495846190364,2.8590138674884438,0.0023261333966294803,-37.102851675704464,0.20338331410995772,-0.836906703467077,-0.6744261517948019,3.750028221879392,0.0,0.3994708994708995,-0.8115384615384615,-0.7403314917127072,37.1241471048436,0.1459184438451732,0.0,Conglomerates,Industrials,IEP
2011Q4,2011,Q4,2012-03-12,2011-12-31,260000000.0,2339000000.0,724000000.0,2.9364542270032716,378000000.0,0.1616075245831552,25136000000.0,0.0,18993000000.0,9490000000.0,17303000000.0,1344000000.0,0.0,3033082524.528,2249082524.528,0.0,2.0013698630136987,0.25751909611712287,0.0,0.11566846148918773,0.0,0.0,1.296743276839675,2.916425504353846,0.0,0.03461538461538462,1.459077380952381,0.002967278314130459,0.0930537873965627,1.8597471022128556,0.010343730108211331,233.31404034830769,0.1616075245831552,7.871036432394807,-0.6747168142272256,3.4854973557013063,0.0,-0.27307692307692305,7.666666666666667,9.969696969696969,1.464727807328465,7.110894657085845,0.0,Conglomerates,Industrials,IEP
2011Q3,2011,Q3,2011-11-02,2011-09-30,-39000000.0,2497000000.0,66000000.0,-0.427367,520000000.0,0.20824989987985582,22478000000.0,0.0,16153000000.0,7356000000.0,15076000000.0,1402000000.0,0.0,3068242616.2640004,7386242616.264,0.0,2.19589450788472,0.2886822671056144,0.0,0.013561411619664046,0.0,0.0,1.228771572392471,-19.668221899128206,0.0,-0.20512820512820512,1.4101283880171185,0.0026073557409032667,0.11108639558679598,1.6336324089178902,-0.001735029806922324,9.05086317482006,0.20824989987985582,-1.6874996983712045,-1.2720745458606764,3.811688304078731,-1.0,-0.024390243902439025,-1.1349480968858132,-0.9084604715672677,-2.369831812335017,0.14001945209381994,0.0,Conglomerates,Industrials,IEP
2011Q2,2011,Q2,2011-08-09,2011-06-30,289000000.0,2543000000.0,721000000.0,0.621625,533000000.0,0.20959496657491153,23725000000.0,0.0,17394000000.0,7835000000.0,15992000000.0,1375000000.0,-237000000.0,4170973765.4024005,8524973765.402401,0.0,2.2200382897255904,0.2934035827186512,0.0,0.09948850361790124,0.0,0.0,1.6401784370438066,3.6081087936006924,0.0,0.03460207612456748,1.461818181818182,0.0023975216729840154,0.10718651211801897,1.5646458200382898,0.012181243414120127,2.4193583326000003,0.20959496657491153,-0.761193966779022,1.5531908805502581,2.147370211507627,-1.0,0.011385199240986717,0.20416666666666666,-0.0027662517289073307,3.0932100601980097,13.1622649650229,0.0,Conglomerates,Industrials,IEP
2011Q1,2011,Q1,2011-05-05,2011-03-31,240000000.0,2452000000.0,723000000.0,2.603054,527000000.0,0.21492659053833604,24303000000.0,0.0,17741000000.0,7159000000.0,17412000000.0,1274000000.0,0.0,3346166778.6400003,7787166778.64,0.0,2.478139404944825,0.2925564745093198,0.0,0.09870668920683351,0.0,0.0,1.36466834365416,3.4855903944166666,0.0,0.0875,1.510989010989011,0.006275837813599697,0.10089289388141381,1.7565302416538622,0.009875324034069868,-5.954033413950179,0.21492659053833604,1.7453661366360975,2.513691357363433,2.568599416569823,-1.0,0.18693693693693694,1.9268292682926829,0.9435483870967742,-0.5768466801637304,3.2640269360490253,0.0,Conglomerates,Industrials,IEP
2010Q4,2010,Q4,2011-03-08,2010-12-31,82000000.0,2175000000.0,372000000.0,0.9481627842869539,444000000.0,0.20413793103448277,21338000000.0,0.0,15105000000.0,5663000000.0,13444000000.0,1163000000.0,0.0,2917859934.864,6463859934.864,0.0,2.6673141444464066,0.30504264692098604,0.0,0.05952307338259378,0.0,0.0,1.3415447976386206,8.895914435560975,0.0,0.2682926829268293,1.4883920894239038,0.007539772467188494,0.10193082763145563,2.0780505032668195,0.0038429093635767176,33.15749925981818,0.20413793103448277,-0.7085998431113508,-0.02830491793255428,1.8924434026255856,-1.0,0.5102040816326531,-0.7248322147651006,-0.5714285714285714,1.5248194111722322,0.8041121935057194,0.0,Conglomerates,Industrials,IEP
2010Q3,2010,Q3,2010-11-05,2010-09-30,298000000.0,1999000000.0,868000000.0,3.253817,294000000.0,0.1470735367683842,19323000000.0,0.0,13680000000.0,4376000000.0,11570000000.0,1175000000.0,0.0,3037016267.376,6742016267.375999,0.0,3.126142595978062,0.3087512291052114,0.0,0.14417189635916133,0.0,0.0,1.5192677675717858,2.5478324390738254,0.0,0.07046979865771812,1.451063829787234,0.006914681434401444,0.10345184495161207,2.4136197440585008,0.015422035915748072,15.416326230335025,0.1470735367683842,3.481480888319454,2.740172596249675,3.437052028715179,-1.0,-0.16477272727272727,3.5689655172413794,9.037037037037036,16.119458314374402,6.413045877043414,0.0,Conglomerates,Industrials,IEP
2010Q2,2010,Q2,2010-08-05,2010-06-30,-116000000.0,2089000000.0,-108000000.0,-1.31124,352000000.0,0.1685016754427956,18295000000.0,0.0,12682000000.0,4202000000.0,11380000000.0,1095000000.0,0.0,3057711658.848,6528711658.848,0.0,3.018086625416468,0.3258813883574747,0.0,-0.019810193623655898,0.0,0.0,1.4637202770933462,-6.589895816482758,0.0,-0.1896551724137931,1.5863013698630137,0.007194923019094793,0.11418420333424432,2.4659685863874348,-0.0063405301995080625,-27.7973787168,0.1685016754427956,-10.000020591243231,-8.098275457784435,4.215050702362941,-1.0,0.2893772893772894,-0.7846153846153846,-3.8421052631578947,-2.3473713779761063,7.038399851330421,0.0,Conglomerates,Industrials,IEP
2010Q1,2010,Q1,2010-05-06,2010-03-31,-65000000.0,1848000000.0,38000000.0,0.145693,273000000.0,0.14772727272727273,18796000000.0,0.0,13137000000.0,4130000000.0,11447000000.0,1120000000.0,-498000000.0,4679463451.599999,8202463451.599999,0.0,3.1808716707021794,0.3201745052138753,0.0,0.005538938739337544,0.0,0.0,2.532177192424242,-17.997936352307693,0.0,-0.3076923076923077,1.40625,0.004273994274527694,0.09831879123217706,2.330992736077482,-0.0034581825920408597,-8.416301171942445,0.14772727272727273,2.6071394829999996,-1.504357590075019,5.521793890686884,-1.0,-0.08080808080808081,-8.285714285714286,0.26666666666666666,-1.4163168570395883,2.253231819450047,0.0,Conglomerates,Industrials,IEP
2009Q4,2009,Q4,2010-03-03,2009-12-31,-7000000.0,1694000000.0,30000000.0,-0.09065361254645998,297000000.0,0.17532467532467533,17930000000.0,0.0,12698000000.0,4925000000.0,11155000000.0,999000000.0,0.0,2951758815.6,4517758815.6,0.0,2.578274111675127,0.3775794757389849,0.0,0.0021753726332751446,0.0,0.0,1.7424786396694214,-105.41995769999998,0.0,-2.857142857142857,1.3983983983983983,0.006775621332711978,0.09447852760736196,2.3754314720812184,-0.00039040713887339657,-590.35176312,0.17532467532467533,-1.067146297950627,0.710385939570995,8.290431848700917,-1.0,-0.6278195488721805,-1.0636363636363637,-0.944547134935305,-1.010042075786421,2.7250403122017333,0.0,Conglomerates,Industrials,IEP
2009Q3,2009,Q3,2009-11-04,2009-09-30,110000000.0,2182000000.0,541000000.0,1.350091,798000000.0,0.36571952337305225,18254000000.0,0.0,7616000000.0,2925000000.0,11119000000.0,1017000000.0,0.0,2952500098.8,2229500098.8,0.0,2.603760683760684,0.25386216719623095,0.0,0.11802030935198918,0.0,0.0,1.3531164522456463,6.710227497272728,0.0,0.17272727272727273,1.3608652900688298,0.006435224170770483,0.11953544428618385,2.256068376068376,0.006026076476388737,6.281915103829788,0.36571952337305225,-0.1257863345655678,1.1793771118693628,10.22444436318014,-1.0,2.2975206611570247,-0.15384615384615385,-0.2136627906976744,-0.12005975937025684,3.82137462895198,-1.0,Conglomerates,Industrials,IEP
2009Q2,2009,Q2,2009-08-06,2009-06-30,130000000.0,1497000000.0,688000000.0,1.544349,242000000.0,0.16165664662658652,18479000000.0,0.0,13083000000.0,3689000000.0,12136000000.0,1050000000.0,0.0,2897815019.4,5440815019.4,0.0,3.5464895635673623,0.2475242166783917,0.0,0.15283753935110372,0.0,0.0,1.935748175951904,5.572721191153846,0.0,0.14615384615384616,1.1952380952380952,0.006556664201407169,0.08101087721197034,2.127676877202494,0.007035012717138373,2897.8150194,0.16165664662658652,117.79607692307694,-0.023015041649935453,6.8041894751344,-1.0,1.0683760683760684,129.0,4.880341880341881,0.5077667091043337,1.4323643312221483,-1.0,Conglomerates,Industrials,IEP
2009Q1,2009,Q1,2009-05-06,2009-03-31,1000000.0,1766000000.0,117000000.0,0.013,117000000.0,0.06625141562853908,16438000000.0,0.0,6881000000.0,3145000000.0,10118000000.0,888000000.0,0.0,1921035412.8,1592035412.8000002,0.0,2.1879173290938,0.27777101837206475,0.0,0.027814279456855013,0.0,0.0,1.0877890219705548,480.2588532,0.0,19.0,1.856981981981982,0.00989049960943021,0.10743399440321207,1.9011128775834658,6.0834651417447376e-05,-4.900600542857143,0.06625141562853908,1.0020574001936462,-0.9895429619397605,13.507242802424427,-1.0,1.058305521931597,1.002180701662567,1.058305521931597,-0.9834075685902282,1.912900807076107,-1.0,Conglomerates,Industrials,IEP
2008Q4,2008,Q4,2009-03-04,2008-12-31,-458568000.0,236369000.0,-2006671000.0,-6.318654017894421,-2006671000.0,-8.489569275158756,18815000000.0,0.0,8396000000.0,6470000000.0,12473000000.0,894000000.0,0.0,1836767368.3560002,-66232631.64400005,0.0,1.2976816074188562,0.24294445920807867,0.0,-0.4255237366003063,0.0,0.0,7.770762529587214,-1.0013604134806615,0.0,0.0,2.508993288590604,0.0,0.01256279564177518,1.1540958268933539,-0.02437246877491363,2.3142825424750466,-8.489569275158756,-21.329504709903162,-7.326778820504899,0.7625170100606165,-1.0,-2.999049397453501,-20.65066849502914,-2.999049397453501,-7.475475663275508,-0.6254171374703,-1.0,Conglomerates,Industrials,IEP
2008Q3,2008,Q3,2008-11-05,2008-09-30,23336000.0,1795293000.0,-501787000.0,0.310812,-501787000.0,-0.2795014518521489,21372660000.0,0.0,11355178000.0,5472894000.0,11504031000.0,1033968000.0,0.0,2989535022.3804,3424376022.3804,0.0,2.0748032028393024,0.2789065563200837,0.0,-0.08963969820373345,0.0,0.0,1.6652073073199751,32.02707214583048,0.0,0.0,2.2216161428593533,0.0,0.08399951152547226,1.3276959137158513,0.0010918622202383793,-6.267369019665409,-0.2795014518521489,1.2335762693267882,0.006464658844630382,16.271013131145512,1.0,0.2581614701142798,1.2360915795756908,0.2581614701142798,1.1623881204584128,3.7486355839445995,-1.0,Conglomerates,Industrials,IEP
2008Q2,2008,Q2,2008-08-11,2008-06-30,-98843000.0,-149690000.0,-676410000.0,-1.330666,-676410000.0,-4.518738726701851,14080895000.0,0.0,6957474000.0,2976943000.0,5138908000.0,245635000.0,0.0,4884637117.935599,3845594117.9355993,0.0,2.3371203277993566,0.2237218585892445,0.0,-0.2214366329147482,0.0,0.0,-32.63168627119781,-12.354534762035753,0.0,-0.0036219054460103397,2.1443198241292976,7.329101248595965e-05,-0.010630716300348807,1.8251192582457911,-0.007019653225167861,-70.0798714212938,4.518738726701851,-1.199127986584593,-12.061279194816514,-2.533502084995974,1.0,-45.073836932089094,-1.2101473155154343,-39.91024555461473,-8.207631184544416,-1.4453122697019305,-1.0,Conglomerates,Industrials,IEP
2008Q1,2008,Q1,2008-05-12,2008-03-31,470351000.0,476880000.0,-16534000.0,6.682466,-14681000.0,-0.0307855225633283,13136515000.0,0.0,0.0,0.0,3271198000.0,227675000.0,0.0,5729075475.486,5778001475.486,0.0,0.0,0.15405448096393906,0.0,-0.013982147005027175,0.0,0.0,12.013662714909412,3.045106460646411,0.0,0.0007611337065298044,2.159046887009992,6.248826735340412e-05,0.03630186544909361,0.0,0.035804853874867114,-28.65039119588928,-0.0307855225633283,16.794433773296337,28.342271711622086,3.8535491215303104,1.0,-1.4991330364124706,17.20314253647587,0.9569825890580608,4.177495949384519,1.3875182686351568,-1.0,Conglomerates,Industrials,IEP
2007Q4,2007,Q4,2008-03-17,2007-12-31,25839000.0,959153000.0,-384356000.0,0.375536872099196,29413000.0,0.030665597667942444,12433646000.0,0.0,3918496000.0,198422000.0,3386055000.0,266223000.0,0.0,8540447540.003,8456189540.003,0.0,19.748294039975406,0.16315198293404848,0.0,-0.18083424788079897,0.0,0.0,8.904155583106137,82.63136673248772,0.0,0.7285498664809009,3.49233537297679,0.0022042170403628976,0.07714173300414054,18.406593018919274,0.002078151493134033,-12.92569708839412,0.030665597667942444,-0.270494806356861,0.20852565326277908,6.518451254796072,1.0,1.456192322605661,0.8657664813343924,-4.961318340442032,2.1997399255734695,4.903372565377431,-1.0,Conglomerates,Industrials,IEP
2007Q3,2007,Q3,2007-11-09,2007-09-30,13849000.0,214540000.0,-64475000.0,0.514783,-64475000.0,-0.30052670830614336,13464085000.0,0.0,9956214000.0,2105761000.0,11033820000.0,233865000.0,0.0,7795160190.0938,9762839190.0938,0.0,4.728083576436262,0.23086009929378787,0.0,-0.022755064788346827,0.0,0.0,36.33429752071315,140.71702271091414,0.0,0.19864250126362915,1.1930600987749342,0.00035291128506839534,0.015934242839376014,4.263048845524255,0.0010285882776289662,-3.357110485250249,-0.30052670830614336,2.325001608689497,-0.44540942426395924,0.9439144876572422,-1.0,-0.23990384615384616,1.5426936792194053,-0.1542248478338704,-0.6920728921428198,0.23853472918249594,-1.0,Conglomerates,Industrials,IEP
2007Q2,2007,Q2,2007-08-09,2007-06-30,-25519000.0,191372000.0,-55860000.0,-0.388515,-52000000.0,-0.2717220910059988,5220672000.0,0.0,4530902000.0,570569000.0,2723854000.0,267330000.0,0.0,6300956730.436785,5207031730.436785,0.0,7.941023785028629,0.39090523212337414,0.0,-0.027844844096156385,0.0,0.0,32.92517573331932,-61.72809211212023,0.0,-0.3709784866178142,0.9103804286836494,0.001502470244601052,0.03665658367351943,6.299551850871674,-0.004888068049477156,268.29707176652266,-0.2717220910059988,-1.2614375346551177,-2.3926309840167286,0.6906278950627468,-1.0,-3.5189884418180237,-1.2642320197146348,-1.9114979672677994,-1.2325308575762655,0.2096418857490878,-1.0,Conglomerates,Industrials,IEP
2007Q1,2007,Q1,2007-05-10,2007-03-31,96578000.0,351379000.0,-19186000.0,1.486072,-11507000.0,-0.03274811528292812,4622667000.0,0.0,3424866000.0,258861000.0,2077170000.0,235358000.0,0.0,7372998945.130729,6740595945.130729,0.0,13.23052139951557,0.3675622751974131,0.0,-0.010067158923490764,0.0,0.0,20.98303810168146,19.085606828498022,0.0,0.06534614508480192,1.5418468885697534,0.0008559610610236024,0.07601218084711704,11.839999072861497,0.020892268467531838,-188.33654197227773,-0.03274811528292812,-0.8353816551940485,2.823916039042993,2.339261361015395,-1.0,0.571625344352617,-0.8320128436824354,0.2857568312113767,0.22450147481825178,2.4997933317669436,-1.0,Conglomerates,Industrials,IEP
