Quarters,Year,Quarter,FillingDate,Date,NetIncome,Revenue,OperatingIncome,EPSDiluted,GrossProfit,GrossProfitRatio,TotalAssets,CommonStockEquity,CurrentAssets,CurrentLiability,TotalLiability,Inventory,RetainedEarnings,MarketCap,EnterpriseValue,bookValuePerShare,currentRatio,debtToAssets,debtToEquity,roic,shareholdersEquityPerShare,roe,priceToSalesRatio,peRatio,pbRatio,payoutRatio,inventoryTurnover,dividendYield,assetTurnover,quickRatio,returnOnAssets,priceToFreeCashFlowsRatio,grossProfitMargin,epsdilutedGrowth,fiveYNetIncomeGrowthPerShare,fiveYRevenueGrowthPerShare,fiveYShareholdersEquityGrowthPerShare,grossProfitGrowth,netIncomeGrowth,operatingIncomeGrowth,threeYNetIncomeGrowthPerShare,threeYRevenueGrowthPerShare,threeYShareholdersEquityGrowthPerShare,Industry,Sector,Symbol
2023Q1,2023,Q1,2023-03-31,2023-03-31,33511000.0,1989167000.0,62133000.0,0.35,179039000.0,0.090007023,4669842000.0,1170620000.0,2015655000.0,1734092000.0,3332750000.0,405553000.0,475718000.0,1114114260.0,2456290260.0,12.335430299581661,1.162369124590852,0.34441764839153016,1.373952264611915,0.015060459260972355,12.335430299581661,0.0286267106319728,0.5600908621548618,8.311556354629824,0.9517300746612906,0.22655247530661574,4.463357440334556,0.006814381857027842,0.42596023591376325,0.6595261381749066,0.007176045784846682,-238.87527015437394,0.09000702304029777,2.1818181818181817,2.946135309040073,0.9836100512726864,0.0,0.13829496398303737,2.159328745168285,6.851666980598983,2.946135309040073,0.9836100512726864,0.0,Farm Products,Consumer Defensive,DOLE
2022Q4,2022,Q4,2022-12-31,2022-12-31,10607000.0,2356198000.0,-10618000.0,0.11,157287000.0,0.0667545767,4591842000.0,1161128000.0,1605478000.0,1460514000.0,3272857000.0,436878000.0,469249000.0,915775350.0,2322554350.0,12.235408170792105,1.0992554675956547,0.3562010626672259,1.4086465919347393,-0.007180603086209451,12.235408170792105,0.009135082437078427,0.38866655094351155,21.58422150466673,0.7886945711411661,0.715942302253229,5.033238112241862,0.008292426739811242,0.5131269760588453,0.751705221586373,0.0023099662401276,10.658341383363787,0.06675457665272613,-0.7380952380952381,0.0,0.0,0.0,0.17839162096556685,-0.7337399904611291,-1.5963828353179061,0.0,0.0,0.0,Farm Products,Consumer Defensive,DOLE
2022Q3,2022,Q3,2022-09-30,2022-09-30,39837000.0,2267538000.0,17804000.0,0.42,133476000.0,0.0588638426,4527868000.0,1110458000.0,1635504000.0,1400184000.0,3270666000.0,451926000.0,470125000.0,692704300.0,2143640300.0,11.702458610405623,1.16806362592345,0.36935970748263863,1.5060560597519221,0.022721750927419942,11.702458610405623,0.03587438696465783,0.30548740528273394,4.347116374224966,0.6238005399573869,0.19052639505986896,4.722149201417931,0.010957056279281072,0.5007959595995289,0.7853753506681979,0.008798180512329423,-25.14535719471468,0.05886384263461075,-0.023255813953488393,1.294366641696694,0.8719418611427847,0.0,-0.21441729887526706,-0.03476933514246947,-0.67196683555965,1.294366641696694,0.8719418611427847,0.0,Farm Products,Consumer Defensive,DOLE
2022Q2,2022,Q2,2022-06-30,2022-06-30,41272000.0,2360135000.0,54275000.0,0.43,169907000.0,0.0719903734,4544088000.0,1101762000.0,1608657000.0,1380677000.0,3291754000.0,410231000.0,437983000.0,802667880.0000001,2225137880.0,11.61240751280592,1.165121893100269,0.3655871101087831,1.5078211083700472,0.01525905146681116,11.61240751280592,0.03745999589748058,0.3400940539418296,4.862060719131615,0.7285310983678871,0.18390191897654584,5.3390114350207565,0.009455965772543432,0.5193858481613912,0.8148328682233426,0.00908257058402038,3.2742976723694843,0.07199037343202826,14.087719298245613,0.0,0.0,0.0,0.26759376002506735,14.240768094534712,4.112084392954696,0.0,0.0,0.0,Farm Products,Consumer Defensive,DOLE
2022Q1,2022,Q1,2022-03-31,2022-03-31,2708000.0,2244982000.0,10617000.0,0.0285,134039000.0,0.0597060466,4773260000.0,1096383000.0,1782186000.0,1378455000.0,3512007000.0,457660000.0,404334000.0,1176487200.0,2819641200.0,11.555713653323215,1.2928866013036333,0.3894826596497991,1.6956683932530876,0.0027627062977150525,11.555713653323215,0.002469939792937322,0.5240519523096399,108.61218611521419,1.073062241935528,2.8028064992614476,4.612469955862431,0.006451408906106246,0.470324683759108,0.9046570254378997,0.0005673271516741179,-7.2345342852399135,0.05970604664090848,0.0,-0.6810450403606211,1.2392059141361047,0.0,0.0,0.0,0.0,-0.6810450403606211,1.2392059141361047,0.0,Farm Products,Consumer Defensive,DOLE
2021Q3,2021,Q3,2021-09-30,2021-09-30,-28516000.0,1942185000.0,-27161000.0,-0.35,98770000.0,0.05085509361878503,4729944000.0,1116742000.0,1721483000.0,1435749000.0,3449783000.0,421762000.0,450193000.0,1393535360.0,2876558360.0,13.591290801548086,1.1990138944899142,0.36305651821670615,1.537720440352382,-0.007448302118059987,13.591290801548086,-0.025534993758630015,0.7175090735434575,-12.217135643147707,1.247857929584452,-0.005540749053163136,4.370747008976626,0.0001133806895291125,0.41061479797646655,0.8589105755950378,-0.00602882401990383,-38.23561872359107,0.05085509361878503,0.0,-2.896695782001688,0.8516600485647585,0.0,0.0,0.0,0.0,-2.896695782001688,0.8516600485647585,0.0,Farm Products,Consumer Defensive,DOLE
2021Q1,2021,Q1,2021-03-31,2021-03-31,21309000.0,1051139000.0,12880000.0,0.229,84501000.0,0.08038993891388294,2101171000.0,543368000.0,948630000.0,663406000.0,1436709000.0,139391000.0,477717000.0,1349930338.0,1614421338.0,5.836475985622304,1.4299388308215482,0.2964256597868522,1.146259993227426,0.008762156436819834,5.836475985622304,0.03921651624681615,1.284254830236534,15.837560866300624,2.4843758520928727,0.20212116945891406,6.93472318872811,0.0031905350067034347,0.5002634245380314,1.1836145588071256,0.010141487770390891,-29.125967420384914,0.08038993891388294,0.0,1.5577961829312208,0.06847283479894323,0.0,0.0,0.0,0.0,1.5577961829312208,0.06847283479894323,0.0,Farm Products,Consumer Defensive,DOLE
2020Q3,2020,Q3,2020-09-30,2020-09-30,17035000.0,1188449000.0,22180000.0,0.182978,89144000.0,0.075008687793923,,,,,,,,1349930338.0,,,0.0,0.0,0.0,0.0,,0.0,1.1358756984944243,19.811129116524803,0.0,,0.0,,0.0,0.0,0.0,0.0,0.075008687793923,0.0,0.0,0.0,0.0,0.0,0.0,0.0,0.0,0.0,0.0,Farm Products,Consumer Defensive,DOLE
2020Q1,2020,Q1,2020-03-31,2020-03-31,8331000.0,983777000.0,7099000.0,0.089486,72317000.0,0.07350954535428253,,,,,,,,1349930338.0,,,0.0,0.0,0.0,0.0,,0.0,1.3721913990670649,40.509252730764615,0.0,0.0,0.0,0.0,0.0,0.0,0.0,-26.323667914667915,0.07350954535428253,0.0,0.0,0.0,0.0,0.0,0.0,0.0,0.0,0.0,0.0,Farm Products,Consumer Defensive,DOLE
