Quarters,Year,Quarter,FillingDate,Date,NetIncome,Revenue,OperatingIncome,EPSDiluted,GrossProfit,GrossProfitRatio,TotalAssets,CommonStockEquity,CurrentAssets,CurrentLiability,TotalLiability,Inventory,RetainedEarnings,MarketCap,EnterpriseValue,bookValuePerShare,currentRatio,debtToAssets,debtToEquity,roic,shareholdersEquityPerShare,roe,priceToSalesRatio,peRatio,pbRatio,payoutRatio,inventoryTurnover,dividendYield,assetTurnover,quickRatio,returnOnAssets,priceToFreeCashFlowsRatio,grossProfitMargin,epsdilutedGrowth,fiveYNetIncomeGrowthPerShare,fiveYRevenueGrowthPerShare,fiveYShareholdersEquityGrowthPerShare,grossProfitGrowth,netIncomeGrowth,operatingIncomeGrowth,threeYNetIncomeGrowthPerShare,threeYRevenueGrowthPerShare,threeYShareholdersEquityGrowthPerShare,Industry,Sector,Symbol
2023Q1,2023,Q1,2023-05-19,2023-03-31,-2007977.0,1763993.0,-426968.0,-4.26,797787.0,0.4522619988,2900350.0,-7684192.0,1830550.0,9366822.0,10584542.0,0.0,-39982989.0,707094.0,4511742.0,-16.30092745801831,0.19542914341705223,1.6500574068646887,-0.6228038029242372,0.3963561256928547,-16.30092745801831,0.2613127053566595,0.40084852944427785,-0.08803561992990956,-0.09201930404654127,0.0,0.0,0.0,0.6082000448221766,0.14513791337125867,-0.6923223059285948,-1.4134021484054866,0.452261998772104,-15.689655172413794,-17.972091397958796,-0.09062469140403379,-0.5310543435115714,-0.1204364593738217,-16.55763285735316,0.05701614898052935,-271.28174721583883,-0.2366713439907861,-0.6149506171274938,Information Technology Services,Technology,IMCI
2022Q4,2022,Q4,2023-05-09,2022-12-31,129067.0,1927630.0,-452784.0,0.29,907026.0,0.4705394707,1665970.0,-6864214.0,573410.0,6611899.0,8530184.0,0.0,-39029018.0,918133.4999999999,5591914.5,-15.326353629401389,0.08672395025997826,2.819359292184133,-0.6842688762325884,-0.04981192016239563,-15.326353629401389,-0.01880288114560531,0.4763017280287191,1.7784048207520124,-0.1337565378934864,0.0,0.0,0.0,1.15706165177044,0.06491206232884078,0.07747258353991969,-2.2916041642227274,0.47053947074905456,1.0826210826210827,-0.7780646295285218,0.05056685155318676,-0.47052865677264827,0.39255381214112445,1.08153028067232,0.23455187243883638,-0.21290870293787578,-0.07763726090712615,-0.519926520857156,Information Technology Services,Technology,IMCI
2022Q3,2022,Q3,2022-11-17,2022-09-30,-1583056.0,1712212.0,-591528.0,-3.51,651340.0,0.3804085008,1893326.0,-6367284.0,769884.0,6234712.0,8260610.0,0.0,-38256087.0,2708064.0,7338906.0,-14.107385940657236,0.12348349049643352,2.4493542052451613,-0.728320897889901,0.8106375218174937,-14.107385940657236,0.24862343190597436,1.5816172296421238,-0.42766396135070395,-0.425309127094064,0.0,0.0,0.0,0.9043408266722159,0.0950178612901446,-0.8361243652704289,-23.09531281981306,0.3804085008164877,-0.44444444444444425,-6.240056329351655,-0.07192782588152023,-0.20859053652026077,0.022747792661728845,-0.46990424140117865,-0.0035746944883198934,-13.602790154050071,-0.19218497526481376,-0.34181645244294306,Information Technology Services,Technology,IMCI
2022Q2,2022,Q2,2022-08-15,2022-06-30,-1076979.0,1696492.0,-589421.0,-2.43,636853.0,0.3753940484,1997119.0,-5387542.0,850217.0,5314974.0,7384661.0,0.0,-37168795.0,67391.9136,4441035.9136,-12.135415540418784,0.15996635166982942,2.190774811115412,-0.8121028105210131,2.328909350030605,-12.135415540418784,0.19990173626488666,0.03972427432607993,-0.01564373901440975,-0.012508842362621024,0.0,0.0,0.0,0.8494696610467378,0.12267171956062249,-0.5392663131240552,-0.13807498248245173,0.37539404842463153,-0.029661016949152665,-3.8205681474573825,-0.05452474944025316,-0.07529606154104708,0.1667607130425224,-0.0449106908963898,0.16486345564752655,-25.212620639530122,-0.16749392616828326,-0.17959905849410207,Information Technology Services,Technology,IMCI
2022Q1,2022,Q1,2022-05-16,2022-03-31,-1030690.0,1667070.0,-705778.0,-2.36,545830.0,0.3274187647,1490925.0,-4816866.0,1011242.0,4861865.0,6307791.0,0.0,-36335595.0,69761.76,3310726.76,-11.047579074839854,0.2079946687125208,2.244116907289099,-0.694603088398141,0.5779284333278382,-11.047579074839854,0.2139752278763827,0.04184692904317155,-0.01692113050480746,-0.014482811022768747,0.0,0.0,0.0,1.1181447758941596,0.15862205141442637,-0.6913090866408438,-0.2681381091666634,0.32741876465895253,-0.21649484536082472,-3.6937662205623885,-0.10046715078389488,-0.02390994973747579,-0.08328420826342459,-0.21948449156101918,-0.14691835305320872,-27.14434215404072,-0.12219394690424111,-0.07971136569600021,Information Technology Services,Technology,IMCI
2021Q4,2021,Q4,2022-03-15,2021-12-31,-845185.0,1765656.0,-615369.0,-1.94,595419.0,0.3372225394,1552765.0,-4097889.0,1045550.0,4107580.0,5650654.0,0.0,-35467361.0,3597090.75,6650902.75,-9.39859086123974,0.25454160357193284,2.030728410287455,-0.769480090846775,0.7893139484656041,-9.39859086123974,0.20624887594563932,2.0372545671410514,-1.0639950868744712,-0.8777911627181703,0.0,0.0,0.0,1.1371044556001713,0.20126911709571085,-0.5443096669489588,-7.042293317723343,0.33722253938479524,-1.5866666666666667,-33.25132075671275,-0.17432738843061127,0.08790045501108043,-0.14916927333029442,-2.132565621224139,-0.8590983794757767,-5.974380557580864,-0.07900285944911374,0.08955405262660124,Information Technology Services,Technology,IMCI
2021Q3,2021,Q3,2021-11-15,2021-09-30,-269806.0,1836740.0,-331004.0,-0.75,699809.0,0.38100602153816,1469555.0,-3671887.0,937097.0,3531484.0,5141442.0,0.0,-34737084.0,5319896.82675,8138664.82675,-9.186193766605458,0.26535501789049587,1.9562683941737464,-0.7829336796039748,0.4509634288065418,-9.186193766605458,0.07347884071595885,2.896379905021941,-4.929372240378272,-1.448818230721697,0.0,0.0,0.0,1.2498613525863271,0.2232761071549524,-0.18359707530510938,-39.468037886712665,0.38100602153816,0.0,-2.1383082557424626,-0.03734953673805903,0.10813132086877675,0.016748973166482876,0.3522111485391462,0.08174837435362525,-17.34705541563052,0.13386500534109982,0.14280251699535143,Information Technology Services,Technology,IMCI
2021Q2,2021,Q2,2021-08-17,2021-06-30,-416503.0,1797504.0,-360472.0,-0.75,688281.0,0.3829093008972442,1519137.0,-3491277.0,981960.0,3363304.0,5010414.0,0.0,-34467278.0,6594698.565,9422380.565000001,-8.95557453750731,0.29196290314524054,1.8639846175822194,-0.811063688157657,0.6255056056943652,-8.95557453750731,0.11929818229833955,3.668808839924696,-3.9583739883026055,-1.8889072866461185,0.0,0.0,0.0,1.1832402212572006,0.23804627830252634,-0.27417079565569136,-43.26208090608518,0.3829093008972442,0.0,-6.618732481332315,-0.018393484891604823,0.1272679955328903,-0.08403355752928432,-1.7360652183909555,-2.5799823221539167,-8.627653325671355,0.18975317305816675,0.16752998559857907,Information Technology Services,Technology,IMCI
2021Q1,2021,Q1,2021-03-31,2021-03-31,-152227.0,1824342.0,-100691.0,-0.75,751426.0,0.41188877962575,1478041.0,-3229749.0,944801.0,3241109.0,4707790.0,0.0,-34050775.0,6684219.75,9389774.75,-8.33502971681923,0.291505469269932,1.859235975186074,-0.8508484715066094,0.2659540468511871,-8.33502971681923,0.04713276480618153,3.663907178588225,-10.97738862028418,-2.0695787041036313,0.0,0.0,0.0,1.2342972894527282,0.2583896437916775,-0.10299240684121753,657.9604045673786,0.41188877962575,-1.336322869955157,0.16188552758442906,-0.1053539672824582,0.2462112361972579,-0.06184797319230328,-1.1762435295248173,-2.613140519592364,-0.749735632183908,0.14413383856438117,0.21713758409759246,Information Technology Services,Technology,IMCI
2020Q4,2020,Q4,2020-12-31,2020-12-31,863731.0,1771941.0,-27868.0,2.23,800964.0,0.4520263372200316,1613440.0,-3105770.0,1082622.0,3134249.0,4719210.0,0.0,-33898548.0,2476067.4899999998,5206893.49,-8.015076479195645,0.34541671705087884,1.7125762346291153,-0.8896792099865733,0.1266577586285257,-8.015076479195645,-0.2781052685807384,1.3973758099169216,0.7166778458802566,-0.7972475392575754,0.0,0.0,0.0,1.0982379264180882,0.3146332662146498,0.5353350604918683,-14.192345112200153,0.4520263372200316,8.938626937932753,7.428954227414729,-0.09329393105558409,0.2444222894038057,0.018909831967729256,8.935203219168015,-7.509312977099237,0.7166437113311908,0.11619385380019337,0.23097170182272714,Information Technology Services,Technology,IMCI
2020Q3,2020,Q3,2020-09-30,2020-09-30,-108848.0,1844549.0,-3275.0,-0.280905,786099.0,0.4261740945889754,1720848.0,-3988824.0,1240777.0,3670970.0,5709672.0,0.0,-34762279.0,3138677.1,6556150.1,-10.293978440789592,0.3379970416538408,2.106041323812446,-0.9085828304282164,0.014696181685192083,-10.293978440789592,0.02728824335192528,1.7015959456756096,-7.208853401073056,-0.786867783587343,0.0,0.0,0.0,1.0718837456881722,0.30977480066576407,-0.06325253595901556,217.04426388216584,0.4261740945889754,-0.49465254868575087,0.7054524673486079,-0.12151176761576231,-0.00016812149443012005,0.15843680830432694,-0.4946515619636114,0.8567617214835549,0.4201546560559787,0.1645562363387342,0.11810699877242609,Information Technology Services,Technology,IMCI
2020Q2,2020,Q2,2020-06-30,2020-06-30,-72825.0,1703361.0,-22864.0,-0.18794,678586.0,0.39838061338729724,1917355.0,-3967217.0,1458623.0,3993692.0,5884572.0,0.0,-34653431.0,2615564.25,6064667.25,-10.238217145688544,0.36523172042310725,2.005305225166962,-0.969163521934898,-0.5974080267558528,-10.238217145688544,0.018356696898606757,1.5355313700384123,-8.97893666323378,-0.6592944751950801,0.0,0.0,0.0,0.8883910386965377,0.34823817159660786,-0.03798201167754537,-3.9390315988265274,0.39838061338729724,-11.013551521350038,0.4709829118355294,-0.24829441398573845,-0.09231081607990911,-0.12612922376369717,-11.013361926756845,-1.4134688415494232,0.6265384615384616,0.08762566022700576,0.09281107537739934,Information Technology Services,Technology,IMCI
2020Q1,2020,Q1,2020-03-31,2020-03-31,-6062.0,1899595.0,55298.0,-0.015644,776529.0,0.40878660977734727,1019913.0,-3911242.0,593359.0,3979507.0,4931155.0,0.0,-34580606.0,1453091.25,4254864.25,-10.093762177702192,0.14910364525052977,2.851431445623303,-0.7435520481729333,-0.06710091711948278,-10.093762177702192,0.0015498913132963902,0.7649479231099261,-59.926231029363244,-0.37151657964401075,0.0,0.0,0.0,1.8625069000983416,0.1364870070589146,-0.005943644212790699,13.61579492321099,0.40878660977734727,-1.042281081081081,0.9753444076883899,-0.19978041624085943,-0.11365942770708709,0.005695924655272227,-1.042728355642018,-0.7383755038701009,0.9689368745228054,0.15334711978181312,0.06449155475423435,Information Technology Services,Technology,IMCI
2019Q4,2019,Q4,2019-12-31,2019-12-31,141873.0,1808138.0,211364.0,0.37,772131.0,0.42703101201346355,896941.0,-3907310.0,503972.0,3800756.0,4804251.0,0.0,-34574544.0,1453091.25,4377996.25,-10.083614845248018,0.13259783053687213,3.2681112804521146,-0.7502099910168377,-0.27131724236196597,-10.083614845248018,-0.036309635017441666,0.8036395728644605,2.5605493117083586,-0.37189044380916797,0.0,0.0,0.0,2.015894022014826,0.11542098466726093,0.15817428348129922,-76.12191576300488,0.42703101201346355,2.540453559488569,1.4321800514426515,-0.2177102862142815,-0.19054207455949573,0.24060226483971311,2.5243523761429447,9.525835988866927,7.4693570451436395,-0.048586775102658616,0.021421333476255897,Information Technology Services,Technology,IMCI
2019Q3,2019,Q3,2019-09-30,2019-09-30,-93071.0,1819699.0,-24791.0,-0.240189,622384.0,0.3420257965740488,923849.0,-4073944.0,696518.0,4001741.0,4997793.0,0.0,-34716417.0,1743709.5,4663826.5,-10.513648058922659,0.17405374310831212,3.1956347844723543,-0.7246746641583685,0.02733591942679584,-10.513648058922659,0.022845429392254778,0.9582406211137117,-4.683815313040582,-0.4280150880817213,0.0,0.0,0.0,1.9696930991969468,0.1553228957096424,-0.1007426538319574,31.1983950904439,0.3420257965740488,-1.5953191351421439,-1.7853336747742443,-0.2972634295953794,-0.3104902297133248,-0.03746319253705491,-1.5953263991522824,-1.5785395906746633,-0.11673585947061504,-0.016186942424981386,-0.020748489025925996,Information Technology Services,Technology,IMCI
2019Q2,2019,Q2,2019-06-30,2019-06-30,-35861.0,1778648.0,42851.0,-0.092547,646608.0,0.3635390476361821,832157.0,-3986409.0,587912.0,3805893.0,4818566.0,0.0,-34623346.0,682952.8875,3671736.8875,-10.287746037972495,0.1544741273598601,3.6160003460885384,-0.7548347397369412,-0.05750600209083455,-10.287746037972495,0.008995815532224616,0.38397304441350955,-4.761111566186107,-0.171320325511005,0.0,0.0,0.0,2.1373947464240524,0.14668725578990266,-0.04309403153491469,-3.62911831051029,0.3635390476361821,-2.0235461965537835,0.7783927292232606,-0.2531752547094025,-0.23040620395502046,0.025346323641345713,-2.023547208585455,-0.5702566365468896,0.3400421167363816,-0.02279245909078211,-0.002553793010733736,Information Technology Services,Technology,IMCI
2019Q1,2019,Q1,2019-03-31,2019-03-31,35036.0,1687794.0,99713.0,0.090418,630624.0,0.3736380150658196,677734.0,-3964798.0,415150.0,3812630.0,4642532.0,0.0,-34587485.0,581236.5,3396466.5,-10.231974420051046,0.10888809037331186,4.17233457374132,-0.7132098533140907,-0.11229687558069737,-10.231974420051046,-0.008836767976577873,0.3443764464146691,4.147423364539331,-0.14659927189228808,0.0,0.0,0.0,2.4903487208845947,0.10577711448527657,0.05169579805646463,-38.23169769124515,0.3736380150658196,-0.7681589743589744,1.196507738219939,-0.2515154953374165,-0.28057737173220415,0.03506718817448737,-0.7679735099337749,-0.2527278995173716,1.192897308989548,-0.1723162618936193,0.07465868612465434,Information Technology Services,Technology,IMCI
2018Q4,2018,Q4,2018-12-31,2018-12-31,151000.0,1703774.0,133436.0,0.39,609259.0,0.3575937888475819,334103.0,-4000094.0,318809.0,2911907.0,4334197.0,0.0,-34622521.0,290618.25,2838042.25,-10.323062987269381,0.10948460922687435,7.713609276181297,-0.6442698596582981,-0.09377393787852593,-10.323062987269381,-0.03774911289584695,0.17057323917374018,0.48115604304635756,-0.07265285515790379,0.0,0.0,0.0,5.099547145640716,0.10848663779440758,0.4519564325971332,10.348547163764556,0.3575937888475819,8.445157540384102,0.9649966368985557,-0.32892011501917334,-0.34067795220906705,0.0787163597733711,8.4375,0.6672830867652939,2.123928732834209,-0.12817513342165265,0.026849423270373134,Information Technology Services,Technology,IMCI
2018Q3,2018,Q3,2018-09-30,2018-09-30,16000.0,1570342.0,80032.0,0.041291,564800.0,0.3596668751138287,305473.0,-4152564.0,289336.0,3037216.0,4458037.0,0.0,-34773521.0,581236.5,3183264.5,-10.716543093904116,0.09526355715233951,8.529955184255236,-0.6274848503238,-0.0517372565523278,-10.716543093904116,-0.003853041157222381,0.3701337033588862,9.0818203125,-0.13997050978624292,0.0,0.0,0.0,5.140690011883211,0.09182323548934287,0.052377787889600715,-8.287632070494631,0.3596668751138287,1.3720915562764713,2.7534946054263467,-0.36056689022368554,-0.34798064532409956,0.0809465938124994,1.372093023255814,2.7144713635941704,1.043296712134557,-0.2521060878194461,-0.04122471567193655,Information Technology Services,Technology,IMCI
2018Q2,2018,Q2,2018-06-30,2018-06-30,-43000.0,1501702.0,21546.0,-0.11097,522505.0,0.3479418686263986,168974.0,-4168564.0,149976.0,2918185.0,4337538.0,0.0,-34789521.0,581236.5,3109653.5,-10.757834375508077,0.051393588823189756,14.989661131298305,-0.6076104385107197,-0.01317233406349938,-10.757834375508077,0.010315302823706197,0.387051825195678,-3.379281976744186,-0.13943326766723504,0.0,0.0,0.0,8.887177909027425,0.046920603046071443,-0.25447702013327494,-46.243655024266054,0.3479418686263986,0.5057477919660076,-3.513628045539408,-0.37625426318880506,-0.33875935716331673,0.013856225890826678,0.5057471264367817,1.8509478672985782,0.6876383825462103,-0.33728799595107056,-0.14774854632890785,Information Technology Services,Technology,IMCI
2018Q1,2018,Q1,2018-03-31,2018-03-31,-87000.0,1594518.0,-25320.0,-0.224521,515364.0,0.3232098979127235,321189.0,-4125564.0,299182.0,3028869.0,4446753.0,0.0,-34746521.0,871854.75,3384223.75,-10.646864056197435,0.0987768041470265,7.875064214527895,-0.6131001724855074,0.01586287260835244,-10.646864056197435,0.021088025782656627,0.546782632745444,-2.5053297413793105,-0.2113298327210534,0.0,0.0,0.0,4.964422816472545,0.09430087600355117,-0.2708685540289362,-11.464381517179714,0.3232098979127235,-1.1727084615384615,-4.74300998362348,-0.32168508943329877,-0.3109061098000549,-0.04861029064272212,-1.1729103191685994,-7.44,0.646150357784546,-0.32829654202266423,-0.17468396054474797,Information Technology Services,Technology,IMCI
2017Q4,2017,Q4,2017-12-31,2017-12-31,503151.0,1587485.0,-3000.0,1.3,541696.0,0.3412290509831589,582369.0,-4038564.0,557353.0,3224518.0,4620933.0,0.0,-34659521.0,581236.5,3014077.5,-10.422342712475903,0.1728484691355421,4.304101008123715,-0.620659967255688,0.001958238603540887,-10.422342712475903,-0.12458661048828247,0.3661366879057125,0.2887982434696542,-0.14392157707541592,0.0,0.0,0.0,2.725909174423776,0.1715071833991933,0.8639728419610248,-28.53674882168107,0.3412290509831589,2.733333333333333,8.605726204413898,-0.2848970475540995,-0.2576897270126224,0.1955963237955663,3.676335106382979,0.9760304892177151,2.5327216952021985,-0.31317566121107937,-0.23053465499315276,Information Technology Services,Technology,IMCI
2017Q3,2017,Q3,2017-09-30,2017-09-30,-188000.0,1586278.0,-125159.0,-0.75,453076.0,0.2856220662456392,412356.0,-4529795.0,358003.0,3649395.0,4942151.0,0.0,-35162672.0,1164213.0,4124719.0,-11.672593417183968,0.09809927398925028,7.213689142391526,-0.6566760747451044,0.08047842478107134,-11.672593417183968,0.04150298192302301,0.7339274704686064,-1.548155585106383,-0.25701229305078926,0.0,0.0,0.0,3.8468653299576094,0.09582876065758845,-0.4559167321440697,-21.750826716487623,0.2856220662456392,0.0,-1.7557903555514767,-0.3249507502016627,-0.375590406149794,-0.04095676562417315,0.035897435897435895,0.06889599761940188,-2.5839742582036314,-0.3883221845941724,-0.45494880016015465,Information Technology Services,Technology,IMCI
2017Q2,2017,Q2,2017-06-30,2017-06-30,-195000.0,1566128.0,-134420.0,-0.75,472425.0,0.3016515891421391,766648.0,-4373088.0,680449.0,3714256.0,5139736.0,0.0,-34974672.0,1162473.0,4079485.0,-11.285650505431095,0.183199273286494,3.8126741346745834,-0.6684015963090613,0.092696480057706,-11.285650505431095,0.04459091607577986,0.7422592533943586,-1.4903499999999998,-0.26582428709415407,0.0,0.0,0.0,2.042825390531248,0.17841635040772633,-0.254354019054377,-22.44633030180154,0.3016515891421391,0.0,-2.501782749122276,-0.3387541927832423,-0.3467038580989787,-0.012689734731879197,0.000773759806508806,0.006951780793581608,-0.20502545387647256,-0.3424088719676558,-0.3497547807164927,Information Technology Services,Technology,IMCI
2017Q1,2017,Q1,2017-03-31,2017-03-31,-195151.0,1647028.0,-135361.0,-0.75,478497.0,0.29052147261613037,361435.0,-4180873.0,249666.0,3122797.0,4542308.0,0.0,-34779672.0,871854.75,3731108.75,-10.789600274587023,0.07994948118625707,7.990399380248177,-0.6907672153638725,0.10469864169676138,-10.789600274587023,0.04667709351611494,0.5293502903411478,-1.116897620304277,-0.2085341386834759,0.0,0.0,0.0,4.556913414583535,0.07478391967201198,-0.5399338746939284,-147.9977508063147,0.29052147261613037,-12.25322495140484,-1.52039861770069,-0.4186384568340899,-0.30121740973226807,-0.21773312843316767,-7.898814409484724,-4.374744452754924,-0.09455079407921256,-0.26959395711478673,-0.3503667419843675,Information Technology Services,Technology,IMCI
2016Q4,2016,Q4,2016-12-31,2016-12-31,-21930.0,1900476.0,40110.0,-0.05659,611680.0,0.32185620865509484,442053.0,-3992842.0,301989.0,2750344.0,4434895.0,0.0,-34584521.0,1307782.125,3318176.125,-10.304347713882388,0.10980044678047546,4.643854922373562,-0.5141275312171131,-0.020675129844557664,-10.304347713882388,0.005492328521889922,0.6881339859066886,-14.90859695622435,-0.3275316491361291,0.0,0.0,0.0,4.299203941608812,0.10395535976590564,-0.04960943597260962,-17.88322177248424,0.32185620865509484,0.7368898229039292,-1.0325019817868024,-0.3529986480866491,-0.10589147050453707,0.21205155895495031,0.7368673657939574,2.8856659301396266,-1.2853799751469226,-0.2514434335253258,-0.3382473602006244,Information Technology Services,Technology,IMCI
2016Q3,2016,Q3,2016-09-30,2016-09-30,-83342.0,1849639.0,-21271.0,-0.215081,504665.0,0.27284513356390083,634435.0,-3991134.0,478904.0,2621870.0,4625569.0,0.0,-34562591.0,871854.75,2976288.75,-10.299939869571164,0.1826574162715924,3.3672700907106323,-0.5352649146833958,0.01146795915506626,-10.299939869571164,0.02088178447528948,0.47136481767523286,-2.6152922596050012,-0.21844787721985784,0.0,0.0,0.0,2.9154113502565275,0.17626465080267137,-0.13136412713674372,-4.288660947499422,0.27284513356390083,-0.5337621495960237,0.41136684476840246,-0.2693502286816003,0.4606085074410499,0.020673768260446604,-0.5513569859647817,-3.231770013639702,-20.551484212840162,-0.24683895754329147,-0.2955781981674345,Information Technology Services,Technology,IMCI
2016Q2,2016,Q2,2016-06-30,2016-06-30,-53722.0,1799489.0,9531.0,-0.140231,494443.0,0.27476855929655586,378356.0,-3931155.0,209501.0,2519725.0,4309511.0,0.0,-34479248.0,574644.0,2458562.0,-10.261540188360097,0.08314439075692784,5.1203971920625015,-0.4928152158843902,-0.004780266242422844,-10.261540188360097,0.01366570384530755,0.3193373229844695,-2.6741558393209486,-0.1461768869454397,0.0,0.0,0.0,4.756073644927,0.07747154947464505,-0.14198796900273816,-4.638827223778425,0.27476855929655586,0.8130253333333334,0.5940143738209196,-0.2552257437794397,0.45566407689380584,0.031888939671886184,0.6763851908967146,1.092355546080873,-4.1764259306170395,-0.24399088827290885,-0.27699799667399977,Information Technology Services,Technology,IMCI
2016Q1,2016,Q1,2016-03-31,2016-03-31,-166006.0,1863762.0,-103199.0,-0.75,479163.0,0.2570945217254134,376287.0,-3916107.0,195089.0,2659335.0,4292394.0,0.0,-34425527.0,1328092.5,3128732.5,-11.057513877986661,0.07336006934064343,4.805278949312625,-0.46172487115392913,0.048957206148363595,-11.057513877986661,0.0423905679798841,0.7125869612107125,-2.000067015650037,-0.33913590716494724,0.0,0.0,0.0,4.953033190091606,0.06813169457777979,-0.44116857611344534,97.04731457800511,0.2570945217254134,-1.163128749423166,0.5024498942918024,-0.0760071169064013,0.4044707754872899,-0.030793689963530595,-0.3519174545780297,-0.6830131445904954,-8.814300021678557,-0.13252502777580613,-0.36146779233214726,Information Technology Services,Technology,IMCI
2015Q4,2015,Q4,2015-12-31,2015-12-31,-122793.0,1786151.0,-61318.0,-0.34672,494387.0,0.2767890284751961,377378.0,-3756865.0,165468.0,2065895.0,4134243.0,0.0,-34259521.0,531237.0,2777851.0,-10.6078784045539,0.0800950677551376,5.989018967719369,-0.6015984071825844,0.040967675770223436,-10.6078784045539,0.03268496472457754,0.2974199829689651,-1.0815702035132295,-0.14140433579593625,0.0,0.0,0.0,4.733055451033182,0.06317842871975585,-0.32538462761475234,-43.80252308707124,0.2767890284751961,0.5377066666666667,0.3744236752385853,-0.18837628412512752,0.39972627267443306,-0.0022824599711816725,0.6364424995706934,0.6614304093115195,-3.564897633157874,-0.11967775700041332,-0.280078775267709,Information Technology Services,Technology,IMCI
2015Q3,2015,Q3,2015-09-30,2015-09-30,-337754.0,1919065.0,-181109.0,-0.75,495518.0,0.2582080335996957,494101.0,-3645082.0,262636.0,2423830.0,4139183.0,0.0,-34136728.0,2390566.5,4904031.5,-10.292248092659209,0.10835578402775772,5.126119963327336,-0.694859813853296,0.16282958765973093,-10.292248092659209,0.09266019255533894,1.245693345457293,-1.7694583187763875,-0.6558333941458655,0.0,0.0,0.0,3.883952876031419,0.09564738451128998,-0.6835727917976284,-57.2975049134749,0.2582080335996957,-1.1111179917919731,-0.22772414570375737,-0.14619662467339825,0.3912312544685575,0.02221772962446467,-1.6844435260175332,-2.0533938024749636,-4.4250402037608465,-0.10512994402343356,-0.212919633877828,Information Technology Services,Technology,IMCI
2015Q2,2015,Q2,2015-06-30,2015-06-30,-125819.0,2071068.0,-59314.0,-0.355262,484748.0,0.23405701792505124,885837.0,-3319519.0,541814.0,2698644.0,4205356.0,0.0,-33798974.0,2656185.0,5127928.0,-9.372988891963473,0.20077268435555043,2.831193549151819,-0.7555239177724242,0.07308793249402681,-9.372988891963473,0.03790278049319796,1.2825194537311184,-5.277789920441268,-0.8001716513747926,0.0,0.0,0.0,2.337978657473102,0.18833829137892957,-0.14203403109149879,175.54589914744565,0.23405701792505124,0.5263173333333333,0.680032819304101,-0.10011246905179863,0.4357070795557087,0.017497460181523556,0.4401002149370097,0.613836117657782,-1.472096274588948,-0.04325852963287566,-0.1184681199060324,Information Technology Services,Technology,IMCI
2015Q1,2015,Q1,2015-03-31,2015-03-31,-224717.0,2169638.0,-153598.0,-0.75,476412.0,0.21958133107919386,814940.0,-3209946.0,446879.0,2513620.0,4024886.0,0.0,-33673156.0,531237.0,3018111.0,-9.06359873276899,0.17778303800892736,3.0941001791542937,-0.7855291023587313,0.2231102202080065,-9.06359873276899,0.0700064736291514,0.24485052345137762,-0.5910066884125367,-0.16549717658801738,0.0,0.0,0.0,2.6623285149826983,0.16474009595722502,-0.2757466807372322,-8.968144371665879,0.21958133107919386,0.11470997898911688,0.2041479327843809,-0.24322061358594063,0.4172133096786928,0.010919523156773457,0.25102821680209575,-0.23164140806671477,-1.6556406090549716,-0.1620904124684219,-0.09306296487037757,Information Technology Services,Technology,IMCI
2014Q4,2014,Q4,2014-12-31,2014-12-31,-300034.0,2112513.0,-124710.0,-0.84718,471266.0,0.22308312422219415,617016.0,-2999636.0,411021.0,1442806.0,3616652.0,0.0,-33448439.0,1328092.5,3675730.5,-8.469767730786824,0.2848761371937738,3.8174147834091823,-0.785230607980435,0.19357993263275539,-8.469767730786824,0.10002346951430106,0.628678971443016,-1.1066183332555644,-0.4427512204814184,0.0,0.0,0.0,3.4237572445447118,0.25461981721728355,-0.48626615841404436,-9.402957335636708,0.22308312422219415,-3.771167630868046,-3.729602750082189,-0.3314704953569289,0.4305946482101924,-0.32863883206354816,-3.8339850760366487,-1.6834285964806524,-1.4865262155245098,-0.2131231794447012,0.09100079396460609,Information Technology Services,Technology,IMCI
2014Q3,2014,Q3,2014-09-30,2014-09-30,105870.0,2313235.0,182477.0,0.3057122891315773,701956.0,0.30345209198373707,823524.0,-2777116.0,561573.0,1927317.0,3600640.0,0.0,-33148405.0,778855.5,2965251.5,-8.022683283356155,0.29137552359056657,2.67399978628431,-0.7929459914530038,-0.3173441296109827,-8.022683283356155,-0.03812228225252384,0.33669536385192167,1.839178945877019,-0.28045479555049196,0.0,0.0,0.0,2.8089466730781374,0.28290727472439664,0.1285572733763679,-25.226906134611646,0.30345209198373707,1.4076163855087698,1.4386533972685158,-0.17578317762625847,0.5010502524379684,0.4036817961854256,1.7323551995351443,4.7662174155332195,1.8370298812277752,0.022890818281109556,0.5798648181120514,Information Technology Services,Technology,IMCI
2014Q2,2014,Q2,2014-06-30,2014-06-30,-144561.0,2127571.0,-48451.0,-0.75,500082.0,0.2350483250617723,832231.0,-2894317.0,566839.0,2049600.0,3726548.0,0.0,-33254275.0,1038474.0,3183996.0,-8.361259887103577,0.2765607923497268,2.6524174177602133,-0.7626752701932787,0.07053645909916101,-8.361259887103577,0.049946498603988435,0.48810309973204186,-1.7959096851848009,-0.35879760233588787,0.0,0.0,0.0,2.5564668944079227,0.26024687743950037,-0.17370297429439663,21.00940743288353,0.2350483250617723,0.0,0.583906159601551,-0.28228576786853243,0.4602890291614805,-0.016076638996720138,0.09238110186783864,0.20557805505910903,-0.20904613620973173,-0.025475489339080268,0.5564667646928868,Information Technology Services,Technology,IMCI
2014Q1,2014,Q1,2014-03-31,2014-03-31,-159275.0,2014417.0,-60989.0,-0.75,508253.0,0.2523077396586705,711253.0,-2765846.0,433469.0,1796244.0,3477099.0,0.0,-33109714.0,2336566.5,4531517.5,-7.990125896267022,0.24131966481168482,3.110980199732022,-0.8000062187121048,0.11025721682286244,-7.990125896267022,0.05758635874882405,1.1599219526046494,-3.667503531627688,-0.8447926963395649,0.0,0.0,0.0,2.832208792089453,0.22641801447910195,-0.22393578656258745,388.26296111665005,0.2523077396586705,-4.749999999999999,0.5261830504335057,-0.26291605857241374,0.4580960901636101,-0.17715807537883693,-3.320169560657266,-1.396929424934267,0.5115913635362467,0.021763147665109756,0.5696723936982101,Information Technology Services,Technology,IMCI
2013Q4,2013,Q4,2013-12-31,2013-12-31,68648.0,2268039.0,153652.0,0.2,617680.0,0.27234099589998234,926942.0,-2665376.0,631504.0,1567588.0,3592318.0,0.0,-32950439.0,2855803.5,5056772.5,-7.699882712518561,0.4028507490488572,2.392723600829394,-0.8321212466833947,,-7.699882712518561,-0.02575546564537236,1.2591509669807266,10.400170070504602,-1.0714448918276445,0.0,0.0,0.0,2.4467971027313467,0.3884898327876968,0.07405857108643259,24.66918472063854,0.27234099589998234,17.728098739495803,-0.4673422864999746,-0.21547504981015103,0.4497364956571358,0.09896327240831446,17.027310924369747,0.6884464077712578,1.3578139487759728,0.05441059051360145,0.5642825907743247,Information Technology Services,Technology,IMCI
2013Q3,2013,Q3,2013-09-30,2013-09-30,3808.0,2193875.0,91002.0,0.010679140620837224,562057.0,0.2561937211554897,772573.0,-2751981.0,594467.0,1494466.0,3524554.0,0.0,-33019087.0,3115422.0,4693831.0,-7.950071932470144,0.39777887218578406,2.0447931781203845,-0.574041753921993,,-7.950071932470144,-0.0013837304836043563,1.4200544698307789,204.53138130252103,-1.1320652286480175,0.0,0.0,0.0,2.8396992905524785,0.3880195333985517,0.004928984057170002,65.92927582850129,0.2561937211554897,-0.7476055483945826,1.133411226885464,-0.15517010052983882,0.3258276294578413,0.020450514076976286,-0.7508179557649522,-0.0789084799287435,1.0141618476926364,-0.0013742847483263299,0.529766939774172,Information Technology Services,Technology,IMCI
2013Q2,2013,Q2,2013-06-30,2013-06-30,15282.0,2150745.0,98798.0,0.04231131291876627,550793.0,0.25609405113111966,818032.0,-2781613.0,683959.0,1564222.0,3599645.0,0.0,-33022893.0,4413514.5,5978344.5,-8.03567446079536,0.43725187345530236,1.9374486572652414,-0.5697755223318269,-0.08255746132338612,-8.03567446079536,-0.005493934634329074,2.0520863700717658,72.2011925795053,-1.5866745302096301,0.0,0.0,0.0,2.629169763530033,0.42607123541287617,0.018681420775715375,359.05584933289947,0.25609405113111966,0.2790369187795363,1.0646945664977183,-0.06259781660127474,0.3388022209426409,-0.07911086589423351,-0.26401464072433056,0.01669136412282868,1.039761438161728,-0.043895238303098834,0.5162189711854094,Information Technology Services,Technology,IMCI
2013Q1,2013,Q1,2013-03-31,2013-03-31,20764.0,2099959.0,97176.0,0.03308060330200628,598110.0,0.284819846482717,722497.0,-2811412.0,683224.0,1493215.0,3533909.0,0.0,-33038175.0,4932751.5,6509873.5,-8.121759427775755,0.45755232836530574,2.2006707294286345,-0.5655442887773119,-0.07955894465030448,-8.121759427775755,-0.007385612638773684,2.3489751466576254,59.390670150260064,-1.754545936347999,0.0,0.0,0.0,2.906529715694321,0.44609517048784,0.02873921967842081,-171.1572345593338,0.284819846482717,-0.5274199528284818,1.3652665669776056,-0.22043352459459506,0.32778485158910914,0.015496202776650599,-0.5562584147201505,-0.2103428381046798,1.075236766792713,-0.2505968498383702,0.4777732955689593,Information Technology Services,Technology,IMCI
2012Q4,2012,Q4,2012-12-31,2012-12-31,46793.0,1983142.0,123061.0,0.07,588983.0,0.2969948697571833,705987.0,-2868575.0,663607.0,1528645.0,3574562.0,0.0,-33058939.0,6230844.0,8422470.0,-8.286895001704425,0.43411452626345554,3.1838886551735373,-0.7835890642566431,,-8.286895001704425,-0.016312280487698595,3.141905118241659,33.28940226102195,-2.1721042677984714,0.0,0.0,0.0,2.809034727268349,0.41963961547645134,0.06628025728519081,76.65617656828611,0.2969948697571833,1.3981966081640702,1.4150680897254238,-0.2575970103887186,0.3187223877834215,0.04505024015557326,1.768964043909814,4.197930306230201,1.7546711815924871,-0.3579073706563968,0.4428888118691824,Information Technology Services,Technology,IMCI
2012Q3,2012,Q3,2012-09-30,2012-09-30,-60852.0,2096076.0,23675.0,-0.1757925571559808,563593.0,0.26888004060921455,677176.0,-2937329.0,630206.0,2003414.0,3614505.0,0.0,-33105732.0,5711607.0,7314192.0,-8.485515284927692,0.31456603577692877,2.3718988859617,-0.5468209383422831,,-8.485515284927692,0.020716780449176787,2.7249045359042325,-23.46515726681128,-1.944490045207738,0.0,0.0,0.0,3.0953193852115257,0.2994633161193842,-0.0898614245041171,466.55832380330014,0.26888004060921455,-0.22325413098540592,0.8308513135605698,-0.08001711904984343,0.36342423118314493,0.0037436040827012367,-0.22325413098540586,-0.18398648881535865,0.747870628784512,-0.2531579799830702,0.47226562986327014,Information Technology Services,Technology,IMCI
2012Q2,2012,Q2,2012-06-30,2012-06-30,-49746.0,2115812.0,29013.0,-0.14370894215936075,561491.0,0.26537849298519905,841847.0,-2900874.0,800963.0,2133528.0,3742721.0,0.0,-33044880.0,5971225.5,7572870.5,-8.380202104241416,0.37541714943511406,1.9067443371539008,-0.553345991587363,-0.022391982014174718,-8.380202104241416,0.01714862486271379,2.822190960255448,-30.00857104088771,-2.05842290978512,0.0,0.0,0.0,2.513297546941428,0.35964046405765476,-0.059091497623677464,539.7474012474013,0.26537849298519905,-1.1916119228791475,0.8267981518064216,0.04277425974819954,0.34631050884214,-0.11759371886383851,-1.1484946358529202,-0.9302748104444791,0.8568147412894125,-0.28625254578364495,0.4590663279729831,Information Technology Services,Technology,IMCI
2012Q1,2012,Q1,2012-03-31,2012-03-31,335002.0,2530856.0,416105.0,0.75,636318.0,0.251424024124644,953037.0,-2870317.0,906600.0,2209753.0,3823354.0,0.0,-32995134.0,2596185.0,4202893.0,-8.29192738576026,0.4102720982842879,1.692512462790007,-0.5619682425320967,-0.33925106396856197,-8.29192738576026,-0.1167125442938881,1.0258130055601742,1.9374399257317867,-0.9044941725948736,0.0,0.0,0.0,2.6555695109423874,0.3935150218146553,0.35150996236242665,-628.0079825834542,0.251424024124644,-0.5664739884393064,5.506468002011701,0.02470645987496647,0.3599940988104877,-0.2597906580150434,-0.44421623343442457,-0.39078918279472286,1.9965758953927153,-0.07394878236946203,0.4376274005241588,Information Technology Services,Technology,IMCI
2011Q4,2011,Q4,2011-12-31,2011-12-31,602756.0,2624037.0,683023.0,1.73,859646.0,0.3276043744810001,1144052.0,-3225391.0,1081424.0,2309011.0,4369443.0,0.0,-33330136.0,1557711.0,3339285.0,-9.317684410009303,0.46834943618718144,1.5894976801753766,-0.5637976915046888,-0.49674698874776807,-9.317684410009303,-0.18687842807275148,0.593631492238867,0.6460785956506447,-0.48295260946657315,0.0,0.0,0.0,2.293634380255443,0.4591662837465911,0.5268606671724712,-184.82570004746086,0.3276043744810001,5.734657032710461,3.5942296676275207,0.10338234537376025,0.279191700458917,0.41425896861355416,5.675462887549546,13.997830596205446,3.6769408104885986,-0.09233373115659793,0.33412210714888435,Information Technology Services,Technology,IMCI
2011Q3,2011,Q3,2011-09-30,2011-09-30,-128919.0,2305024.0,-52549.0,-0.36539077446326085,607842.0,0.26370311111728123,796583.0,-6737363.0,723880.0,2264651.0,7533946.0,0.0,-33882892.0,3440043.75,4094190.75,-19.09548076241763,0.3196430708307814,0.8301394832679081,-0.09815041879144704,0.008664487941792389,-19.09548076241763,0.01913493454338144,1.4924112503817748,-6.670940183370954,-0.5105920150064647,0.0,0.0,0.0,2.893639457532988,0.30825323637063723,-0.1618400091390351,-168.6295955882353,0.26370311111728123,0.5128123007156522,0.8658715555984827,0.3446534723682772,-0.3221285792062415,-0.02037283857897799,-0.057849001797011544,-0.012387777906215081,-3.4312615983048325,-0.12914094719361568,-0.6193118303322506,Information Technology Services,Technology,IMCI
2011Q2,2011,Q2,2011-06-30,2011-06-30,-121869.0,2225237.0,-51906.0,-0.75,620483.0,0.2788390629852011,844543.0,-6651275.0,765958.0,5089187.0,7495818.0,0.0,-33753974.0,2646187.5,3279934.5,-18.85148444696379,0.15050694737686,0.7907992843466821,-0.1004114248771852,0.008722903952586805,-18.85148444696379,0.01832265242378341,1.1891710860461155,-5.4283441646357975,-0.39784665346117853,0.0,0.0,0.0,2.634841565201535,0.1463216030379705,-0.14430171110292786,109.11663436559317,0.2788390629852011,0.0,0.807256752480118,0.3131049866629236,-0.49200338507518393,0.31057039360432576,0.6333564988221703,0.8045597454675527,0.4938306054640075,-0.048457185404602,-0.5511528881712665,Information Technology Services,Technology,IMCI
2011Q1,2011,Q1,2011-03-31,2011-03-31,-332391.0,2009482.0,-265585.0,-0.75,473445.0,0.2356054943512806,625936.0,-6551093.0,541804.0,4765138.0,7177029.0,0.0,-33632106.0,1587712.5,2921034.5,-18.567541982569264,0.11370163886124598,2.1560798548094375,-0.2060065396720822,0.051240971700729755,-18.567541982569264,0.0507382508537125,0.7901103368927913,-1.194160266072186,-0.24235841255802656,0.0,0.0,0.0,3.210363359832315,0.11074096909680266,-0.5310303289793206,-147.96947809878844,0.2356054943512806,-0.35320438799076226,-1.4639379164372879,-0.07116474845038194,-0.5338328933060985,-0.2466477100044395,-0.6997836859303807,-1.0079460485230631,-4.736713769136533,-0.2681172994157,-0.5367831441489059,Information Technology Services,Technology,IMCI
2010Q4,2010,Q4,2010-12-31,2010-12-31,-195549.0,2192430.0,-132267.0,-0.55424,628451.0,0.286645867827023,844483.0,-6235030.0,757849.0,4662601.0,7079513.0,0.0,-33299715.0,793856.25,2090494.25,-17.67173527952951,0.1625378195560804,1.5746829717116864,-0.21327772280165452,0.026964446366200042,-17.67173527952951,0.031362960563140835,0.36208966762906913,-1.0149070693278923,-0.1273219615623341,0.0,0.0,0.0,2.596180148090607,0.15923665782253296,-0.23156061164049482,-11.862410716954066,0.286645867827023,0.2610133333333334,-0.4622567551163326,-0.2292906442765726,-0.4931557260114239,0.007703075618098059,0.27795870441756393,0.33419746499008346,-0.7018021923098264,-0.19475755545201429,-0.4528188920560856,Information Technology Services,Technology,IMCI
2010Q3,2010,Q3,2010-09-30,2010-09-30,-270828.0,2212716.0,-198658.0,-0.75,623647.0,0.2818468343881456,930663.0,-5894525.0,835974.0,5415913.0,6825188.0,0.0,-33104166.0,1830417.75,3821099.75,-16.906663110101505,0.15435513827493166,2.2512380958520968,-0.35543898787434103,0.05228693831968945,-16.906663110101505,0.04594568688740823,0.8272266978681403,-1.6896496577163367,-0.31052845649140515,0.0,0.0,0.0,2.3775695391350036,0.14221831111393407,-0.2910054445056911,20.824102094449312,0.2818468343881456,0.5,-3.4648327457131445,-0.2731288699379152,-0.5323267208763878,0.21183804255104163,0.2871090099789156,0.3593516700044181,0.2525695388834797,-0.03576730197578642,-0.26832274836119613,Information Technology Services,Technology,IMCI
2010Q2,2010,Q2,2010-06-30,2010-06-30,-379901.0,2223493.0,-310089.0,-1.5,514629.0,0.23145069492010995,959691.0,-5683295.0,858489.0,5228401.0,6642986.0,0.0,-32833338.0,3592659.0,4936228.0,-16.61014794334781,0.16419723735803737,1.4285045915820822,-0.24121975016253774,0.07190682993025647,-16.61014794334781,0.06684520159520138,1.615772570455585,-2.364207385608356,-0.6321436772154182,0.0,0.0,0.0,2.316884288797123,0.15078988776874613,-0.3958576250063823,-21.308519471892385,0.23145069492010995,-1.0,-3.239215977515486,-0.1719677196950518,-0.44338244467452126,-0.2782110854134204,-0.39263470836861647,-0.509558605178734,-0.33817362999552586,0.10865563108897984,-0.2956583889126465,Information Technology Services,Technology,IMCI
2010Q1,2010,Q1,2010-03-31,2010-03-31,-272793.0,2769795.0,-205417.0,-0.75,712991.0,0.2574165236055376,1444143.0,-5321300.0,1333587.0,5345719.0,6765443.0,0.0,-32453438.0,3336040.5,4511007.5,-15.55217180366965,0.24946821933588353,0.9185551569339048,-0.2492858887865747,0.05165432410048684,-15.55217180366965,0.05126435269576983,1.2044358878545163,-3.0573003156239347,-0.6269220867081352,0.0,0.0,0.0,1.9179506461617721,0.2351977348603621,-0.1888961134735272,-203.3303163283964,0.2574165236055376,-3.187137114783386,-2.636912969669833,-0.05456032971922468,-0.34003950904257235,-0.14789013500076487,-3.4510018274376715,-22.28453010050772,-2.712528429891231,0.13455966500784375,-0.20038216298840802,Information Technology Services,Technology,IMCI
2009Q4,2009,Q4,2009-12-31,2009-12-31,-61288.0,3052871.0,9651.0,-0.17912,836736.0,0.2740816759044192,1452234.0,-5089518.0,1371913.0,4971387.0,6541752.0,0.0,-32180645.0,6415462.5,7535347.5,-14.874759613979506,0.2759618191060161,0.9066004514423984,-0.25868775785840625,-0.002557964357598699,-14.874759613979506,0.012042004763515916,2.101452206791574,-26.169325561284428,-1.2605245722679437,0.0,0.0,0.0,2.1021894543165907,0.2645722411069587,-0.042202565151346134,46.116915744754266,0.2740816759044192,0.7611733333333334,-1.0797067838656416,0.1687564916532945,-0.19723449008321792,0.21143714248071152,0.7414466634604838,1.0581904348455249,0.7331359927912992,0.29871005805211287,-0.150699005422125,Information Technology Services,Technology,IMCI
2009Q3,2009,Q3,2009-09-30,2009-09-30,-237042.0,2756463.0,-165852.0,-0.75,690697.0,0.2505736518139369,1303787.0,-5466522.0,1225974.0,4933123.0,6770309.0,0.0,-32119357.0,13259064.0,14524061.0,-16.079140880532744,0.2485188388775224,1.012653140428613,-0.2415217573440663,0.04000059813257222,-16.079140880532744,0.04336248898294016,4.810173036968028,-13.98387627509049,-2.4255027236696383,0.0,0.0,0.0,2.114197334380539,0.23495461191622427,-0.18181037239978617,-387.8847380276746,0.2505736518139369,0.5,-1.581163154764728,-0.2237176441350933,0.1632126956103304,0.11021329947117162,0.3045134070164217,0.3692257372572585,0.7440587110785694,0.6687765322407255,-0.11328392051147518,Information Technology Services,Technology,IMCI
2009Q2,2009,Q2,2009-06-30,2009-06-30,-340829.0,2908099.0,-262934.0,-1.5,622130.0,0.21393013098935076,1222105.0,-5260918.0,1149050.0,4615969.0,6483023.0,0.0,-31882314.0,7386017.25,9730647.25,-15.492106588296961,0.24892931473326618,1.9515074400317485,-0.45333285939830276,0.09142442674143794,-15.492106588296961,0.06478508123487194,2.5398094253324937,-5.417685444900522,-1.4039407666114545,0.0,0.0,0.0,2.3795819508143734,0.23466275445090728,-0.2788868386922564,-254.6463454576797,0.21393013098935076,-1.0,-6.324755380500159,0.23859500081595586,0.3022617172554842,-0.06195530894725732,-0.04331469118002688,-0.0359522317963508,0.439944896874042,0.7829561366977299,-0.2261249524786042,Information Technology Services,Technology,IMCI
2009Q1,2009,Q1,2009-03-31,2009-03-31,-326679.0,2655930.0,-253809.0,-0.75,663220.0,0.24971290659015863,1286767.0,-4960094.0,1206820.0,4202742.0,6246861.0,0.0,-31541485.0,5046030.0,7361655.0,-14.744543730417774,0.2871506269002475,1.854861058761998,-0.4811953160565102,0.0998536024674643,-14.744543730417774,0.06586145343213254,1.8999107657204821,-3.861611857511502,-1.0173254781058585,0.0,0.0,0.0,2.0640333486948297,0.26796648473782114,-0.2538757988042901,-932.033616549686,0.24971290659015863,-3.027027027027027,0.31433757215064034,1.4395260643224674,0.39377379163224263,-0.2652767315106128,-3.6082988678281143,-2.265293405054015,-1.5398174531314308,0.2875733372341958,-0.21802154489463405,Information Technology Services,Technology,IMCI
2008Q4,2008,Q4,2008-12-31,2008-12-31,125246.0,2809493.0,200593.0,0.37,902680.0,0.3212964047249806,1290094.0,-4707301.0,1204829.0,3421274.0,5997395.0,0.0,-31214806.0,10848964.5,12011944.5,-13.993082680840185,0.35215799728405267,1.0203256506890195,-0.27963285118160064,-0.05915478835795499,-13.993082680840185,-0.026606754061403764,3.8615381850034862,21.655311347268576,-2.304710172559605,0.0,0.0,0.0,2.1777428621480297,0.3383096472249811,0.09708284822656334,48.21847721737275,0.3212964047249806,5.487159791544333,1.1162021338261954,1.3690344324397525,0.41130230941619694,0.32154114407269735,5.596520845566647,3.510038896508308,1.982274076600771,0.03584227204761659,-0.1823316272539865,Information Technology Services,Technology,IMCI
2008Q3,2008,Q3,2008-09-30,2008-09-30,-27248.0,2478978.0,44477.0,-0.0824575047889387,683051.0,0.27553733837089317,1378418.0,-3896768.0,1305238.0,3849665.0,5275186.0,0.0,-31340052.0,12639674.25,14016664.25,-11.792343145235725,0.3390523591013764,1.027480053220431,-0.36345427800679947,-0.01793086877451903,-11.792343145235725,0.006992461444971833,5.098744018704482,-115.96882569362889,-3.2436301699254355,0.0,0.0,0.0,1.798422539461905,0.3237440140895377,-0.0197675886414716,-165.24394046358395,0.27553733837089317,0.8900566602814152,0.9817184585679111,-0.4728606624954322,0.6718404187039887,0.3361430016177273,0.8776778178814487,1.3050255805341051,-1.2616465401564783,-0.1408066847429574,-0.0687929596462941,Information Technology Services,Technology,IMCI
2008Q2,2008,Q2,2008-06-30,2008-06-30,-222756.0,2163615.0,-145814.0,-0.75,511211.0,0.23627632457715445,1024484.0,-3967184.0,943238.0,3599073.0,4991668.0,0.0,-31312804.0,18851390.25,20161889.25,-12.15320848816442,0.2620780406510232,1.4072049929525499,-0.36339605120407825,0.05773611427326991,-12.15320848816442,0.056149651742898744,8.71291345733876,-21.156994929429512,-4.751831588854967,0.0,0.0,0.0,2.111907067362692,0.2451520155328886,-0.21743238547405327,-234.7912598081953,0.23627632457715445,-3.567037093954704,-1.3066963197408439,-0.5883425207694472,0.6497240154326447,-0.3188748352850418,-3.2790787021918284,-6.41134120092036,-1.605432466266474,-0.1554472348593201,-0.05608498118833333,Information Technology Services,Technology,IMCI
2008Q1,2008,Q1,2008-03-31,2008-03-31,-52057.0,2466810.0,26946.0,-0.16422025583999747,750539.0,0.30425488789164956,1061645.0,-3829960.0,975068.0,3554659.0,4891605.0,0.0,-31090048.0,13789282.5,15019491.5,-12.082083313616934,0.2743070432353708,1.2182509219183437,-0.33769282185714733,-0.010749837434341911,-12.082083313616934,0.013592047958725418,5.589924842205115,-66.2220378623432,-3.600372458197997,0.0,0.0,0.0,2.323573322532485,0.25922936630489735,-0.04903428170433619,669.968054610825,0.30425488789164956,0.4957619263080402,0.9663720816436885,-0.536435743002299,0.7269213489263976,0.014603858673905285,0.4957573761599411,2.2012303851640516,-1.3371675660821354,-0.09114169278799483,-0.0410423184735158,Information Technology Services,Technology,IMCI
2007Q4,2007,Q4,2007-12-31,2007-12-31,-103238.0,2446201.0,-22432.0,-0.32568,739736.0,0.3024019694211555,847515.0,-3855850.0,757269.0,3173616.0,4703365.0,0.0,-31037991.0,18544207.5,19811665.5,-12.163756526128171,0.2386139343890376,1.5288685156014938,-0.3360449706290442,0.008752793400622325,-12.163756526128171,0.026774381783523735,7.580819196787181,-44.90644796489665,-4.809369529416342,0.0,0.0,0.0,2.886321776015764,0.2199031010683082,-0.12181259328743443,882.4691872085276,0.3024019694211555,0.5657599999999999,0.9889482558443619,1.2375671271851671,0.6948412191016758,0.5002109156986176,0.6831703222678128,0.9118893589275263,-1.1449217953628112,0.010839044682458589,0.02096778569993907,Information Technology Services,Technology,IMCI
2007Q3,2007,Q3,2007-09-30,2007-09-30,-325847.0,2063644.0,-254589.0,-0.75,493088.0,0.2389404374010246,806393.0,-4179362.0,710080.0,3155633.0,4985755.0,0.0,-30934753.0,11757450.0,13051375.0,-13.329937614023448,0.22501982961897027,1.615301720129019,-0.3116667089378714,0.08849747322887909,-13.329937614023448,0.07796572778333152,5.697421648307557,-9.020683019944943,-2.8132164670109936,0.0,0.0,0.0,2.55910455571911,0.20149332954751076,-0.40407964850885364,1689.2887931034484,0.2389404374010246,0.0,0.877173237283187,-0.8532540910206832,0.0,0.051539708265802266,-0.2702051603899724,-0.28706409310132147,-1.8662692207007479,-0.36981405332360884,0.3062861600257605,Information Technology Services,Technology,IMCI
2007Q2,2007,Q2,2007-06-30,2007-06-30,-256531.0,1812262.0,-197806.0,-0.75,468920.0,0.25874845910800975,688979.0,-3963616.0,619644.0,2764417.0,4652595.0,0.0,-30608904.0,13913010.0,15196095.0,-12.819851347767306,0.22414997447924825,1.8708741485589546,-0.32520632674810074,0.07395659126538581,-12.819851347767306,0.06472145636711528,7.67715153769157,-13.558799911121852,-3.510181107352478,0.0,0.0,0.0,2.6303588353200897,0.19120270205254852,-0.372335005856492,-218.9129100778853,0.25874845910800975,-2.4924044124520894,0.9375257288761181,-0.8470349496817585,0.0,-0.3521414755457309,-2.9969306035960237,-222.0122905027933,-5.401953470354345,-0.1522191688439219,0.4226155743604114,Information Technology Services,Technology,IMCI
2007Q1,2007,Q1,2007-03-31,2007-03-31,-64182.0,2132407.0,895.0,-0.21475176165907128,723800.0,0.3394286362781589,893715.0,-3872113.0,798975.0,2883808.0,4765828.0,0.0,-30352373.0,11207475.0,12503486.0,-12.956017077887749,0.27705554600028853,1.5303950364489798,-0.35322755301820996,-0.00036077523417017487,-12.956017077887749,0.0165754460161674,5.255786067106326,-43.65505515565112,-2.894408040261222,0.0,0.0,0.0,2.38600336796406,0.262115230972381,-0.07181484030143838,2764.547360631475,0.3394286362781589,0.680052797695101,0.9604687814376749,-0.7618784140023436,0.0,0.06597153187384482,0.6800530403485509,1.0059837002667593,0.8483702430226765,1.2046568171170808,0.46730958568269937,Information Technology Services,Technology,IMCI
