Quarters,Year,Quarter,FillingDate,Date,NetIncome,Revenue,OperatingIncome,EPSDiluted,GrossProfit,GrossProfitRatio,TotalAssets,CommonStockEquity,CurrentAssets,CurrentLiability,TotalLiability,Inventory,RetainedEarnings,MarketCap,EnterpriseValue,bookValuePerShare,currentRatio,debtToAssets,debtToEquity,roic,shareholdersEquityPerShare,roe,priceToSalesRatio,peRatio,pbRatio,payoutRatio,inventoryTurnover,dividendYield,assetTurnover,quickRatio,returnOnAssets,priceToFreeCashFlowsRatio,grossProfitMargin,epsdilutedGrowth,fiveYNetIncomeGrowthPerShare,fiveYRevenueGrowthPerShare,fiveYShareholdersEquityGrowthPerShare,grossProfitGrowth,netIncomeGrowth,operatingIncomeGrowth,threeYNetIncomeGrowthPerShare,threeYRevenueGrowthPerShare,threeYShareholdersEquityGrowthPerShare,Industry,Sector,Symbol
2023Q1,2023,Q1,2023-05-10,2023-03-31,-1702430.0,4894053.0,-1828981.0,-0.0773,1828122.0,0.3735394774,26991348.0,19429478.0,24946947.0,6905702.0,7561870.0,3709987.0,-61102044.0,16104107.5776,-2455671.4223999996,0.8817044008169803,3.6125142671954276,0.027210163790263458,0.0378002435268719,-0.08996302360666254,0.8817044008169803,-0.08762098497962735,3.290546215498688,-2.3648707402947555,0.8288492144565077,0.0,0.8263993916959816,0.0,0.18131932499258652,3.05323021468346,-0.06307317441129653,-7.938920206398715,0.37353947740247195,0.9501290322580646,0.9963739358256573,-0.9713275648496933,1.020726925707013,0.22600102204642666,0.927594113978143,0.636882950216711,0.8258192588442991,2.759859799422606,1.233862459721695,Drug Manufacturers—Specialty & Generic,Healthcare,SBFM
2022Q4,2022,Q4,2022-12-31,2022-12-31,-23512315.0,3939843.0,-5036891.0,-1.55,1491126.0,0.3784734569,29243848.0,21627570.0,27312334.0,6931014.0,7616278.0,3289945.0,-59399614.0,9715755.52,-7836449.48,1.424659643967657,3.940597147834357,0.146158330463214,0.19762885983029993,-0.19165779777974723,1.424659643967657,-1.0871454814387378,2.466026062459849,-0.10330496507893842,0.449230103983018,0.0,0.7443033242197058,0.0,0.13472382293875962,3.424980818102517,-0.8040089320666692,-4.3246254894036,0.37847345693724344,-19.103761348897535,0.8543874951547273,0.0,1.0292454239452133,21.247310704960835,-15.137551012564225,-1.931868240608156,0.2541424005953174,3.620886063476677,1.3641150962879596,Drug Manufacturers—Specialty & Generic,Healthcare,SBFM
2022Q3,2022,Q3,2022-11-07,2022-09-30,-1456994.0,132808.0,-1717980.0,-0.0771,67025.0,0.5046759231,40864344.0,40384135.0,40860574.0,480209.0,480209.0,269641.0,-35887299.0,14589150.719999999,-25966780.28,2.1383523199011822,85.08914660075092,0.0,0.0,-0.042540233246232476,2.1383523199011822,-0.03607837582753722,109.85144509366904,-2.5032962936017578,0.36125945795298076,0.0,0.24396512399820502,0.0,0.003249972641185675,84.45479572436169,-0.03565440815592195,-12.982720781393493,0.5046759231371604,-2.199170124481328,0.9943157064124133,0.0,1.0685621505986713,-0.11370728869142072,-2.814639689172348,-1.4690857665177723,0.9908680186885375,-0.9603139119757891,1.1190110039011523,Drug Manufacturers—Specialty & Generic,Healthcare,SBFM
2022Q2,2022,Q2,2022-08-03,2022-06-30,-381948.0,150307.0,-695796.0,-0.0241,75624.0,0.5031302601,41990964.0,41886280.0,41989322.0,104684.0,104684.0,205371.0,-34430280.0,17117479.44,-24610295.56,2.642747874099389,401.10544113713655,0.0,0.0,-0.011774128150089746,2.642747874099389,-0.009118689938566996,113.88344814280107,-11.204064061076377,0.408665544899189,0.0,0.36364920071480394,0.0,0.0035795082008595945,398.6072274655153,-0.009095956930162404,-29.831683124143872,0.5031302600677281,0.8952173913043477,0.9994718917913383,0.0,1.0459605342860205,0.20420382165605094,0.6910413243998146,0.43124368544439756,0.9991761253952172,-0.922244414545012,1.0805092406157326,Drug Manufacturers—Specialty & Generic,Healthcare,SBFM
2022Q1,2022,Q1,2022-05-06,2022-03-31,-1236243.0,122645.0,-1223364.0,-0.23,62800.0,0.5120469648,13409342.0,13314108.0,13405367.0,95234.0,95234.0,181496.0,-33891408.0,12918497.200000001,-259127.79999999888,2.525027802769505,140.7624062834702,0.0,0.0,-0.09188545761414482,2.525027802769505,-0.09285210845518152,105.33244078437768,-2.6124510310675166,0.9702863458821275,0.0,0.32973178472252834,0.0,0.009146235512525521,138.37126446437196,-0.09219266687358708,-9.905243028719346,0.5120469648171552,-1.3538461538461537,0.9913603639447115,0.0,1.0974055231279478,1.6354442066389694,-1.749014385398787,-3.374922665941902,0.9762151001302388,-0.9958187030243477,1.2566258683820717,Drug Manufacturers—Specialty & Generic,Healthcare,SBFM
2021Q4,2021,Q4,2022-03-21,2021-12-31,1650493.0,85118.0,-279631.0,0.65,23829.0,0.2799525365,2202891.0,211662.0,2195830.0,91229.0,1991229.0,105650.0,-32655174.0,148617.30800000002,3450.307999999961,0.08324497372809364,24.069429676966752,1.7250059126847401,17.953151723030114,-0.17245401546237704,0.08324497372809364,7.797776643894511,1.7460150379473205,0.022511047911139278,0.7021444945242887,0.0,0.5801135825840038,0.0,0.038639224546289395,22.50342544585603,0.7492395220644145,-0.4761650684207323,0.27995253647877066,1.2195945945945945,1.0034274196461133,0.0,1.0039975054146013,-0.22808551992225462,1.2190244037083424,0.4365220580382421,1.0450250936062313,-0.9935575551239761,1.0321375498094003,Drug Manufacturers—Specialty & Generic,Healthcare,SBFM
2021Q3,2021,Q3,2021-11-09,2021-09-30,-7535658.0,50376.0,-496259.0,-2.96,30870.0,0.6127918056,2501915.0,-1173932.0,2491683.0,471632.0,3675847.0,71310.0,-33322290.0,273816.9016,1421423.9016,-0.461698077588648,5.283108440479017,1.4126039453778405,-3.0105789773172553,-0.3922387212811726,-0.461698077588648,6.419160564666437,5.435463347625853,-0.009084040889329107,-0.23324766817839535,0.0,0.2735380732015145,0.0,0.020134976607918336,5.062712029718085,-3.011956041672079,-0.4557477623467064,0.6127918056217246,-0.37037037037037024,0.9929215900181068,0.0,-1.010400448881157,-0.10154544660787566,-0.4564804531684333,-0.2770498046824739,0.948180075400348,-0.9976745414759568,-1.1661525916548898,Drug Manufacturers—Specialty & Generic,Healthcare,SBFM
2021Q2,2021,Q2,2021-08-09,2021-06-30,-5173882.0,52874.0,-388598.0,-2.16,34359.0,0.6498278927,1817068.0,-872710.0,1803586.0,635563.0,2689778.0,45217.0,-29282907.0,358890.14999999997,1151672.15,-0.3647536718408126,2.83777690016568,1.3911840393425012,-2.8965819115169986,-0.42191572636374725,-0.3647536718408126,5.928523793700084,6.787648938987025,-0.017341434825919877,-0.4112364359294611,0.0,0.40946988964327574,0.0,0.029098525756878664,2.730011029591087,-2.8473794046232723,-0.5799288844505632,0.6498278927261035,0.5705765407554672,0.9855677280265126,0.0,0.9978189529937359,0.5952734701457888,0.5315589690983934,0.695371599957982,0.9573709189416925,-0.9974235391303661,0.9834828525958877,Drug Manufacturers—Specialty & Generic,Healthcare,SBFM
2021Q1,2021,Q1,2021-05-11,2021-03-31,-11044895.0,40058.0,-1275646.0,-5.03,21538.0,0.537670378,1858468.0,-1084389.0,1841839.0,864786.0,2942857.0,26660.0,-26403853.0,263276.64,1209440.6400000001,-0.49425835881223645,2.1298205567620196,1.4758177165278068,-2.5293137425776173,-1.3736039063451704,-0.49425835881223645,10.185362448346488,6.57238604024165,-0.005959238181983621,-0.2427880031981143,0.0,0.6946736684171043,0.0,0.021554312476728142,2.0775035673565485,-5.943010587214846,-0.8853950328731651,0.5376703779519696,-21.958333333333336,0.9746004580534795,0.0,0.996253300565466,0.22723646723646723,-33.61149872593975,-2.715639727599485,0.7637157045150262,-0.99764282288085,0.9883810761592218,Drug Manufacturers—Specialty & Generic,Healthcare,SBFM
2020Q4,2020,Q4,2021-03-30,2020-12-31,338681.0,28013.0,-343318.0,0.24,17550.0,0.6264948417,1045474.0,-954837.0,1025943.0,1051305.0,2000311.0,23771.0,-20218727.0,22048.593299999997,945281.5933,-0.679904640447062,0.9758756973475823,1.8299077738901206,-2.003610040247707,0.11195585954676461,-0.679904640447062,-0.3547003310512684,0.7870843287045299,0.016275339700189854,-0.02309147351851677,0.0,0.4401581759286526,0.0,0.026794544866730306,0.9434027232820161,0.323949710848859,-0.05199367381733374,0.6264948416806483,1.258064516129032,1.0007530291369384,0.0,0.996930980066821,0.6234967622571693,1.2589642835569481,-4.102217334442991,1.0226730259150498,0.0,0.9860429123991923,Drug Manufacturers—Specialty & Generic,Healthcare,SBFM
2020Q3,2020,Q3,2020-11-12,2020-09-30,-1307829.0,17150.0,-67288.0,-0.93,10810.0,0.6303206997,550522.0,-554876.0,527604.0,747846.0,1105398.0,26201.0,-19134934.0,25138.1872,552460.1872,-0.39510726533216367,0.705498190803989,1.8455756536523518,-1.8310937939287337,-0.2731600164683114,-0.39510726533216367,2.3569752521284033,1.4657835102040817,-0.004805327607814171,-0.04530415299994953,0.0,0.24197549711843058,0.0,0.031152251862777508,0.6534874827170299,-2.375616233320376,-0.20710832530051,0.6303206997084548,0.1982758620689654,0.9946493047737567,0.0,0.9980715186190346,0.08273237179487179,-1.0692972962709806,0.4766390031811712,0.9313848055484605,0.0,0.9873316461575495,Drug Manufacturers—Specialty & Generic,Healthcare,SBFM
2020Q2,2020,Q2,2020-08-19,2020-06-30,-632016.0,15145.0,-128569.0,-1.16,9984.0,0.6592274678,138517.0,-610913.0,112165.0,686196.0,749430.0,16576.0,-18167208.0,5891.9508000000005,551297.9508,-1.119809147082491,0.1634591282957056,4.555390313102363,-1.032878658663345,-6.337780459225241,-1.119809147082491,1.0345433801539663,0.3890360382964675,-0.0023306177375256323,-0.009644500608106229,0.0,0.3113537644787645,0.0,0.1093367601088675,0.12473549831243551,-4.562732372199802,-0.07183904116269997,0.6592274678111588,-1.6363636363636362,0.9972611940705467,-0.9756523041181016,0.9936774960525498,0.3830170383709655,-6.5814929884960955,-2.4104087641582006,0.9746120605461935,0.0,0.9805251847129672,Drug Manufacturers—Specialty & Generic,Healthcare,SBFM
2020Q1,2020,Q1,2020-05-18,2020-03-31,-83363.0,11102.0,-37699.0,-0.44,7219.0,0.6502431994,63688.0,-708606.0,34023.0,772294.0,772294.0,13712.0,-17528895.0,56.385,630924.385,-3.7701835594573025,0.044054466304283085,10.075304609973621,-0.9055469471045969,0.49814928646926493,-3.7701835594573025,0.11764365528939918,0.005078814627994956,-0.00016909480225039882,-7.957172250870017e-05,0.0,0.2831826137689615,0.0,0.17431855294560986,0.013994670423439779,-1.3089278985052129,-0.0018168782625507507,0.6502431994235273,0.7884615384615385,0.9980713569657619,0.0,0.9790662564965564,0.13310312352848847,0.7864064485713115,0.8495590406640329,0.9836556174379961,0.0,0.8545613234458115,Drug Manufacturers—Specialty & Generic,Healthcare,SBFM
2019Q4,2019,Q4,2020-05-01,2019-12-31,-390288.0,10556.0,-250590.0,-2.08,6371.0,0.6035430087,98142.0,-735385.0,65686.0,833527.0,833527.0,15910.0,-17434636.0,84.5775,675151.5775,-3.9126629422718806,0.07880488574455297,7.291149558802552,-0.9730522107467517,12.44338690562144,-3.9126629422718806,0.5307260822562331,0.008012267904509283,-5.4176339011191736e-05,-0.00011501118461758127,0.0,0.2630421118793212,0.0,0.1075584357359744,0.04910578781491182,-3.9767683560555116,-0.0006571729384066698,0.6035430087154225,0.7538461538461538,0.9938583976993319,0.0,0.9900361258991115,2.133792424987703,-0.11740723774622079,-0.2366265298065535,0.9890356891863582,0.0,0.8121100818851796,Drug Manufacturers—Specialty & Generic,Healthcare,SBFM
2019Q3,2019,Q3,2019-11-13,2019-09-30,-349280.0,7326.0,-202640.0,-8.45,2033.0,0.2775047775,146335.0,-742856.0,110496.0,889191.0,889191.0,17778.0,-17038018.0,86.82239999999999,669781.8224,-17.96768575851393,0.1242657651730618,5.136624867598319,-1.0118623259420398,-22.932817897054203,-17.96768575851393,0.470185338746675,0.01185126945126945,-6.214383875400824e-05,-0.00011687648750228847,0.0,0.29772752840589495,0.0,0.050063211125158026,0.09218829250408517,-2.38685208596713,-0.0010089644513137557,0.2775047775047775,0.7111111111111111,0.9741004930792168,0.0,0.944022457924764,0.29243483788938335,0.5198180895831815,-2.061165913863166,0.9798228122778923,0.0,-1.4047493509613729,Drug Manufacturers—Specialty & Generic,Healthcare,SBFM
2019Q2,2019,Q2,2019-08-15,2019-06-30,-727391.0,3033.0,-66197.0,-29.25,1573.0,0.5186284207,109389.0,-816302.0,70866.0,925691.0,925691.0,18193.0,-16687777.0,87.038,741595.038,-32.82539810197844,0.0765547034593617,7.119408715684393,-0.954040293910832,9.81491651303574,-32.82539810197844,0.8910807519765969,0.028696999670293436,-2.9914447662948813e-05,-0.00010662475407385993,0.0,0.08025064585280053,0.0,0.027726736691989138,0.041374497537515216,-6.649580853650733,-0.0018152203382760849,0.518628420705572,-1.966531440162272,0.9705493405696258,0.0,0.9200282417826502,-0.9548792381389478,-2.428534394177924,0.4520251980497173,0.8047839462649596,0.0,0.8037203137711242,Drug Manufacturers—Specialty & Generic,Healthcare,SBFM
2019Q1,2019,Q1,2019-05-20,2019-03-31,-212158.0,119728.0,-120803.0,-9.86,34862.0,0.2911766671,1246949.0,-211772.0,231306.0,1119748.0,1458721.0,13237.0,-15976887.0,210.9254,1144708.9254,-9.839334665241834,0.20656969246651924,0.9941280677878566,-5.853592542923521,-0.11263228053515961,-9.839334665241834,1.0018227149953725,0.0017617048643592142,-0.00024854754475438115,-0.000996002304365072,0.0,6.41127143612601,0.0,0.09601675770219953,0.1914055662524068,-0.1701416818169789,-0.0009015485619275172,0.2911766671121208,0.31622746185852985,0.9846021653609297,0.0,0.9319609382251982,1.4080955999171099,0.31630525505057827,0.6402102692399333,0.9502661613777843,0.0,0.9254134422429527,Drug Manufacturers—Specialty & Generic,Healthcare,SBFM
2018Q4,2018,Q4,2019-04-12,2018-12-31,-310311.0,111843.0,-335760.0,-14.42,14477.0,0.1294403762,1146571.0,-55753.0,211512.0,912477.0,1202324.0,0.0,-15774345.0,344.384,837732.384,-2.5902713250325218,0.23179981522821946,0.830828618550443,-17.086147830610013,-0.3430428235361033,-2.5902713250325218,5.565817086076086,0.003079173484259185,-0.00027745068656928054,-0.0061769590874033685,0.0,0.0,0.0,0.09754563825528467,0.2303301891444935,-0.2706426379177565,-0.0032027676769555554,0.12944037624169594,0.7478580171358629,0.9839387417799933,0.0,0.7433246054053377,-0.5759146966634443,0.6624324453688635,0.6147407336862046,0.9549830187155317,0.0,0.9883077804504474,Drug Manufacturers—Specialty & Generic,Healthcare,SBFM
2018Q3,2018,Q3,2018-11-16,2018-09-30,-919256.0,136939.0,-871517.0,-57.19,34137.0,0.2492861785,1104358.0,44663.0,150488.0,747129.0,1059695.0,0.0,-15435690.0,514.336,864645.336,2.7787594101910034,0.20142170896859846,0.8245161442213486,20.38736761972998,-0.9241312965635312,2.7787594101910034,-20.582047780041645,0.0037559497294415763,-0.00013987833639377933,0.011515930412198018,0.0,0.0,0.0,0.12399873953917118,0.19986106816895075,-0.8323894968841625,-0.004952157210117368,0.2492861785174421,-0.1273408239700375,0.7719466867293129,0.0,-0.9589616394958791,1.1856072731929062,-0.449263115410568,-0.5264304642605058,0.6713908101441496,0.0,1.01356286318914,Drug Manufacturers—Specialty & Generic,Healthcare,SBFM
2018Q2,2018,Q2,2018-08-17,2018-06-30,-634292.0,107250.0,-570951.0,-50.73,15619.0,0.1456317016,1170306.0,-276130.0,196714.0,1136768.0,1446436.0,0.0,-14528134.0,1650.528,1238337.528,-22.083333333333332,0.17304674304695417,1.0878197667960345,-4.610444355919314,-0.5637938045112022,-22.083333333333332,2.2970774635135625,0.015389538461538461,-0.0006505394991581164,-0.005977358490566039,0.0,0.0,0.0,0.09164269857626979,0.17208876393424163,-0.5419881637793876,-0.011225790654968374,0.14563170163170164,-1.3805725011731582,0.7662084569316668,0.0,-1.106538222030616,-0.8286789224289224,-1.5293976902954125,-2.4250826349604373,0.8800752528257354,6.522674711305497,0.8753162871221201,Drug Manufacturers—Specialty & Generic,Healthcare,SBFM
2018Q1,2018,Q1,2018-05-22,2018-03-31,-250768.0,91168.0,-166697.0,-21.31,91168.0,1.0,1002335.0,-500685.0,202489.0,1180999.0,1503020.0,0.0,-13883826.0,1883.2,1264858.2,-42.53908241291419,0.17145569132573354,1.364551771613283,-2.7317335250706534,-0.181496110778076,-42.53908241291419,0.5008498357250567,0.020656370656370656,-0.0018774325272762076,-0.003761247091484666,0.0,0.0,0.0,0.09095561863049778,0.16693748258889296,-0.2501838207784822,-0.010870594211431672,1.0,-1.0028195488721803,0.9926181203748446,0.0,-1.1262143264562101,0.0,-1.003067288644642,-0.027870783156674496,0.9073561699471901,0.0,0.7638040095236167,Drug Manufacturers—Specialty & Generic,Healthcare,SBFM
2017Q4,2017,Q4,2018-04-02,2017-12-31,-125192.0,0.0,-162177.0,-10.64,0.0,0.0,257485.0,-573363.0,117199.0,751138.0,830848.0,0.0,-13618190.0,2801.2599999999998,697588.26,-48.71393372982158,0.156028585958905,3.1159834553469135,-1.399321197914759,-0.41932095165081995,-48.71393372982158,0.21834684135530197,0.0,-0.00559392772701131,-0.004885665799851053,0.0,0.0,0.0,0.0,0.156028585958905,-0.48621084723381947,-0.013139118198874295,0.0,0.21591746499631537,0.963429749048416,0.0,-1.4489157838107263,0.0,0.18701214364569127,-0.42504283643073676,0.9685414329398281,0.0,0.8759465075820891,Drug Manufacturers—Specialty & Generic,Healthcare,SBFM
2017Q3,2017,Q3,2017-11-15,2017-09-30,-153990.0,0.0,-113805.0,-13.57,0.0,0.0,256000.0,-353865.0,197906.0,609865.0,609865.0,0.0,-13406712.0,3517.2599999999998,407177.26,-31.188524590163933,0.32450788289211546,2.3115078125,-1.6722365873991494,-0.49908599616943117,-31.188524590163933,0.4351659531177144,0.0,-0.005710208455094487,-0.009939553219448095,0.0,0.0,0.0,0.0,0.3084059586957769,-0.6015234375,-0.027938487445688002,0.0,0.7026079333771642,0.9768742528232258,0.0,-1.0790833440113323,0.0,0.6851428910257852,0.7589990216383111,0.9583916964294066,0.0,0.9028335106159588,Drug Manufacturers—Specialty & Generic,Healthcare,SBFM
2017Q2,2017,Q2,2017-08-11,2017-06-30,-489079.0,0.0,-472218.0,-45.63,0.0,0.0,164335.0,-616289.0,137305.0,780624.0,780624.0,0.0,-13259101.0,2786.6800000000003,278509.68,-57.50037320395596,0.1758913382114821,2.461380716219917,-0.65633331115759,2.2462627779265594,-57.50037320395596,0.7935870995588109,0.0,-0.0014244529002471994,-0.004521709782261245,0.0,0.0,0.0,0.0,0.16495521531492754,-2.9761097757629233,-0.035812524899438404,0.0,-0.6812822402358144,0.7277168642474983,0.0,-1.4442833032280034,0.0,-0.7897281077322794,-3.332672722268098,0.954055532557847,0.0,0.8599131706190339,Drug Manufacturers—Specialty & Generic,Healthcare,SBFM
2017Q1,2017,Q1,2017-05-12,2017-03-31,-273270.0,0.0,-108990.0,-27.14,0.0,0.0,23409.0,-261043.0,17989.0,284452.0,284452.0,0.0,-12773657.0,505.514,238690.514,-25.92284011916584,0.06324089828863921,10.90725789226366,-0.9781070551594948,26.629751308372835,-25.92284011916584,1.046839026520535,0.0,-0.0004624675229626377,-0.001936516206142283,0.0,0.0,0.0,0.0,0.0602667585392263,-11.673715237729079,-0.004679082166294881,0.0,0.8566978193146418,0.5799176992086633,0.0,-1.247981678749835,0.0,0.8567149247290629,0.6757186169468933,0.9576097936582356,0.0,0.8207433957423091,Drug Manufacturers—Specialty & Generic,Healthcare,SBFM
2016Q4,2016,Q4,2017-04-17,2016-12-31,-1907177.0,0.0,-336097.0,-189.39,0.0,0.0,64404.0,-209700.0,58460.0,274104.0,274104.0,0.0,-12577954.0,805.6,180323.6,-20.824230387288978,0.21327671248869043,3.6794453760635983,-1.1300476871721508,-20.903037684108785,-20.824230387288978,9.09478779208393,0.0,-0.00010560110571803247,-0.0038416785884597044,0.0,0.0,0.0,0.0,0.2096029244374398,-29.612710390658965,-0.024948900588417467,0.0,0.5476713637449248,0.6899937068874897,0.0,-1.1231222032936805,0.0,0.37327720626533184,-1.8969883464349744,0.7890075539452215,0.0,-1.0635164741749388,Drug Manufacturers—Specialty & Generic,Healthcare,SBFM
2016Q3,2016,Q3,2016-11-14,2016-09-30,-3043095.0,0.0,-116016.0,-418.7,0.0,0.0,599322.0,322642.0,22795.0,276680.0,276680.0,0.0,-11453491.0,482.5952,227687.5952,44.392129884424875,0.0823875957785167,0.4154594692001962,0.7717346160760223,-0.38950650186317476,44.392129884424875,-9.431800571531294,0.0,-3.9646741228913324e-05,0.0014957606263288723,0.0,0.0,0.0,0.0,0.0823875957785167,-5.077562645789742,-0.00766109250234153,0.0,-1.7945004338250015,-0.3915718355043642,0.0,-0.9217939652789717,0.0,-5.193876741019363,0.7538451093010378,-0.6695423871488005,0.0,-0.34439080149887347,Drug Manufacturers—Specialty & Generic,Healthcare,SBFM
2016Q2,2016,Q2,2016-08-16,2016-06-30,-491307.0,0.0,-471313.0,-149.83,0.0,0.0,665441.0,-548373.0,73922.0,1213784.0,1213814.0,0.0,-9867871.0,400.038,250620.038,-167.23787740164684,0.06090210449305643,0.48710854906746054,-0.591097665275278,2.1455657707302866,-167.23787740164684,0.895935795526038,0.0,-0.0002035580604387888,-0.0007294998112598541,0.0,0.0,0.0,0.0,0.06090210449305643,-0.7383178974544701,-0.002890510632455906,0.0,0.24404641775983843,-2.4800834129975358,0.0,-1.449444314557382,0.0,0.07986672959367135,-5.763769696621796,0.30944215446360696,0.0,-1.8068177863190453,Drug Manufacturers—Specialty & Generic,Healthcare,SBFM
2016Q1,2016,Q1,2016-05-09,2016-03-31,-533952.0,0.0,-69682.0,-198.2,0.0,0.0,830600.0,-355388.0,226492.0,1185988.0,1185988.0,0.0,-9386561.0,474.14399999999995,981673.144,-131.91833704528582,0.19097326448496948,1.3298049602696846,-3.1079721318671423,-0.1626810366743214,-131.91833704528582,1.5024480286334936,0.0,-0.000221997482919813,-0.0013341587222978827,0.0,0.0,0.0,0.0,0.19097326448496948,-0.6428509511196725,-0.0058107306551631165,0.0,0.38112783363517144,-0.542400247914018,0.0,-1.3177575601138618,0.0,0.3813491277281306,0.6000849393372436,0.9313285952062745,0.0,-1.3914044006821216,Drug Manufacturers—Specialty & Generic,Healthcare,SBFM
2015Q4,2015,Q4,2016-03-25,2015-12-31,-863091.0,0.0,-174242.0,-320.26,0.0,0.0,673261.0,-597045.0,53909.0,1270306.0,1270306.0,0.0,-9081267.0,700.7,1090474.7,-221.53803339517626,0.04243780632383064,1.6941008019178299,-1.9103618655210244,-0.4271972975124543,-221.53803339517626,1.4456046026681406,0.0,-0.00020296237592559764,-0.0011736133792260215,0.0,0.0,0.0,0.0,0.04243780632383064,-1.2819560319103587,-0.0020374161132369535,0.0,-0.8401516892668353,0.6746009346559859,0.0,-1.4324180348096653,0.0,-2.051710970150837,-0.5412417184860199,-0.10109716460128663,0.0,-3.0415497639148805,Drug Manufacturers—Specialty & Generic,Healthcare,SBFM
2015Q3,2015,Q3,2015-11-04,2015-09-30,-282822.0,0.0,-113053.0,-174.04,0.0,0.0,136636.0,-332930.0,136636.0,469566.0,469566.0,0.0,-8433588.0,325.0,293740.0,-204.88,0.2909835891014256,3.063907023039316,-1.2574415042201064,-1.8393471914307695,-204.88,0.8494938876040008,0.0,-0.0002872831675046496,-0.0009761811792268646,0.0,0.0,0.0,0.0,0.2666824258996605,-2.069893732252115,-0.003070614689820676,0.0,0.5885481926286674,-1.0429277543416278,0.0,-1.9058072469093366,-1.0,0.553655776693743,0.6929217697884327,0.7034445857448716,0.0,-1.5195050337889877,Drug Manufacturers—Specialty & Generic,Healthcare,SBFM
2015Q2,2015,Q2,2015-08-06,2015-06-30,-633641.0,1708.0,-368157.0,-422.99,1708.0,1.0,170748.0,-265318.0,170748.0,436066.0,436066.0,0.0,-8240238.0,596.2040000000001,234009.204,-177.11481975967956,0.3915645796737191,2.2878159627052734,-1.4723463918769175,-3.5969018842938025,-177.11481975967956,2.3882322345261158,0.34906557377049185,-0.0002352294122381601,-0.002247129859263224,0.0,0.0,0.0,0.010003045423665284,0.36499062068585947,-3.710971724412585,-0.0019554724654793536,1.0,-0.8393268687220072,0.8958543085216687,0.0,-169.15207500254226,0.0,-1.152554464325145,-1.9493851391948729,-1.5239859788666121,0.0,-2.368498199035152,Drug Manufacturers—Specialty & Generic,Healthcare,SBFM
2015Q1,2015,Q1,2015-05-07,2015-03-31,-294367.0,0.0,-124825.0,-229.97,0.0,0.0,148702.0,-230529.0,148702.0,379231.0,379231.0,0.0,-7722726.0,355.84000000000003,164787.84,-180.10078125,0.39211456869296024,2.1057820338663906,-1.3583280194682665,-1.5111070758428666,-180.10078125,1.2769196066438495,0.0,-0.0003022077882371326,-0.0015435802003218684,0.0,0.0,0.0,0.0,0.39211456869296024,-1.9795766028701698,-0.0031491380225848707,0.0,0.3199976344658328,0.36805723817109676,0.0,-6.066318639283813,0.0,0.11791428066295694,0.5924746980084884,-2.560008622524847,0.0,-2.7228704059132602,Drug Manufacturers—Specialty & Generic,Healthcare,SBFM
2014Q4,2014,Q4,2015-03-11,2014-12-31,-333717.0,0.0,-306300.0,-338.19,0.0,0.0,143423.0,-387580.0,143423.0,531003.0,531003.0,0.0,-7428359.0,542.85,337243.85,-392.6849037487335,0.2700982856970676,3.3476081242199647,-1.2387739305433716,-3.3097769709543567,-392.6849037487335,0.8610274007946747,0.0,-0.000406669423493559,-0.0014006140667733114,0.0,0.0,0.0,0.0,0.2700982856970676,-2.3268025351582384,-0.0028919301909307877,0.0,-0.03678837487353996,0.6564581414672931,0.0,-1.7664780253580927,0.0,-0.18824350451666197,-0.10407422493124317,0.44656049260944025,0.0,-3.3217295261592255,Drug Manufacturers—Specialty & Generic,Healthcare,SBFM
2014Q3,2014,Q3,2014-11-12,2014-09-30,-280849.0,0.0,-277427.0,-326.19,0.0,0.0,180276.0,-276364.0,180276.0,456640.0,456640.0,0.0,-7094642.0,1119.3,223262.3,-320.9802555168409,0.39478801681850034,2.196631831192172,-1.4328928514567745,-2.3189257414156272,-320.9802555168409,1.0162285970676355,0.0,-0.0009963539126007215,-0.004050093355140322,0.0,0.0,0.0,0.0,0.3807309915907498,-1.5578834675719453,-0.014340072257667768,0.0,0.6715734149558493,0.9429160340984823,0.0,-1.6978413628796174,0.0,0.656826590810227,0.6375933524316374,-0.0841135408349495,0.0,-1.5654739493930407,Drug Manufacturers—Specialty & Generic,Healthcare,SBFM
2014Q2,2014,Q2,2014-08-12,2014-06-30,-818388.0,0.0,-765513.0,-993.19,0.0,0.0,44051.0,-338221.0,44051.0,382272.0,382272.0,0.0,-6813793.0,2472.0,246561.0,-410.4623786407767,0.11523470199229868,6.413021270799755,-0.8352526898093259,13.738321279230451,-410.4623786407767,2.419684171000618,0.0,-0.0007551430372879367,-0.0073088306166678,0.0,0.0,0.0,0.0,0.10048080947597522,-18.578193457583257,-0.013578761761943213,0.0,-0.5514472718184235,-12.256120292657643,0.0,-0.12402804683372434,0.0,-0.6326779782745309,-0.8860899838126705,-22.068011504471674,0.0,-2.1030992816103504,Drug Manufacturers—Specialty & Generic,Healthcare,SBFM
2014Q1,2014,Q1,2014-05-09,2014-03-31,-501255.0,0.0,-405873.0,-640.17,0.0,0.0,71805.0,-113232.0,71805.0,185037.0,185037.0,0.0,-5995404.0,2582.334,64622.334,-144.61302681992336,0.3880575236304091,1.845275398649119,-1.170163911261834,-21.064614905542868,-144.61302681992336,4.4267963119966085,0.0,-0.0012879342849447886,-0.02280569097075032,0.0,0.0,0.0,0.0,0.38078870712344015,-6.980781282640485,-0.028446067415730334,0.0,0.28673455744718784,-11.740291276372359,0.0,0.5017602362280681,0.0,0.26907850127955557,0.4078391036022235,-3.9818358761938932,0.0,-1.348335823451175,Drug Manufacturers—Specialty & Generic,Healthcare,SBFM
2013Q4,2013,Q4,2014-03-19,2013-12-31,-685785.0,0.0,-685410.0,-897.52,0.0,0.0,31240.0,-7710.0,31240.0,38950.0,38950.0,0.0,-5494149.0,2299.64,-16440.36,-10.091623036649215,0.8020539152759949,0.4001280409731114,-1.6212710765239948,-143.09185803757828,-10.091623036649215,88.94747081712062,0.0,-0.0008383239645078268,-0.29826718547341113,0.0,0.0,0.0,0.0,0.8020539152759949,-21.952144686299615,-0.05785694517825244,0.0,-2.5787710833765303,-26.688386087350214,0.0,0.9579530680784887,0.0,-2.851469745813162,-2.857487773169071,0.08796163825272586,0.0,-1.0196977455052323,Drug Manufacturers—Specialty & Generic,Healthcare,SBFM
2013Q3,2013,Q3,2013-11-04,2013-09-30,-178058.0,0.0,-177683.0,-250.79,0.0,0.0,71604.0,48075.0,71604.0,23529.0,23529.0,0.0,-4808364.0,3408.0,-55079.0,67.71126760563381,3.043223256406987,0.17457125300262555,0.26001040041601664,-2.9332728023111847,67.71126760563381,-3.7037545501820075,0.0,-0.004784957710408968,0.07088923556942277,0.0,0.0,0.0,0.0,3.017000297505206,-2.48670465337132,-0.0397921653336447,0.0,-0.1558208129781547,-3.460619050269999,0.0,1.326178290096309,0.0,-0.16402123319910047,-0.16442431828458712,-1.061855951024003,0.0,-0.7006376567034336,Drug Manufacturers—Specialty & Generic,Healthcare,SBFM
2013Q2,2013,Q2,2013-08-06,2013-06-30,-152968.0,0.0,-152593.0,-216.98,0.0,0.0,160817.0,146133.0,160817.0,14684.0,14684.0,0.0,-4630306.0,2820.0,-141312.0,207.2808510638298,10.951852356306183,0.0777281008848567,0.08553851628311196,-0.9619246941052618,207.2808510638298,-1.0467724607036055,0.0,-0.004608807070759897,0.019297489273470057,0.0,0.0,0.0,0.0,10.666848270226096,-0.9511929708923808,-0.028403082036561413,0.0,0.9248220856344977,-3.508289597479001,0.0,2.3693878924036187,0.0,0.9245021156168702,0.8346576139544106,0.9465778549732342,0.0,200.13221809817554,Drug Manufacturers—Specialty & Generic,Healthcare,SBFM
2013Q1,2013,Q1,2013-05-09,2013-03-31,-2026123.0,0.0,-922891.0,-2886.22,0.0,0.0,258955.0,236601.0,258955.0,22354.0,22354.0,0.0,-4479838.0,3636.3599999999997,-239780.64,337.03846153846155,11.584280218305448,0.048270935104554845,0.05283156030616946,-5.0817076838966635,337.03846153846155,-8.563459156977359,0.0,-0.00044868450730779915,0.015369165810795388,0.0,0.0,0.0,0.0,11.448376129551757,-7.824228147747678,-0.010703960014246984,0.0,-8.925785817456497,-22.41797272306981,0.0,4.264632833843861,0.0,-9.733687216244709,-3.9022931418220836,-6.930987878815193,0.0,8.48104848849926,Drug Manufacturers—Specialty & Generic,Healthcare,SBFM
2012Q4,2012,Q4,2013-03-15,2012-12-31,-188763.0,0.0,-188257.0,-290.78,0.0,0.0,134793.0,70426.0,134793.0,64367.0,64367.0,0.0,-3002666.0,4283.4,-65854.6,108.51463790446842,2.094132086317523,0.4636739296551008,0.8874563371482123,,108.51463790446842,-2.680302729105728,0.0,-0.005672986761176713,0.06082128759265044,0.0,0.0,0.0,0.0,2.0606521975546475,-1.4003917117357727,-0.024791494238237725,0.0,0.5045408850040042,-14.024147185175359,0.0,4.421098477721095,0.0,0.4990113620378947,0.4998565378872813,0.7044774286910067,0.0,-0.788191283674389,Drug Manufacturers—Specialty & Generic,Healthcare,SBFM
2012Q3,2012,Q3,2012-11-08,2012-09-30,-376781.0,0.0,-376406.0,-586.89,0.0,0.0,268045.0,253189.0,268045.0,14856.0,14856.0,0.0,-2813903.0,4237.2,-238677.8,394.3753894080997,18.042878298330642,0.046633960715551495,0.0493702333039745,,394.3753894080997,-1.4881412699603853,0.0,-0.0028114474986796045,0.01673532420444806,0.0,0.0,0.0,0.0,17.192716747442113,-1.4056632281892967,-0.026428321940022953,0.0,-2.501939256518885,-6.813574904606536,0.0,9.015611148414948,0.0,-2.6556899880660154,-2.6653877614614574,0.8972933949295615,0.0,-0.14259069054704337,Drug Manufacturers—Specialty & Generic,Healthcare,SBFM
2012Q2,2012,Q2,2012-08-08,2012-06-30,-103067.0,0.0,-102692.0,-167.59,0.0,0.0,108988.0,79595.0,108988.0,29393.0,29393.0,0.0,-2437122.0,3565.77,-47177.23,129.4227642276423,3.707957676997925,0.1146915256725511,0.15704504051762044,,129.4227642276423,-1.294892895282367,0.0,-0.008649155403766482,0.04479891953012123,0.0,0.0,0.0,0.0,2.1516347429660123,-0.945672918119426,-0.1415437440457288,0.0,-1.5942724458204338,-2.482128981119326,0.0,1.8550233435705334,0.0,-1.619836811468951,-1.6113668150031786,-1.236809068296022,0.0,1.3544169318814312,Drug Manufacturers—Specialty & Generic,Healthcare,SBFM
2012Q1,2012,Q1,2012-05-08,2012-03-31,-39341.0,0.0,-39325.0,-64.6,0.0,0.0,84180.0,63662.0,84180.0,20518.0,20518.0,0.0,-2334055.0,3654.0,-22281.0,104.5353037766831,4.102739058387757,0.14849132810643859,0.19634947064182715,,104.5353037766831,-0.6179667619616097,0.0,-0.023220050329173125,0.05739687725801891,0.0,0.0,0.0,0.0,1.873233258602203,-0.46734378712283203,-0.1051299018902667,0.0,0.894240529124783,0.47585831118520394,0.0,2.0125532363500227,0.0,0.8942605414238717,0.8943035457027975,-0.2856137357899914,0.0,1.3601587367670402,Drug Manufacturers—Specialty & Generic,Healthcare,SBFM
2011Q4,2011,Q4,2012-03-19,2011-12-31,-372056.0,0.0,-372056.0,-610.82,0.0,0.0,106437.0,103003.0,106437.0,3434.0,3434.0,0.0,-2294714.0,2679.6000000000004,-58012.4,169.13464696223318,30.995049504950494,0.0,0.0,,169.13464696223318,-3.6120889682824773,0.0,-0.0018005354032726256,0.02601477626865237,0.0,0.0,0.0,0.0,17.673849737914967,-3.4955513590198897,-0.022750698329951354,0.0,-1.030111672427546,-30.557942126382414,0.0,7.449510544227703,0.0,-2.195231920028169,-2.195231920028169,-17.84490875725182,0.0,1.7047025994295533,Drug Manufacturers—Specialty & Generic,Healthcare,SBFM
2011Q3,2011,Q3,2011-11-08,2011-09-30,-116441.0,0.0,-116441.0,-300.88,0.0,0.0,224218.0,219673.0,224218.0,4545.0,4545.0,0.0,-1922658.0,3947.3999999999996,-174525.6,567.6304909560723,49.332893289328936,0.0,0.0,,567.6304909560723,-0.5300651422796612,0.0,-0.008475107565204695,0.01796943638954264,0.0,0.0,0.0,0.0,39.26798679867987,-0.5193204827444718,-0.0333485401459854,0.0,-5.989082462253194,-3.005813953488372,0.0,13.415621324475898,0.0,-6.0613098847786535,-6.0613098847786535,-4.3516407758066,0.0,3.7343860112755456,Drug Manufacturers—Specialty & Generic,Healthcare,SBFM
2011Q2,2011,Q2,2011-08-09,2011-06-30,-16490.0,0.0,-16490.0,-43.05,0.0,0.0,142514.0,142514.0,142514.0,0.0,0.0,0.0,-1804218.0,4213.0,-97028.0,372.09921671018276,0.0,0.0,0.0,,372.09921671018276,-0.11570793044893835,0.0,-0.06387204366282595,0.029562007943079276,0.0,0.0,0.0,0.0,0.0,-0.11570793044893835,-0.2504756242568371,0.0,0.6649805447470817,0.10541375535373243,0.0,3.4582500482829692,0.0,0.6649463589076723,0.6649463589076723,0.10541375535373243,0.0,3.4582500482829692,Drug Manufacturers—Specialty & Generic,Healthcare,SBFM
2011Q1,2011,Q1,2011-05-12,2011-03-31,-49216.0,0.0,-49216.0,-128.5,0.0,0.0,159334.0,159004.0,159334.0,330.0,330.0,0.0,-1787728.0,3064.0,-114997.0,415.15404699738906,482.830303030303,0.0,0.0,,415.15404699738906,-0.3095268043571231,0.0,-0.01556404421326398,0.019269955472818293,0.0,0.0,0.0,0.0,357.76060606060605,-0.308885736879762,-0.06911797879539815,0.0,0.8692763914180205,-0.04262501674856862,0.0,5.0212785411618945,0.0,0.8694352256418011,0.8847257387919344,-0.04262501674856862,0.0,5.0212785411618945,Drug Manufacturers—Specialty & Generic,Healthcare,SBFM
2010Q4,2010,Q4,2011-03-30,2010-12-31,-376947.0,0.0,-426947.0,-982.99,0.0,0.0,207624.0,196220.0,207624.0,11404.0,11404.0,0.0,-1738512.0,4979.0,-157412.0,512.3237597911227,18.206243423360224,0.0,0.0,,512.3237597911227,-1.9210427071654266,0.0,-0.0033021883713094946,0.02537457955356233,0.0,0.0,0.0,0.0,14.239828130480532,-1.815527106692868,-0.020375925387854654,0.0,-1.242453167585433,-49.839254404924525,0.0,24.594312508779403,0.0,-1.249258401585956,-1.2823211931171203,-49.839254404924525,0.0,24.594312508779403,Drug Manufacturers—Specialty & Generic,Healthcare,SBFM
2010Q3,2010,Q3,2010-11-12,2010-09-30,1512274.0,0.0,1512274.0,4054.35,0.0,0.0,108148.0,84367.0,108148.0,23781.0,23781.0,0.0,-1361565.0,5818.8,-102329.2,226.18498659517425,4.54766410159371,0.0,0.0,,226.18498659517425,17.924946957933788,0.0,0.0009619288568076948,0.06897009494233527,0.0,0.0,0.0,0.0,4.54766410159371,13.983374634759773,-0.714576937246715,0.0,1.9982321932867662,54.978084299697,0.0,4.74422475182014,0.0,1.9522776217523268,1.9522776217523268,54.978084299697,0.0,4.74422475182014,Drug Manufacturers—Specialty & Generic,Healthcare,SBFM
2010Q2,2010,Q2,2010-08-04,2010-06-30,-1588060.0,0.0,-1588060.0,-4061.53,0.0,0.0,16291.0,-407.0,16291.0,16698.0,16698.0,0.0,-2873839.0,7741.8,-8549.2,-1.040920716112532,0.9756258234519104,0.0,0.0,,-1.040920716112532,3901.867321867322,0.0,-0.0012187511806858683,-19.021621621621623,0.0,0.0,0.0,0.0,0.9756258234519104,-97.4808176293659,-0.6025215970114406,0.0,-10.160502308199604,-83.38990226282077,0.0,0.9931232228241013,0.0,-10.79407199459335,-44.83278016681578,-83.38990226282077,0.0,0.9931232228241013,Drug Manufacturers—Specialty & Generic,Healthcare,SBFM
2010Q1,2010,Q1,2010-04-30,2010-03-31,-134649.0,0.0,-34649.0,-363.92,0.0,0.0,29141.0,13153.0,29141.0,15988.0,15988.0,0.0,-1285779.0,4144.0,-24997.0,35.54864864864865,1.8226795096322241,0.0,0.0,-4.19031995717124,35.54864864864865,-10.237132213183305,0.0,-0.007694078678638533,0.31506120276742944,0.0,0.0,0.0,0.0,1.8226795096322241,-4.620603273738032,-0.0499421519475511,0.0,0.0,-1.95271825917457,0.0,1.3443324689040395,0.0,0.0,0.0,-1.95271825917457,0.0,1.3443324689040395,Drug Manufacturers—Specialty & Generic,Healthcare,SBFM
2009Q3,2009,Q3,2009-12-22,2009-10-31,-2234253.0,0.0,-32005.0,-5714.2,0.0,0.0,179845.0,179845.0,179845.0,0.0,0.0,0.0,-1133129.0,7898.2,-171946.8,459.9616368286445,0.0,0.0,0.0,-0.3508911853646312,459.9616368286445,-12.423214434652062,0.0,-0.0008837629400072418,0.04391670605243404,0.0,0.0,0.0,0.0,0.0,-12.423214434652062,-0.01683494793831463,0.0,-75.49531459170014,-75.07665445905657,0.0,10.681248428250795,0.0,-253.87713894592744,-5.165478713157388,-75.07665445905657,0.0,10.681248428250795,Drug Manufacturers—Specialty & Generic,Healthcare,SBFM
2009Q2,2009,Q2,2009-10-30,2009-07-31,-8766.0,0.0,-5191.0,-74.7,0.0,0.0,637.0,-42725.0,637.0,43362.0,43362.0,0.0,-69242.0,2363.4,32726.4,-365.1709401709402,0.014690281813569486,48.665620094191524,-0.7255705090696314,,-365.1709401709402,0.20517261556465768,0.0,-0.06740246406570842,-0.055316559391456986,0.0,0.0,0.0,0.0,0.014690281813569486,-13.76138147566719,-1.5766511007338226,0.0,-0.48656716417910456,-0.5567394778902502,0.0,-1.412478825522304,0.0,-0.4910699098486137,-1.1016194331983806,-0.5567394778902502,0.0,-1.412478825522304,Drug Manufacturers—Specialty & Generic,Healthcare,SBFM
2009Q1,2009,Q1,2009-06-15,2009-04-30,-5879.0,0.0,-2470.0,-50.25,0.0,0.0,636.0,-33959.0,636.0,34595.0,34595.0,0.0,-60476.0,2363.4,28227.4,-290.2478632478632,0.01838415956063015,41.666666666666664,-0.7803527783503637,,-290.2478632478632,0.1731205276951618,0.0,-0.10050178601803027,-0.06959568891899055,0.0,0.0,0.0,0.0,0.01838415956063015,-9.2437106918239,-1.2264660093409445,0.0,-0.5499691548426896,0.5923023578363384,0.0,-1.811408229158043,0.0,-0.5499604534669127,0.2633462570832091,0.5923023578363384,0.0,-1.811408229158043,Drug Manufacturers—Specialty & Generic,Healthcare,SBFM
2008Q4,2008,Q4,2009-03-16,2009-01-31,-3793.0,0.0,-3353.0,-32.42,0.0,0.0,1230.0,-28081.0,1230.0,29311.0,29311.0,0.0,-54598.0,2363.4,23300.4,-240.008547008547,0.04196376786871823,17.88617886178862,-0.7834478829101528,,-240.008547008547,0.13507353726719135,0.0,-0.15577379383074083,-0.08416366938499341,0.0,0.0,0.0,0.0,0.036266248166217464,-3.0837398373983738,-2.594291986827662,0.0,0.423336890786197,-0.6746136865342166,0.0,-12.990179333902645,0.0,0.4233809668592277,0.2770590771884433,-0.6746136865342166,0.0,-12.990179333902645,Drug Manufacturers—Specialty & Generic,Healthcare,SBFM
2008Q3,2008,Q3,2008-12-09,2008-10-31,-6578.0,0.0,-4638.0,-56.22,0.0,0.0,2391.0,-24288.0,2391.0,26679.0,26679.0,0.0,-50805.0,2363.4,22389.4,-207.5897435897436,0.08962105026425278,9.20117105813467,-0.9057971014492754,,-207.5897435897436,0.2708333333333333,0.0,-0.08982213438735177,-0.09730731225296442,0.0,0.0,0.0,0.0,0.07399077926459012,-2.7511501463822667,-0.40139266304347826,0.0,-0.17173822426010843,0.25147928994082847,0.0,-6.271977425656609,0.0,-0.1681761676434026,-0.09309450860240395,0.25147928994082847,0.0,-6.271977425656609,Drug Manufacturers—Specialty & Generic,Healthcare,SBFM
2008Q2,2008,Q2,2008-10-28,2008-07-31,-5631.0,0.0,-4243.0,-47.98,0.0,0.0,5029.0,-17710.0,5029.0,22739.0,22739.0,0.0,-44227.0,2363.4,15001.4,-151.36752136752136,0.22116188046967764,3.380393716444621,-0.9599096555618295,,-151.36752136752136,0.31795595708639185,0.0,-0.10492807671816728,-0.13345002823263694,0.0,0.0,0.0,0.0,0.19182901622762655,-1.11970570689998,-0.336235595390525,0.0,0.6107099391480731,0.0,0.0,0.0,0.0,0.609500693481276,0.6064737525505473,0.0,0.0,0.0,Drug Manufacturers—Specialty & Generic,Healthcare,SBFM
2008Q1,2008,Q1,2008-06-04,2008-04-30,-14420.0,0.0,-10782.0,-123.25,0.0,0.0,5291.0,-12079.0,5291.0,17370.0,17370.0,0.0,-38596.0,2363.4,11472.4,-103.23931623931624,0.3046056419113414,2.5515025515025513,-1.117642188922924,,-103.23931623931624,1.193807434390264,0.0,-0.04097434119278779,-0.19566189254077324,0.0,0.0,0.0,0.0,0.25279217040875074,-2.725382725382725,-0.2253217656592621,0.0,-5.366219008264463,0.0,0.0,0.0,0.0,-5.36644591611479,-3.7602649006622517,0.0,0.0,0.0,Drug Manufacturers—Specialty & Generic,Healthcare,SBFM
2007Q4,2007,Q4,2008-04-02,2008-01-31,-2265.0,0.0,-2265.0,-19.36,0.0,0.0,4880.0,2342.0,4880.0,2538.0,2538.0,0.0,-24175.0,2363.4,-2516.6,20.017094017094017,1.9227738376674548,0.0,0.0,,20.017094017094017,-0.9671221178479932,0.0,-0.2608609271523179,1.0091374893253628,0.0,0.0,0.0,0.0,1.9227738376674548,-0.4641393442622951,-0.7838805970149254,0.0,0.7422447077619492,0.0,0.0,0.0,0.0,0.7422621756941283,0.7422621756941283,0.0,0.0,0.0,Drug Manufacturers—Specialty & Generic,Healthcare,SBFM
2007Q3,2007,Q3,2007-12-14,2007-10-31,-8788.0,0.0,-8788.0,-75.11,0.0,0.0,7895.0,4607.0,7895.0,3288.0,3288.0,0.0,-21910.0,2363.4,-5531.6,39.376068376068375,2.401155717761557,0.0,0.0,,39.376068376068375,-1.9075320164966356,0.0,-0.06723372781065089,0.5130019535489473,0.0,0.0,0.0,0.0,2.401155717761557,-1.1131095630145662,-0.33762857142857144,0.0,0.0,0.0,0.0,0.0,0.0,0.0,0.0,0.0,0.0,0.0,Drug Manufacturers—Specialty & Generic,Healthcare,SBFM
