Quarters,Year,Quarter,FillingDate,Date,NetIncome,Revenue,OperatingIncome,EPSDiluted,GrossProfit,GrossProfitRatio,TotalAssets,CommonStockEquity,CurrentAssets,CurrentLiability,TotalLiability,Inventory,RetainedEarnings,MarketCap,EnterpriseValue,bookValuePerShare,currentRatio,debtToAssets,debtToEquity,roic,shareholdersEquityPerShare,roe,priceToSalesRatio,peRatio,pbRatio,payoutRatio,inventoryTurnover,dividendYield,assetTurnover,quickRatio,returnOnAssets,priceToFreeCashFlowsRatio,grossProfitMargin,epsdilutedGrowth,fiveYNetIncomeGrowthPerShare,fiveYRevenueGrowthPerShare,fiveYShareholdersEquityGrowthPerShare,grossProfitGrowth,netIncomeGrowth,operatingIncomeGrowth,threeYNetIncomeGrowthPerShare,threeYRevenueGrowthPerShare,threeYShareholdersEquityGrowthPerShare,Industry,Sector,Symbol
2023Q1,2023,Q1,2023-05-15,2023-03-31,2464000.0,11792000.0,6235000.0,0.27,11792000.0,1.0,1167583000.0,112789000.0,167875000.0,0.0,115000000.0,0.0,67914000.0,111320000.0,58445000.0,12.816931818181818,0.0,0.09849406851589994,1.0196029754674658,0.01832722006082288,12.816931818181818,0.021846102013494222,9.440298507462687,11.294642857142856,0.9869756802525069,0.2857142857142857,0.0,0.006324110671936759,0.010099496138604279,0.0,0.0021103424767232822,5.8124477861319965,1.0,-0.28947368421052627,0.27272734288864403,0.23880588631012464,0.4737130223380841,-0.08624564122433165,-0.27014218009478674,0.0524983119513842,0.4736841551939927,0.1972914947413152,0.2962462969065482,Banks—Regional,Financial Services,CWBC
2022Q4,2022,Q4,2023-03-31,2022-12-31,3376000.0,12905000.0,5924000.0,0.38,12905000.0,1.0,1091502000.0,112650000.0,91378000.0,0.0,978852000.0,0.0,67727000.0,132996638.67,158306638.67000002,12.679797902143477,0.0,0.0824551856066228,0.7989347536617842,0.020616144627656808,12.679797902143477,0.029968930315135374,10.30582244633863,9.848684735633887,1.1806181861517977,0.19490521327014218,0.0,0.004947493459836025,0.011823157447260747,0.0,0.0030929856289773176,-15.55880190336921,1.0,-0.025641025641025664,6.599999594786752,0.40033718649450134,0.6250119189560215,0.008597108245408363,-0.029327199539965498,0.05446778212887148,0.1874999366854299,0.17523944578358247,0.31423867134810995,Banks—Regional,Financial Services,CWBC
2022Q3,2022,Q3,2022-11-14,2022-09-30,3478000.0,12795000.0,5618000.0,0.39,12795000.0,1.0,1088278000.0,109821000.0,108410000.0,0.0,978457000.0,0.0,65009000.0,122034600.0,180739600.0,12.553840877914952,0.0,0.10107711448729093,1.0016299250598701,0.018188621868145044,12.553840877914952,0.0316697170850748,9.53767878077374,8.771894767107533,1.1112137022973747,0.18861414606095459,0.0,0.00537552464628884,0.011757106180589887,0.0,0.003195874583516344,20.704886325076348,1.0,0.3000000000000001,1.0925082685566223,0.3208227542815634,0.47173693757560803,0.06085730868087223,0.3199240986717268,0.2788527202367403,0.5903063557384545,0.3342439551486077,0.3589111639292832,Banks—Regional,Financial Services,CWBC
2022Q2,2022,Q2,2022-08-11,2022-06-30,2635000.0,12061000.0,4393000.0,0.3,12061000.0,1.0,1106828000.0,107142000.0,60042000.0,0.0,999686000.0,0.0,62187000.0,124711650.0,112435650.0,12.293975903614458,0.0,0.08131344707578775,0.8400067200537604,0.015882293379479592,12.293975903614458,0.024593530081573986,10.340075449796865,11.83222485768501,1.1639847118776951,0.24819734345351044,0.0,0.005244097083151413,0.010896905390900845,0.0,0.002380677033830008,49.824870155813024,1.0,-0.33333333333333337,0.5913277782448192,0.3060274008687434,0.47591761491845186,0.002826972644882348,-0.3345959595959596,-0.28030799475753604,0.5913276262373183,0.252287010676001,0.313573469857536,Banks—Regional,Financial Services,CWBC
2022Q1,2022,Q1,2022-05-13,2022-03-31,3960000.0,12027000.0,6104000.0,0.45,12027000.0,1.0,1136603000.0,104828000.0,212003000.0,0.0,1031775000.0,0.0,60206000.0,121354620.0,18166620.0,12.10205495266682,0.0,0.07918332082530136,0.8585492425687793,0.023233630678099703,12.10205495266682,0.03777616667302629,10.090182090296832,7.661276515151515,1.1576546342580227,0.15303030303030302,0.0,0.004993629414356042,0.010581531106287772,0.0,0.00348406611631326,21.039289181692094,1.0,0.3636363636363636,1.6892309916367492,0.3329110341888918,0.4501433198184277,0.03138667352714176,0.3683483068417415,0.25881625077335535,1.5398291724071493,0.3195639823915085,0.3279112091065389,Banks—Regional,Financial Services,CWBC
2021Q4,2021,Q4,2022-03-29,2021-12-31,2894000.0,11661000.0,4849000.0,0.33,11661000.0,1.0,1157052000.0,101375000.0,21332000.0,0.0,1055677000.0,0.0,56852000.0,114142768.65,-4232231.349999994,11.909985766759304,0.0,0.07778388525321248,0.8877928483353884,0.01819986806949421,11.909985766759304,0.02854747225647349,9.788420259840494,9.860294458362128,1.1259459299630086,1.389426399447132,0.0,0.035227812042388194,0.010078198732641229,0.0,0.002501184043586632,21.899993985034538,1.0,-0.19512195121951212,1.124999926572221,0.386877051468525,0.5266641789612032,-0.025733143955217645,-0.20385144429160934,0.0,1.124999926572221,0.3175180819577374,0.3284190832216497,Banks—Regional,Financial Services,CWBC
2021Q3,2021,Q3,2021-11-10,2021-09-30,3635000.0,11969000.0,0.0,0.41,11969000.0,1.0,1135590000.0,98767000.0,0.0,0.0,1036823000.0,0.0,54561000.0,112893581.0042,15958581.004199997,11.411867824903792,0.0,0.07925395609330832,0.9112355341358956,0.0,11.411867824903792,0.036803790739822005,9.432164842860724,7.764345323535077,1.143029362076402,0.16533700137551582,0.0,0.005323597627553695,0.01053989556089786,0.0,0.0032009792266575084,13.9979641666708,1.0,0.0,1.3333333706775194,0.39442494657401145,0.46225495279155415,0.035559785430005195,0.023655308363841172,0.0,0.44827593172022756,0.21881262372387206,0.23381235700375924,Banks—Regional,Financial Services,CWBC
2021Q2,2021,Q2,2021-08-06,2021-06-30,3551000.0,11558000.0,0.0,0.41,11558000.0,1.0,1063028000.0,95457000.0,0.0,0.0,967571000.0,0.0,51527000.0,113293810.8,91013810.8,11.290323725256844,0.0,0.08466380941988358,0.9428328985826079,0.0,11.290323725256844,0.03719999580963156,9.802198546461325,7.976190566037736,1.1868570225337063,0.16840326668544073,0.0,0.005278311284414841,0.01087271454750016,0.0,0.0033404576361111844,43.15954697142857,1.0,0.17142857142857143,1.9999998595400372,0.4524850608547906,0.43467238722885876,0.0565865252765335,0.17543859649122806,0.0,0.8260868674858719,0.2331148196630874,0.2477939793389388,Banks—Regional,Financial Services,CWBC
2021Q1,2021,Q1,2021-05-07,2021-03-31,3021000.0,10939000.0,0.0,0.35,10939000.0,1.0,1018022000.0,91791000.0,0.0,0.0,926231000.0,0.0,48574000.0,107749004.28,139014004.28,10.938351104732826,0.0,0.10314118948313494,1.1439029970258523,0.0,10.938351104732826,0.032911723371572374,9.84998667885547,8.916667020854021,1.1738515135470797,0.16881827209533268,0.0,0.004733222394099325,0.010745347350057268,0.0,0.0029675193659861967,17.3202064426941,1.0,0.12903225806451607,1.2499999106256243,0.4678952614502464,0.404761493955322,0.016352318126916288,0.14998096688237533,0.0,0.6363636615715641,0.20511319735545733,0.2577105577704229,Banks—Regional,Financial Services,CWBC
2020Q4,2020,Q4,2021-03-15,2020-12-31,2627000.0,10763000.0,0.0,0.31,10763000.0,1.0,975435000.0,89007000.0,0.0,0.0,886428000.0,0.0,46063000.0,76945681.52,121405681.52,10.503299782846605,0.0,0.1076442817819742,1.1796824968822677,0.0,10.503299782846605,0.02951453256485445,7.149092401746724,7.3225810354015985,0.8644902257125844,0.16102017510468214,0.0,0.005497384539898478,0.011034051474470365,0.0,0.0026931574118213924,16.604592473025463,1.0,-0.060606060606060656,0.37559536699330753,0.3245387954960887,0.39271408393357,-0.01293103448275862,-0.08146853146853147,0.0,5.199999669585096,0.22441436346496438,0.34607723776170285,Banks—Regional,Financial Services,CWBC
2020Q3,2020,Q3,2020-11-06,2020-09-30,2860000.0,10904000.0,0.0,0.33,10904000.0,1.0,1042099000.0,86717000.0,0.0,0.0,955382000.0,0.0,43859000.0,67546472.94999999,128085472.94999999,10.309013625558965,0.0,0.1824231670887315,2.192222978193434,0.0,10.309013625558965,0.0329808457395897,6.1946508574834915,5.904411971153846,0.7789300016144469,0.1332167832167832,0.0,0.005640560985057326,0.010463497230109616,0.0,0.0027444609389319055,24.437942456584654,1.0,1.357142857142857,0.7404845148824272,0.4410970817651223,0.27383760420867165,0.15741428723065493,1.4655172413793103,0.0,0.7894735410345987,0.17060867380327555,0.20856686732397758,Banks—Regional,Financial Services,CWBC
2020Q2,2020,Q2,2020-08-07,2020-06-30,1160000.0,9421000.0,0.0,0.14,9421000.0,1.0,1060847000.0,84093000.0,0.0,0.0,976754000.0,0.0,41380000.0,69764883.30860001,132365883.30860001,10.149155522384673,0.0,0.19805212250211388,2.49846003829094,0.0,10.149155522384673,0.01379425160239259,7.4052524475745685,15.035535195818966,0.8296158218710238,0.3293103448275862,0.0,0.005475534135279065,0.008880639715246403,0.0,0.0010934658815078895,18.9167254090564,1.0,-0.26315789473684204,1.4881180270793075,0.20858291251305758,0.28389883425785345,0.0008498884521406565,-0.27409261576971217,0.0,-0.26315784091555716,0.07300915613232618,0.2184274257142855,Banks—Regional,Financial Services,CWBC
2020Q1,2020,Q1,2020-05-08,2020-03-31,1598000.0,9413000.0,0.0,0.19,9413000.0,1.0,925208000.0,83161000.0,0.0,0.0,842047000.0,0.0,40602000.0,51220103.339999996,76557103.34,9.887728781767038,0.0,0.12429637443688338,1.3828597539712124,0.0,9.887728781767038,0.019215738146486933,5.441421793264634,8.013157593867334,0.615914952201152,0.29161451814768463,0.0,0.009097990234550745,0.01017392845716855,0.0,0.0017271791856533882,11.590881045485403,1.0,-0.40625,-0.11494346959369992,0.377069765021591,0.20771408390248186,-0.10369453437440487,-0.4122839279146745,0.0,0.11764715848339773,0.07440230793083714,0.18480901773596697,Banks—Regional,Financial Services,CWBC
2019Q4,2019,Q4,2020-03-10,2019-12-31,2719000.0,10502000.0,0.0,0.32,10502000.0,1.0,913870000.0,81978000.0,0.0,0.0,831892000.0,0.0,39470000.0,94315312.5,76654312.5,9.648017653549099,0.0,0.0711260901441124,0.792895654931811,0.0,9.648017653549099,0.033167435165532215,8.980700104741954,8.671875,1.1504954073043987,0.17138653916881205,0.0,0.004940873201263051,0.011491787672207206,0.0,0.0029752590631052555,20.73775560686016,1.0,0.28,0.19568161024702643,0.4962969945151,0.17607127903337014,0.11191106405505559,0.26230269266480966,0.0,1.0,0.2512225882065077,0.2367170908606848,Banks—Regional,Financial Services,CWBC
2019Q3,2019,Q3,2019-11-06,2019-09-30,2154000.0,9445000.0,0.0,0.25,9445000.0,1.0,903252000.0,79596000.0,0.0,0.0,823656000.0,0.0,37217000.0,85212240.0,73869240.0,9.23816155988858,0.0,0.04981998379189861,0.5653550429669832,0.0,9.23816155988858,0.0270616613900196,9.021941768131287,9.89,1.0705593245891754,0.21587743732590528,0.0,0.0054569625208772815,0.010456661042544052,0.0,0.0023847165575055468,21.589115784139853,1.0,0.38888888888888895,0.18052146612149528,0.37995082651340406,0.13579778115747204,0.027747551686615888,0.3632911392405063,0.0,0.38888892640108047,0.10532165433780301,0.1837280016647502,Banks—Regional,Financial Services,CWBC
2019Q2,2019,Q2,2019-08-02,2019-06-30,1580000.0,9190000.0,0.0,0.18,9190000.0,1.0,905567000.0,77829000.0,0.0,0.0,827738000.0,0.0,35528000.0,79914732.28999999,68739732.28999999,9.359184077421878,0.0,0.050796904039126865,0.5910393298127947,0.0,9.359184077421878,0.02030091611096121,8.695835940152339,12.644736121835443,1.0267989090184892,0.2949367088607595,0.0,0.0058312151795609805,0.010148338002599476,0.0,0.001744763225691749,-203.345374783715,1.0,0.0,-0.10844076398637532,0.27200998466767834,0.1655682950400512,0.04112382462897927,0.046357615894039736,0.0,0.3571428861944963,0.1742009328094093,0.1892805989992736,Banks—Regional,Financial Services,CWBC
2019Q1,2019,Q1,2019-05-03,2019-03-31,1510000.0,8827000.0,0.0,0.18,8827000.0,1.0,882394000.0,76453000.0,0.0,0.0,805941000.0,0.0,34414000.0,84560001.12,83911001.12,9.113602528296655,0.0,0.05978055154500144,0.6899663845761448,0.0,9.113602528296655,0.019750696506350307,9.579698778747026,14.000000185430462,1.1060390190051406,0.280794701986755,0.0,0.005014191040493212,0.010003467838629909,0.0,0.001711253702994354,22.915989463414636,1.0,0.12499999999999993,-0.027184520513267186,0.3478535499010738,0.007994938160394949,-0.0005661231884057971,0.1111111111111111,0.0,0.12499998509933798,0.1848799936248064,0.17041753189158704,Banks—Regional,Financial Services,CWBC
2018Q4,2018,Q4,2019-03-08,2018-12-31,1359000.0,8832000.0,0.0,0.16,8832000.0,1.0,877291000.0,76151000.0,0.0,0.0,801140000.0,0.0,33328000.0,85192312.5,103285312.5,8.965533480500367,0.0,0.08549044729741899,0.9848852936927945,0.0,8.965533480500367,0.01784612152171344,9.64586871603261,15.671874999999998,1.118728742892411,0.31567328918322296,0.0,0.005035665630041443,0.01006735507374406,0.0,0.001549086905029232,16.159391597116844,1.0,-0.40740740740740744,-0.6024544897959184,0.3521681622884965,0.034082370217937225,-0.04714640198511166,-0.4263402279442803,0.0,-0.2900152566180443,0.08439955666024254,0.18880970803698682,Banks—Regional,Financial Services,CWBC
2018Q3,2018,Q3,2018-11-02,2018-09-30,2369000.0,9269000.0,0.0,0.27,9269000.0,1.0,854709000.0,75557000.0,0.0,0.0,779152000.0,0.0,32398000.0,98027592.0,100283592.0,9.249273408654167,0.0,0.05849944250031297,0.66175205474013,0.0,9.249273408654167,0.031353812353587356,10.575854137447406,10.34482819755171,1.2973992085445425,0.17433516251582945,0.0,0.004213099511819081,0.010844626650708018,0.0,0.0027717035856648286,28.096185726569217,1.0,0.28571428571428586,-0.1294497668166347,0.49188191581120483,0.13169398376522812,0.03000333370374486,0.2688805570433851,0.0,0.4845308739285096,0.2614217669072837,0.14289035862169233,Banks—Regional,Financial Services,CWBC
2018Q2,2018,Q2,2018-08-03,2018-06-30,1867000.0,8999000.0,0.0,0.21,8999000.0,1.0,865127000.0,73448000.0,0.0,0.0,791679000.0,0.0,30442000.0,95785213.80000001,123275213.80000001,9.04822744155111,0.0,0.094602295385533,1.1142985513560615,0.0,9.04822744155111,0.025419344298006755,10.643984198244251,12.826086475629353,1.3041228324801222,0.22013926084627744,0.0,0.004290850160424239,0.010401940986699063,0.0,0.002158064654091249,76.93591469879519,1.0,0.0,-0.3278143727279251,0.09387758426894789,-0.09448748261934939,0.008969615427738536,0.029217199558985666,0.0,1.801908189758759,0.17838490514520894,0.14462810612028393,Banks—Regional,Financial Services,CWBC
2018Q1,2018,Q1,2018-05-04,2018-03-31,1814000.0,8919000.0,0.0,0.21,8919000.0,1.0,865689000.0,71711000.0,0.0,0.0,793978000.0,0.0,28986000.0,93585914.25,101630914.25,8.697033699171241,0.0,0.08876513389912544,1.0715650318640098,0.0,8.697033699171241,0.025295979696280904,10.492870753447695,12.897727983737596,1.305042660819121,0.18081587651598677,0.0,0.0035048009374979206,0.01030277617019507,0.0,0.0020954407414209954,19.698150757735213,1.0,3.1999999999999993,0.19336215643599527,-0.014090614396034805,-0.04984979218007209,-0.04251207729468599,3.0400890868596884,0.0,0.024802203392948165,0.3309219269507254,0.06227934832032486,Banks—Regional,Financial Services,CWBC
2017Q4,2017,Q4,2018-03-02,2017-12-31,449000.0,9315000.0,0.0,0.05,9315000.0,1.0,833315000.0,70070000.0,0.0,0.0,763245000.0,0.0,27441000.0,95637000.0,106623000.0,7.802895322939866,0.0,0.06821310068821514,0.8112316255173398,0.0,7.802895322939866,0.006407877836449265,10.266988727858292,53.25,1.3648779791636936,0.7305122494432071,0.0,0.0034296349739117707,0.01117824592141027,0.0,0.000538811853860785,21.060779563972694,1.0,-0.7222222222222223,-0.8732540951972556,0.04160957753730902,-0.13049705562798375,0.02848625372639947,-0.711068211068211,0.0,-0.8131747483989021,0.25577415748251386,-0.04884491175887857,Banks—Regional,Financial Services,CWBC
2017Q3,2017,Q3,2017-11-06,2017-09-30,1554000.0,9057000.0,0.0,0.18,9057000.0,1.0,829150000.0,69766000.0,0.0,0.0,759384000.0,0.0,27320000.0,85061048.8,89346048.8,8.529948904180452,0.0,0.06734969547126575,0.8004328756127627,0.0,8.529948904180452,0.022274460338847002,9.39174658275367,13.68420990990991,1.2192335636269818,0.2097812097812098,0.0,0.003832541505178337,0.010923234637882168,0.0,0.0018742085268045588,21.76030923509849,1.0,0.0,0.8597064459239048,-0.07282562469767223,0.0072165277602723515,0.0436736575247753,-0.0012853470437017994,0.0,-0.10280364533341337,0.39397284208607947,0.04872565563484441,Banks—Regional,Financial Services,CWBC
2017Q2,2017,Q2,2017-08-04,2017-06-30,1556000.0,8678000.0,0.0,0.18,8678000.0,1.0,784972000.0,68216000.0,0.0,0.0,716756000.0,0.0,26092000.0,82713687.39999999,86523687.39999999,8.329716902453075,0.0,0.053250307017320364,0.6127594699190806,0.0,8.329716902453075,0.022809897971150465,9.531422839363907,13.289474196658098,1.212526202064032,0.2101542416452442,0.0,0.003953396472564951,0.011055171394648471,0.0,0.0019822363090658012,369.25753303571423,1.0,0.12499999999999993,2.972564492465021,-0.08037804407482595,0.014505550327880534,0.04440967625466362,0.14749262536873156,0.0,-0.10844084915028264,0.2196693424578482,0.0373611468525546,Banks—Regional,Financial Services,CWBC
2017Q1,2017,Q1,2017-05-03,2017-03-31,1356000.0,8309000.0,0.0,0.16,8309000.0,1.0,748300000.0,66567000.0,0.0,0.0,681733000.0,0.0,24863000.0,81360004.19999999,88198004.19999999,8.345419923171537,0.0,0.04944540959508219,0.5558309672961077,0.0,8.345419923171537,0.020370453828473568,9.791792538211576,15.000000774336282,1.2222272928027402,0.20870206489675516,0.0,0.0034783675687175054,0.011103835360149673,0.0,0.0018121074435386876,25.157700742115026,1.0,0.0,0.2433454791610422,-0.2585889337751878,-0.021931807086724577,0.004351504895443007,0.011940298507462687,0.0,-0.08122986018919247,0.33435687181500495,-0.07696862867772414,Banks—Regional,Financial Services,CWBC
2016Q4,2016,Q4,2017-03-03,2016-12-31,1340000.0,8273000.0,0.0,0.16,8273000.0,1.0,710572000.0,65336000.0,0.0,0.0,645236000.0,0.0,23790000.0,77374950.0,72274950.0,7.801313432835821,0.0,0.04081219074210636,0.4438594343088037,0.0,7.801313432835821,0.02050936696461369,9.352707603046053,14.435624999999998,1.1842621219542058,0.21119402985074626,0.0,0.003657514479815496,0.011642732896877445,0.0,0.0018858046756697422,28.457134976094153,1.0,-0.11111111111111106,1.1120542499707704,-0.2711200832496792,-0.076959122532166,0.013848039215686274,-0.09520594193112762,0.0,-0.6024544897959184,0.28454501556303924,-0.10019847642243516,Banks—Regional,Financial Services,CWBC
2016Q3,2016,Q3,2016-11-02,2016-09-30,1481000.0,8160000.0,0.0,0.18,8160000.0,1.0,664536000.0,64212000.0,0.0,0.0,600324000.0,0.0,22733000.0,68208279.61999999,56066279.61999999,7.804294184894148,0.0,0.008276451539119024,0.08565377188064537,0.0,7.804294184894148,0.023064224755497416,8.358857796568627,11.513889199864956,1.0622357132623184,0.19108710330857528,0.0,0.0041490564133363494,0.012279244465311135,0.0,0.002228622678079141,-42.65683528455284,1.0,0.3846153846153845,1.4672041486297613,-0.21653395405540582,-0.21285328068274423,0.07893692978976596,0.3164444444444444,0.0,-0.4596584586167351,0.30399597092946923,-0.045106314154920286,Banks—Regional,Financial Services,CWBC
2016Q2,2016,Q2,2016-08-01,2016-06-30,1125000.0,7563000.0,0.0,0.13,7563000.0,1.0,642624000.0,63238000.0,0.0,0.0,579386000.0,0.0,21535000.0,59142855.04,42492855.04,7.86961805758642,0.0,0.016339259037944427,0.16603940668585343,0.0,7.86961805758642,0.017789936430627155,7.820025788708184,13.142856675555556,0.9352423390999083,0.25244444444444447,0.0,0.004801932537885137,0.011768934867045115,0.0,0.0017506348969226172,37.62268132315521,1.0,-0.13333333333333328,4.816742217154354,-0.2822063879805591,-0.2332473754494295,0.06206993399803398,-0.12314886983632112,0.0,-0.5908435320185362,-0.07133181854174767,-0.21243826990629772,Banks—Regional,Financial Services,CWBC
2016Q1,2016,Q1,2016-05-06,2016-03-31,1283000.0,7121000.0,0.0,0.15,7121000.0,1.0,622755000.0,62439000.0,0.0,0.0,560316000.0,0.0,20694000.0,54527500.0,36110500.0,7.786625097427903,0.0,0.01686056314280897,0.16816412818911258,0.0,7.786625097427903,0.020548054901583946,7.657281280719,10.625,0.8732923333173177,0.19173811379579112,0.0,0.004511485030489202,0.011434673346661208,0.0,0.00206020023925942,15.308113419427288,1.0,-0.2857142857142857,0.6026890756302522,-0.3220519866406839,-0.25440152979981195,-0.09586084306754698,-0.30686115613182063,0.0,-0.132100202020202,-0.19058774614879415,-0.1493118561513676,Banks—Regional,Financial Services,CWBC
2015Q4,2015,Q4,2016-03-04,2015-12-31,1851000.0,7876000.0,0.0,0.21,7876000.0,1.0,621213000.0,61944000.0,0.0,0.0,559269000.0,0.0,19657000.0,57249042.919999994,32251042.919999994,7.54160520383421,0.0,0.016902415113656668,0.16950794265788455,0.0,7.54160520383421,0.029881828748547074,7.2687967140680545,7.732177595894111,0.924206427095441,0.19070772555375473,0.0,0.006166041945771624,0.01267842108906285,0.0,0.0029796543214646184,10.587949495098945,1.0,0.23529411764705868,0.2706976848941786,-0.34029739303734446,-0.27082237735875064,0.07507507507507508,0.16341923318667503,0.0,-0.42873857621672073,-0.037127691392622016,-0.15961349491043267,Banks—Regional,Financial Services,CWBC
2015Q3,2015,Q3,2015-11-06,2015-09-30,1591000.0,7326000.0,0.0,0.17,7326000.0,1.0,601037000.0,65912000.0,0.0,0.0,535125000.0,0.0,18096000.0,56603885.800000004,37932885.800000004,8.092879022803766,0.0,0.008318955405407653,0.0758587207185338,0.0,8.092879022803766,0.024138244932637457,7.726438138138139,8.894388089252043,0.8587796728971964,0.23318667504714016,0.0,0.006554320339611738,0.012188933460003295,0.0,0.0026470916100007156,24.664002527233116,1.0,1.5862068965517242,0.1057251724502598,-0.36134974881799486,-0.21244152183402523,-0.04634209841187191,1.67933390264731,0.0,0.9120511849524404,-0.24685270715582788,-0.044392692090161966,Banks—Regional,Financial Services,CWBC
2015Q2,2015,Q2,2015-08-07,2015-06-30,-2342000.0,7682000.0,0.0,-0.29,7682000.0,1.0,587274000.0,64548000.0,0.0,0.0,522726000.0,0.0,16876000.0,53892412.199999996,50626412.199999996,7.904949558001043,0.0,0.0340556537493572,0.3098469356138068,0.0,7.904949558001043,-0.03628307616037677,7.015414241083051,-5.75281940649018,0.8349199386503067,-0.16438941076003416,0.0,0.00714386282379099,0.013080776605128101,0.0,-0.003987917054049728,-8.37619089213553,1.0,-2.526315789473684,-26.363160818685415,-0.31837993175728246,-0.21929845996834021,0.14639606028950902,-2.3231638418079097,0.0,-1.9776992426568984,-0.18353737366995146,-0.03722836015084345,Banks—Regional,Financial Services,CWBC
2015Q1,2015,Q1,2015-05-08,2015-03-31,1770000.0,6701000.0,0.0,0.19,6701000.0,1.0,572271000.0,67503000.0,0.0,0.0,504768000.0,0.0,19490000.0,54417000.0,23992000.0,8.187143723468768,0.0,0.008737119301869219,0.07407078203931677,0.0,8.187143723468768,0.026221056841918135,8.120728249514999,7.686016949152543,0.8061419492467001,0.1790960451977401,0.0,0.005825385449400004,0.011709487288365128,0.0,0.0030929402328617036,10.12786152987158,1.0,-0.2083333333333333,23.8981557450148,-0.4089835909522174,-0.19532492897680762,-0.006817844968133985,-0.19030192131747484,0.0,0.5700935409849903,-0.42154436840394105,-0.04048149278853607,Banks—Regional,Financial Services,CWBC
2014Q4,2014,Q4,2015-03-09,2014-12-31,2186000.0,6747000.0,0.0,0.24,6747000.0,1.0,557318000.0,67007000.0,0.0,0.0,490311000.0,0.0,18005000.0,53582080.0,44645080.0,8.203599412340843,0.0,0.017943077381315516,0.14923813929887922,0.0,8.203599412340843,0.032623457250735,7.941615532829406,6.12786825251601,0.799648991896369,0.15187557182067704,0.0,0.006196101383148993,0.012106194309173578,0.0,0.0039223567155555715,36.902258953168044,1.0,0.3333333333333333,15.319898118884865,-0.3952273787775686,-0.19537880305775301,0.05060728744939271,0.27686915887850466,0.0,1.1874315854830622,-0.3905013381226324,-0.029361188323753694,Banks—Regional,Financial Services,CWBC
2014Q3,2014,Q3,2014-11-07,2014-09-30,1712000.0,6422000.0,0.0,0.18,6422000.0,1.0,572143000.0,65754000.0,0.0,0.0,506389000.0,0.0,16127000.0,48909476.55,37589476.55,8.13363233591998,0.0,0.03146066630195598,0.2737476047084588,0.0,8.13363233591998,0.02603643884782675,7.615925965431329,7.142154870035046,0.743825114061502,0.19801401869158877,0.0,0.006931172114537791,0.011224466610620073,0.0,0.002992258928274924,5.7063909170458516,1.0,0.0,17.15397689522762,-0.40347786366528254,-0.20246609530258802,-0.07663551401869159,0.0035169988276670576,0.0,1.5496678264838415,-0.3724544604180036,-0.1796359981221034,Banks—Regional,Financial Services,CWBC
2014Q2,2014,Q2,2014-08-07,2014-06-30,1706000.0,6955000.0,0.0,0.18,6955000.0,1.0,557741000.0,64280000.0,0.0,0.0,493461000.0,0.0,14755000.0,53234998.95,53853998.95,8.029717449632823,0.0,0.032273044298339194,0.28002489110143125,0.0,8.029717449632823,0.026540136901057873,7.654205456506111,7.801142870750294,0.8281735990976976,0.2444314185228605,0.0,0.007833192603077905,0.012469945727497172,0.0,0.00305876742072037,-12.96517266195811,1.0,0.2,0.575680586634068,-0.3137972595029213,-0.2142574699393163,0.14316239316239315,0.18307905686546463,0.0,6.809893879412498,-0.33739991119797763,-0.21764857152498857,Banks—Regional,Financial Services,CWBC
2014Q1,2014,Q1,2014-05-07,2014-03-31,1442000.0,6084000.0,0.0,0.15,6084000.0,1.0,550257000.0,70462000.0,0.0,0.0,479795000.0,0.0,13234000.0,54163664.35,65136664.35,9.041317751981085,0.0,0.05451997884624821,0.4257614033095853,0.0,9.041317751981085,0.020464931452414067,8.902640425706773,9.39037176664355,0.7686932580681786,1.130374479889043,0.0,0.03009397572267468,0.011056651710019136,0.0,0.0026205936498763303,423.153627734375,1.0,-0.5588235294117647,1.1626470712765422,-0.3337690226387287,-0.105366614758471,0.015353805073431242,-0.5401785714285714,0.0,0.8534092273636513,-0.4040249863895865,-0.13426001635834925,Banks—Regional,Financial Services,CWBC
2013Q4,2013,Q4,2014-03-17,2013-12-31,3136000.0,5992000.0,0.0,0.34,5992000.0,1.0,539000000.0,67556000.0,0.0,0.0,471444000.0,0.0,12065000.0,51114811.519999996,63101811.519999996,8.670038034408075,0.0,0.05833395176252319,0.4654212801231571,0.0,8.670038034408075,0.04642074723192611,8.530509265687582,4.074841479591837,0.7566287453372017,0.0,0.0,0.0,0.011116883116883117,0.0,0.005818181818181818,-22.003793164012052,1.0,0.17241379310344845,38.026359750349314,-0.28927162363133374,-0.23018891330385544,-0.003989361702127659,0.19013282732447817,0.0,1.2693652589926192,-0.4709376877302357,-0.1617172271329268,Banks—Regional,Financial Services,CWBC
2013Q3,2013,Q3,2013-11-12,2013-09-30,2635000.0,6016000.0,0.0,0.29,6016000.0,1.0,535481000.0,64648000.0,0.0,0.0,470833000.0,0.0,9182000.0,43742300.0,33356300.0,8.172945638432363,0.0,0.06618722232908357,0.5482304170275956,0.0,8.172945638432363,0.04075918821927979,7.270994015957447,4.150123339658444,0.6766226333374583,0.0,0.0,0.0,0.011234759029732148,0.0,0.004920809515183545,22.83001043841336,1.0,0.2608695652173912,1.9191412651589645,-0.35474895790494465,-0.054360677373196976,-0.04462442432904558,0.23941674506114768,0.0,0.8855697167294746,-0.46000596981314057,-0.20464983956882907,Banks—Regional,Financial Services,CWBC
2013Q2,2013,Q2,2013-08-09,2013-06-30,2126000.0,6297000.0,0.0,0.23,6297000.0,1.0,536098000.0,62086000.0,0.0,0.0,474012000.0,0.0,6809000.0,29451198.42,27759198.42,9.992382510320951,0.0,0.06653074624415685,0.574477337886158,0.0,9.992382510320951,0.03424282446928454,4.677020552644117,3.463217123706491,0.4743613442644074,0.0,0.0,0.0,0.011745986741230148,0.0,0.003965692839741988,13.106897383177571,1.0,1.090909090909091,9.028713643477893,-0.19486459760400224,0.17232059094301164,-0.028390680450547753,0.9522497704315886,0.0,33.64387375737243,-0.265721492960237,-0.013141278492145485,Banks—Regional,Financial Services,CWBC
2013Q1,2013,Q1,2013-05-13,2013-03-31,1089000.0,6481000.0,0.0,0.11,6481000.0,1.0,533123000.0,54070000.0,0.0,0.0,479053000.0,0.0,4945000.0,28649643.549999997,31183643.549999997,9.153325050705561,0.0,0.07828399825181055,0.7718697984094692,0.0,9.153325050705561,0.020140558535232108,4.420559103533405,6.577053156565656,0.5298620963565748,0.0,0.0,0.0,0.012156669286449843,0.0,0.0020426805821545874,3.203583087330873,1.0,-0.576923076923077,0.09262020428049951,-0.14415347846177465,0.061590958107502806,0.10090028877187023,-0.5330188679245284,0.0,20.381342394931615,-0.2021612640318805,-0.10036360249038924,Banks—Regional,Financial Services,CWBC
2012Q4,2012,Q4,2013-03-29,2012-12-31,2332000.0,5887000.0,0.0,0.26,5887000.0,1.0,532101000.0,53049000.0,0.0,0.0,479052000.0,0.0,4118000.0,19803287.150000002,30136287.150000002,8.97397228318229,0.0,0.07865424045434984,0.7889309883315425,0.0,8.97397228318229,0.04395935832909197,3.3639013334465777,2.122993905445969,0.37330179927991103,0.0,0.0,0.0,0.011063689036479916,0.0,0.004382626606602881,3.2619481386921434,1.0,3.3333333333333335,2.1163660209042914,-0.17939185080873274,0.05718220501453674,-0.17848171922969577,2.804241435562806,0.0,23.055760041400006,-0.2708805244670597,-0.11981948936237505,Banks—Regional,Financial Services,CWBC
2012Q3,2012,Q3,2012-11-13,2012-09-30,613000.0,7166000.0,0.0,0.06,7166000.0,1.0,556796000.0,50813000.0,0.0,0.0,505983000.0,0.0,2047000.0,15960000.0,21641000.0,8.468833333333333,0.0,0.07516576986903642,0.8236474917835986,0.0,8.468833333333333,0.01206384193021471,2.2271839240859617,6.508972267536705,0.31409285025485606,0.0,0.0,0.0,0.012870063721722138,0.0,0.0011009418171107552,42.56,1.0,1.6229151269035533,-0.37649688473520254,-0.04696578411405303,0.005928564210356008,0.013578500707213578,2.0372250423011846,0.0,7.7582004830917874,-0.10315073420506968,-0.1695983494684262,Banks—Regional,Financial Services,CWBC
2012Q2,2012,Q2,2012-08-14,2012-06-30,-591000.0,7070000.0,0.0,-0.09632130832695265,7070000.0,1.0,573013000.0,50378000.0,0.0,0.0,522635000.0,0.0,1689000.0,15338671.428599998,24590671.4286,8.210617378841322,0.0,0.07303848254751637,0.830759458493787,0.0,8.210617378841322,-0.011731311286672754,2.169543342093352,-6.488439690609137,0.30447162310135373,-0.11336717428087986,0.0,0.004368044541007243,0.01233828900914988,0.0,-0.0010313902127874934,-19.101707881195516,1.0,-2.204016354086908,-1.4505252248902836,-0.08765631268014538,-0.011728698296169,-0.1599334600760456,-1.7216117216117217,0.0,-1.712175673442406,-0.08990815203748365,-0.19655563062109918,Banks—Regional,Financial Services,CWBC
2012Q1,2012,Q1,2012-05-14,2012-03-31,819000.0,8416000.0,0.0,0.08,8416000.0,1.0,623225000.0,51110000.0,0.0,0.0,572115000.0,0.0,2548000.0,15274499.999999998,25603500.0,8.532554257095159,0.0,0.09443138513377994,1.151477206026218,0.0,8.532554257095159,0.016024261396986893,1.8149358365019008,4.662545787545787,0.2988554099002152,0.3199023199023199,0.0,0.017152770958132838,0.013503951221468972,0.0,0.0013141321352641501,3.673520923520923,1.0,1.0560271249853852,-0.03595257632777792,0.18248101363544242,0.044005041982441,0.036708548903670854,1.0957558751315328,0.0,1.1201880530561785,0.19905127311449924,-0.15570848086724434,Banks—Regional,Financial Services,CWBC
2011Q4,2011,Q4,2012-03-30,2011-12-31,-8553000.0,8118000.0,0.0,-1.4278797996661101,8118000.0,1.0,633348000.0,50626000.0,590710000.0,7852000.0,582722000.0,0.0,1991000.0,8924501.0,54882501.0,8.451752921535894,75.23051451859399,0.10871116668877141,1.3600126417255956,0.0,8.451752921535894,-0.16894481096669695,1.0993472530179846,-0.2608587922366421,0.1762829573736815,-0.030632526598854203,0.0,0.02935738367893062,0.012817597908258966,2.9156902699949057,-0.013504424108073287,-14.0765,1.0,-2.3206506968979306,-7.4514910420910985,0.07784064523762461,0.051324412965079926,0.07097625329815303,-2.7074122236671,0.0,-139.45752483647607,0.25255556135225365,-0.24957040843488532,Banks—Regional,Financial Services,CWBC
2011Q3,2011,Q3,2011-11-10,2011-09-30,-2307000.0,7580000.0,0.0,-0.43,7580000.0,1.0,643156000.0,59369000.0,0.0,65000000.0,583787000.0,0.0,10806000.0,14131680.0,67789680.0,9.914662658650634,0.0,0.10106412752116127,1.0948474793242264,0.0,9.914662658650634,-0.03885866361232293,1.8643377308707123,-1.5313914174252274,0.2380312957941013,-0.11313394018205461,0.0,0.018469141673176863,0.0117856321016985,0.1744923076923077,-0.0035869991106356777,15.34384364820847,1.0,-10.722850678733032,-2.495345822429568,0.01181783456415585,0.2583041538140098,-0.04050632911392405,-9.438914027149321,0.0,-4.376111482223707,0.07395178576698236,0.14716227115368133,Banks—Regional,Financial Services,CWBC
2011Q2,2011,Q2,2011-08-12,2011-06-30,-221000.0,7900000.0,0.0,-0.0366804979253112,7900000.0,1.0,643831000.0,61838000.0,0.0,0.0,581993000.0,0.0,13374000.0,21087500.0,81198500.0,10.263568464730291,0.0,0.10540343661613064,1.0974158284549953,0.0,10.263568464730291,-0.003573854264368188,2.6693037974683542,-23.854638009049776,0.34101199909440794,-1.1855203619909502,0.0,0.012424422050978068,0.012270300746624503,0.0,-0.00034325778038025507,8.496172441579372,1.0,-1.7336099585062241,-1.164507337863634,0.0754918260558306,0.33854511459394526,0.011912386319969258,-1.3714285714285714,0.0,0.13931831653823354,0.041669384417004844,0.2041365145228217,Banks—Regional,Financial Services,CWBC
2011Q1,2011,Q1,2011-05-13,2011-03-31,595000.0,7807000.0,0.0,0.05,7807000.0,1.0,665539000.0,62243000.0,0.0,0.0,603296000.0,0.0,13856000.0,27833200.0,84176200.0,10.443456375838926,0.0,0.10799066621189743,1.1547001269219028,0.0,10.443456375838926,0.009559307873977796,3.565159472268477,11.694621848739496,0.44716996288739297,0.4403361344537815,0.0,0.009413218745958065,0.01173034187327865,0.0,0.0008940122216729598,9.600965850293205,1.0,-0.718070009460738,-0.5427066063936969,0.10119379439215767,0.3875685501546616,-0.09881103543806995,-0.4370860927152318,0.0,-0.40831639212940835,0.021807938511971898,0.21121874275907693,Banks—Regional,Financial Services,CWBC
2010Q4,2010,Q4,2011-03-25,2010-12-31,1057000.0,8663000.0,0.0,0.1773489932885906,8663000.0,1.0,667604000.0,61642000.0,623672000.0,8081000.0,605962000.0,0.0,13523000.0,21456000.0,87046000.0,10.342617449664429,77.17757703254547,0.10796969460937922,1.1693488206093248,0.0,10.342617449664429,0.017147399500340676,2.476740159298165,5.074739829706717,0.3480743648810876,0.2478713339640492,0.0,0.0122110365398956,0.01297625538492879,0.8032421729983913,0.0015832739168728767,4.331920048455482,1.0,0.47790827740492176,-0.26630441585702863,0.1610069205599658,0.4122380687158698,0.03985115832433081,0.011483253588516746,0.0,0.4010096274629436,0.19772281439317022,0.21841596742493088,Banks—Regional,Financial Services,CWBC
2010Q3,2010,Q3,2010-11-12,2010-09-30,1045000.0,8331000.0,0.0,0.12,8331000.0,1.0,676470000.0,60782000.0,633474000.0,0.0,615688000.0,0.0,12728000.0,17330950.0,80634950.0,10.275908706677937,0.0,0.11247357606397919,1.2517686157085979,0.0,10.275908706677937,0.017192589911486953,2.0802964830152444,4.14616028708134,0.28513293409233,0.24976076555023924,0.0,0.015059763025108258,0.012315402013393055,0.0,0.0015447839519860452,-6.44992556754745,1.0,12.448387096774194,-0.5281421721717827,0.17935621272205993,0.43546893740856757,0.020455658990690836,17.85483870967742,0.0,0.07817918960981499,0.12389392841218003,0.22057309246829365,Banks—Regional,Financial Services,CWBC
2010Q2,2010,Q2,2010-08-12,2010-06-30,-62000.0,8164000.0,0.0,-0.01048182586644125,8164000.0,1.0,671484000.0,59892000.0,630621000.0,0.0,611592000.0,0.0,11944000.0,14787500.0,77613500.0,10.125443786982249,0.0,0.10275747448934003,1.152073732718894,0.0,10.125443786982249,-0.0010351966873706005,1.8113057324840764,-59.62701612903226,0.24690275829827021,-4.225806451612903,0.0,0.017717666948436177,0.012158145242477854,0.0,-9.233280316433452e-05,4.475635593220339,1.0,-2.2156862745098036,-1.0538141998236863,0.20745586072219246,0.48020750034894066,0.003688222276862552,-2.215686274509804,0.0,-1.0490268149152395,0.09282950689116183,0.2187494618220845,Banks—Regional,Financial Services,CWBC
2010Q1,2010,Q1,2010-05-14,2010-03-31,51000.0,8134000.0,0.0,0.008622147083685545,8134000.0,1.0,677666000.0,60182000.0,635796000.0,0.0,617484000.0,0.0,12268000.0,17449250.0,76187250.0,10.17447168216399,0.0,0.10919833664371534,1.229603535940979,0.0,10.17447168216399,0.0008474294639593233,2.145223752151463,85.53553921568628,0.28994134458808285,5.137254901960785,0.0,0.01501497199020015,0.01200296311162136,0.0,7.52583130922903e-05,2.00404846675089,1.0,-0.4742268041237114,-0.9492814892988087,0.2983989663179301,0.5235069050926648,0.006807773239262285,-0.4742268041237113,0.0,-0.9392065561557086,0.15734993330369057,0.24490268864730524,Banks—Regional,Financial Services,CWBC
2009Q4,2009,Q4,2010-03-26,2009-12-31,97000.0,8079000.0,0.0,0.01639898562975486,8079000.0,1.0,684216000.0,60307000.0,639591000.0,0.0,623909000.0,0.0,12479000.0,16266250.0,99720250.0,10.195604395604395,0.0,0.13007588246986332,1.4757822475002902,0.0,10.195604395604395,0.0016084368315452601,2.013398935511821,41.92332474226804,0.2697240784651865,2.7010309278350517,0.0,0.016106969953123797,0.011807674769371076,0.0,0.00014176809662445777,-2.197251114413076,1.0,0.40579710144927544,-0.9011085987548977,0.27683649499421864,0.5612529092404042,0.025644280817570142,0.4057971014492754,0.0,-0.9259055916930238,0.08626351117133586,0.2682443400256299,Banks—Regional,Financial Services,CWBC
2009Q3,2009,Q3,2009-11-13,2009-09-30,69000.0,7877000.0,0.0,0.011665257819103972,7877000.0,1.0,674352000.0,60324000.0,629516000.0,0.0,614028000.0,0.0,12644000.0,13427050.0,87296050.0,10.198478444632292,0.0,0.11863240562792132,1.3261720045089849,0.0,10.198478444632292,0.0011438233538889995,1.704589310651263,48.64873188405797,0.22258222266427954,3.782608695652174,0.0,0.019438372539016386,0.011680843239139203,0.0,0.00010232044985408214,3.4650451612903224,1.0,-0.870386024232178,-0.9313808399062556,0.2808618972531331,0.5730609587153036,0.051809320336493526,-0.91375,0.0,-0.9547237780019083,0.06443957445019918,0.29432419753250294,Banks—Regional,Financial Services,CWBC
2009Q2,2009,Q2,2009-08-14,2009-06-30,800000.0,7489000.0,0.0,0.09,7489000.0,1.0,671002000.0,60447000.0,630110000.0,0.0,610555000.0,0.0,12836000.0,12421500.0,126480500.0,10.21927303465765,0.0,0.17734671431679785,1.968666765927176,0.0,10.21927303465765,0.013234734560854965,1.6586326612364801,3.8817187499999997,0.2054940691845749,0.3275,0.0,0.02109246065290021,0.0111609205337689,0.0,0.0011922468189364563,3.397565645514223,1.0,1.076271186440678,-0.2568869237271604,0.07372009152114647,0.620722813153029,0.08050786322320011,1.1188883935205824,0.0,-0.3934239061648502,0.038499174360957414,0.3327682318531792,Banks—Regional,Financial Services,CWBC
2009Q1,2009,Q1,2009-05-15,2009-03-31,-6729000.0,6931000.0,0.0,-1.18,6931000.0,1.0,669808000.0,59778000.0,625796000.0,0.0,610030000.0,0.0,12298000.0,15615600.0,131114600.0,10.106170752324598,0.0,0.1791558177865896,2.007427481682224,0.0,10.106170752324598,-0.11256649603533073,2.253008223921512,-0.5801604993312528,0.26122653819130787,-0.03878733838609006,0.0,0.016714055175593635,0.01034774144232377,0.0,-0.010046162482383011,17.604960541149943,1.0,-115.42131147540982,-8.584108633366283,0.20712417477800185,0.6673356066181982,0.08296875,-111.31147540983606,0.0,-6.2109871310335665,-0.014930243562223817,0.3427551371652104,Banks—Regional,Financial Services,CWBC
2008Q4,2008,Q4,2009-03-30,2008-12-31,61000.0,6400000.0,0.0,0.010312764158918006,6400000.0,1.0,656981000.0,66618000.0,614127000.0,0.0,590363000.0,0.0,19288000.0,21234850.0,126271850.0,11.262552831783601,0.0,0.16743254371130975,1.651205379927347,0.0,11.262552831783601,0.0009156684379597106,3.3179453125,87.02807377049179,0.31875544147227475,0.5737704918032787,0.0,0.0016482339173575515,0.00974152981593075,0.0,9.284895605808996e-05,-17.904595278246205,1.0,-0.9062475985552909,-0.867059640257632,0.17575981760757833,0.9114836422099579,-0.08204245553643144,-0.9096296296296297,0.0,-0.9573359319193112,-0.13575280462133216,0.5378511230234646,Banks—Regional,Financial Services,CWBC
2008Q3,2008,Q3,2008-11-14,2008-09-30,675000.0,6972000.0,0.0,0.11,6972000.0,1.0,640184000.0,51122000.0,597179000.0,0.0,589062000.0,0.0,19262000.0,32532500.0,127254500.0,8.642772612003382,0.0,0.1569861164915087,1.9658855287351824,0.0,8.642772612003382,0.013203708775087046,4.666164658634538,12.049074074074074,0.6363698603341027,0.0,0.0,0.0,0.010890618947052722,0.0,0.0010543843644952077,-122.30263157894737,1.0,3.75,-0.28677092138630605,0.11733925556349914,0.41176941734521605,-0.06328093510681176,3.6785714285714284,0.0,-0.6952114509243573,-0.013027065766630468,0.20733182551085524,Banks—Regional,Financial Services,CWBC
2008Q2,2008,Q2,2008-08-14,2008-06-30,-252000.0,7443000.0,0.0,-0.04,7443000.0,1.0,647661000.0,50400000.0,602719000.0,0.0,597261000.0,0.0,18587000.0,38493630.0,137182630.0,8.52359208523592,0.0,0.16212185078304853,2.0833333333333335,0.0,8.52359208523592,-0.005,5.171789600967352,-38.188125,0.7637625,-1.4047619047619047,0.0,0.00919632676887059,0.011492123194078383,0.0,-0.0003890924418793165,14.72031739961759,1.0,-1.2352941176470589,-1.4735328650981399,0.31690176619404525,0.4319854676880839,-0.017425742574257427,-1.2527582748244734,0.0,-1.218802665458804,0.10119227658981238,0.24603772436144333,Banks—Regional,Financial Services,CWBC
2008Q1,2008,Q1,2008-05-14,2008-03-31,997000.0,7575000.0,0.0,0.17,7575000.0,1.0,628808000.0,50949000.0,584853000.0,0.0,577859000.0,0.0,19193000.0,52058290.0,156243290.0,8.62227111186326,0.0,0.17652447169883334,2.178649237472767,0.0,8.62227111186326,0.019568588196039176,6.8723815181518155,13.053733701103312,1.0217725568705962,0.35606820461384153,0.0,0.0068192789275252795,0.012046602460528492,0.0,0.0015855396241778094,43.45433222036728,1.0,0.34295454545454546,1.8120945450442827,0.42165740628985127,0.5414947428890607,0.056338028169014086,0.33288770053475936,0.0,-0.007496073370453962,0.21039574736782118,0.29108321167500595,Banks—Regional,Financial Services,CWBC
2007Q4,2007,Q4,2008-03-28,2007-12-31,748000.0,7171000.0,0.0,0.126586562870198,7171000.0,1.0,609850000.0,50159000.0,567079000.0,0.0,559691000.0,0.0,18551000.0,54717340.0,168084340.0,8.488576747334575,0.0,0.1984094449454784,2.4123287944337006,0.0,8.488576747334575,0.014912578001953787,7.6303639659740625,18.28788101604278,1.0908778085687514,0.4732620320855615,0.0,0.006469612740677818,0.01175862917110765,0.0,0.001226531114208412,-49.117899461400356,1.0,-0.20883398206126244,-0.25004896358820383,0.05528044913065554,0.5343829318584017,-0.026340801086218602,-0.2232606438213915,0.0,-0.23664043230079687,0.13448343949422922,0.2998557640977326,Banks—Regional,Financial Services,CWBC
2007Q3,2007,Q3,2007-11-13,2007-09-30,963000.0,7365000.0,0.0,0.16,7365000.0,1.0,580985000.0,49478000.0,539881000.0,0.0,531507000.0,0.0,18157000.0,62590050.0,165542050.0,8.418921218308661,0.0,0.18761241684380836,2.2029993128259022,0.0,8.418921218308661,0.019463195763773797,8.498309572301425,16.248714953271026,1.2650076801810906,0.3655244029075805,0.0,0.0056238970890740625,0.012676747248207785,0.0,0.0016575298845925455,31.73937626774848,1.0,-0.23809523809523805,0.36549259826442076,-0.03308538739390346,0.5155573750330623,-0.0041914548404543,-0.23083067092651757,0.0,-0.03612292165187792,0.2053502728318075,0.29857373871213105,Banks—Regional,Financial Services,CWBC
2007Q2,2007,Q2,2007-08-13,2007-06-30,1252000.0,7396000.0,0.0,0.21,7396000.0,1.0,561876000.0,48652000.0,521501000.0,0.0,513224000.0,0.0,17546000.0,70272000.0,160411000.0,8.308060109289617,0.0,0.17085620314802555,1.9731974019567542,0.0,8.308060109289617,0.025733782783852667,9.501352082206598,14.031948881789138,1.444380498232344,0.28115015974440893,0.0,0.005009107468123861,0.013163046650862468,0.0,0.002228249649388833,113.15942028985508,1.0,0.4999999999999998,1.6108509287123556,0.02668879876030166,0.5379809029086924,0.06878612716763005,0.5157384987893463,0.0,0.17468906578394272,0.07106994421979897,0.3176145217479664,Banks—Regional,Financial Services,CWBC
2007Q1,2007,Q1,2007-05-14,2007-03-31,826000.0,6920000.0,0.0,0.14,6920000.0,1.0,551151000.0,47599000.0,512339000.0,0.0,503552000.0,0.0,16646000.0,91495040.0,183659040.0,8.172905219780219,0.0,0.1778097109503566,2.0588667829156075,0.0,8.172905219780219,0.017353305741717263,13.221826589595375,27.69220338983051,1.9222050883421924,0.4225181598062954,0.0,0.0038144144207161394,0.012555542854861917,0.0,0.00149868184943872,41.75948881789137,1.0,-0.3674476338246702,1.8342760268906542,-0.05903273923196962,0.40780183819907934,-0.05503209067322136,-0.3591931730023274,0.0,-0.0544871253960571,0.22403976206343165,0.34838171810236285,Banks—Regional,Financial Services,CWBC
