Quarters,Year,Quarter,FillingDate,Date,NetIncome,Revenue,OperatingIncome,EPSDiluted,GrossProfit,GrossProfitRatio,TotalAssets,CommonStockEquity,CurrentAssets,CurrentLiability,TotalLiability,Inventory,RetainedEarnings,MarketCap,EnterpriseValue,bookValuePerShare,currentRatio,debtToAssets,debtToEquity,roic,shareholdersEquityPerShare,roe,priceToSalesRatio,peRatio,pbRatio,payoutRatio,inventoryTurnover,dividendYield,assetTurnover,quickRatio,returnOnAssets,priceToFreeCashFlowsRatio,grossProfitMargin,epsdilutedGrowth,fiveYNetIncomeGrowthPerShare,fiveYRevenueGrowthPerShare,fiveYShareholdersEquityGrowthPerShare,grossProfitGrowth,netIncomeGrowth,operatingIncomeGrowth,threeYNetIncomeGrowthPerShare,threeYRevenueGrowthPerShare,threeYShareholdersEquityGrowthPerShare,Industry,Sector,Symbol
2023Q1,2023,Q1,2023-04-28,2023-04-02,37000000.0,546100000.0,38300000.0,1.35,120700000.0,0.2210217909,3450700000.0,1622800000.0,1114900000.0,513000000.0,1792700000.0,370100000.0,2320000000.0,1992951000.0,2801051000.0,49.027190332326285,2.1732943469785577,0.30654649781203813,0.6518363322652206,0.011142722670274233,49.027190332326285,0.02280009859502095,3.6494250137337483,13.465885135135135,1.2280940350012324,0.043243243243243246,1.1494190759254255,0.0008028295728294373,0.1582577448054018,1.3196881091617934,0.010722462109137276,214.2958064516129,0.22102179088079107,1.1774193548387097,-0.008245689753083691,0.35415378084803684,0.33217879779271614,0.23541453428863868,0.85,1.092896174863388,-0.00380382887466147,0.3593964940210215,0.22230420889406005,Specialty Chemicals,Basic Materials,MTX
2022Q4,2022,Q4,2023-02-17,2022-12-31,20000000.0,507600000.0,18300000.0,0.62,97700000.0,0.1924743893,3399100000.0,1579400000.0,1070500000.0,498300000.0,1786000000.0,348800000.0,2284600000.0,1973400000.0,2788500000.0,48.596923076923076,2.14830423439695,0.31252390338619046,0.6725971888058756,0.005305449802885083,48.596923076923076,0.012663036596175762,3.8877068557919623,24.667499999999997,1.2494618209446626,0.08,1.1751720183486238,0.0008107834194790716,0.1493336471418905,1.3180814770218743,0.0058839104468829985,102.78125,0.19247438928289992,0.5121951219512196,-0.7126040186726202,0.2792539066671413,0.37439568340902524,-0.17413355874894337,0.4925373134328358,-0.4859550561797753,-0.26153846153846155,0.23471708663894025,0.2056554666549677,Specialty Chemicals,Basic Materials,MTX
2022Q3,2022,Q3,2022-10-28,2022-10-02,13400000.0,541900000.0,35600000.0,0.41,118300000.0,0.2183059605,3387300000.0,1502000000.0,1073500000.0,493500000.0,1851700000.0,344600000.0,2266300000.0,1680900000.0,2520900000.0,46.215384615384615,2.1752786220871325,0.314144008502347,0.7084553928095872,0.011273964350906355,46.215384615384615,0.008921438082556592,3.1018638125115334,31.36007462686567,1.1191078561917442,0.11940298507462686,1.2292513058618688,0.0009518710214765899,0.15997992501402297,1.331306990881459,0.003955953119003336,150.08035714285714,0.21830596050931905,-0.698529411764706,-0.6509721453606346,0.3868679765098238,0.3868937149732866,-0.07069913589945012,-0.7015590200445434,-0.48703170028818443,-0.6202429149797571,0.2988751733465733,0.15316066267802195,Specialty Chemicals,Basic Materials,MTX
2022Q2,2022,Q2,2022-07-29,2022-07-03,44900000.0,557000000.0,69400000.0,1.36,127300000.0,0.228545781,3403100000.0,1543400000.0,1067500000.0,465900000.0,1826200000.0,339900000.0,2254700000.0,2023104000.0,2838504000.0,47.05487804878049,2.2912642197896544,0.30857159648555726,0.6803809770636258,0.021334242189239985,47.05487804878049,0.02909161591291953,3.6321436265709157,11.264498886414254,1.3108099002202929,0.0378619153674833,1.2641953515739923,0.0008402929360032899,0.16367429696453234,1.4307791371538956,0.013193852663747759,172.9148717948718,0.22854578096947936,0.007407407407407414,0.11740640952921162,0.4394057638958422,0.4831413609125315,0.04601479046836483,0.002232142857142857,0.04833836858006042,0.8114799193104711,0.28882297878606206,0.19083450091097354,Specialty Chemicals,Basic Materials,MTX
2022Q1,2022,Q1,2022-04-29,2022-04-03,44800000.0,519100000.0,66200000.0,1.35,121700000.0,0.2344442304,3425800000.0,1562000000.0,1090300000.0,455100000.0,1822800000.0,333800000.0,2211400000.0,2171691000.0,2931291000.0,47.190332326283986,2.3957372006152493,0.3057971860587308,0.6706786171574904,0.02029429797670141,47.190332326283986,0.028681177976952625,4.183569639761125,12.118811383928572,1.3903271446862997,0.03571428571428571,1.1905332534451767,0.0007367530647776319,0.15152665070932336,1.5165897604921996,0.013077237433592154,-116.13320855614974,0.2344442303987671,0.09756097560975618,0.369121422209804,0.3553019283130059,0.5640735146022154,0.1481132075471698,0.09002433090024331,0.11824324324324324,0.218473045332674,0.26121507164269137,0.19203422883760057,Specialty Chemicals,Basic Materials,MTX
2021Q4,2021,Q4,2022-02-18,2021-12-31,41100000.0,476900000.0,59200000.0,1.23,106000000.0,0.2222688195,3374200000.0,1539300000.0,1028500000.0,419800000.0,1794700000.0,297700000.0,2168900000.0,2435895000.0,3153395000.0,46.22522522522522,2.4499761791329204,0.30140477742872385,0.6606899239914247,0.01899826681574066,46.22522522522522,0.026700448255700643,5.107768924302789,14.816879562043797,1.5824693042291953,0.0413625304136253,1.2458851192475646,0.0006978954347375399,0.14133720585620296,1.6012386850881373,0.012180665046529548,52.61112311015119,0.2222688194590061,0.008196721311475417,0.1871517293860618,0.259762378875262,0.6212125687535522,-0.06443071491615181,-0.007246376811594203,-0.0231023102310231,0.008005685499885127,0.12650393410169944,0.2021632271355211,Specialty Chemicals,Basic Materials,MTX
2021Q3,2021,Q3,2021-11-05,2021-09-30,41400000.0,473200000.0,60600000.0,1.22,113300000.0,0.23943364327979713,3384300000.0,1506300000.0,1029800000.0,423300000.0,1838700000.0,282100000.0,2129500000.0,2339640000.0,3066340000.0,44.96417910447761,2.4327899834632647,0.3062967231037438,0.688176326097059,0.019631129812418893,44.96417910447761,0.02748456482772356,4.9442941673710905,14.128260869565217,1.5532364070902214,0.04106280193236715,1.2757887274016306,0.0007266075122668444,0.13982211978843484,1.641152846680841,0.012232958071092988,106.83287671232877,0.23943364327979713,-0.008130081300813016,0.036782433983926555,0.23398128257336595,0.5484999513975416,-0.018197573656845753,-0.011933174224343675,-0.04866562009419152,0.041156983578527526,0.07439274217149548,0.2114452162937411,Specialty Chemicals,Basic Materials,MTX
2021Q2,2021,Q2,2021-07-30,2021-06-30,41900000.0,455600000.0,63700000.0,1.23,115400000.0,0.2532923617208077,3253300000.0,1499700000.0,1085500000.0,293900000.0,1714400000.0,261900000.0,2089700000.0,2651179000.0,3183379000.0,44.50148367952522,3.6934331405239877,0.2876463898195678,0.6239914649596586,0.021253895435309374,44.50148367952522,0.027938921117556845,5.819093503072871,15.81849045346062,1.767806227912249,0.0405727923627685,1.2989690721649485,0.0006412241497084881,0.14004241846740234,2.645117386866281,0.012879230319982787,58.91508888888889,0.2532923617208077,0.05128205128205133,1.0409271597334975,0.10180612790915845,0.6051530182913326,0.03220035778175313,0.05012531328320802,0.08333333333333333,-0.004777380784163316,0.02696548425677767,0.21879305911028032,Specialty Chemicals,Basic Materials,MTX
2021Q1,2021,Q1,2021-05-07,2021-03-31,39900000.0,452600000.0,58800000.0,1.17,111800000.0,0.24701723376049492,3213200000.0,1464000000.0,1044600000.0,288800000.0,1710800000.0,247300000.0,2049500000.0,2545816000.0,3108916000.0,43.31360946745562,3.6170360110803323,0.29083156977467944,0.6383196721311475,0.02009859400992017,43.31360946745562,0.02725409836065574,5.6248696420680515,15.951228070175437,1.7389453551912568,0.042606516290726815,1.3780832996360695,0.0006677623206076166,0.14085646707332256,2.6066481994459836,0.012417527698244741,76.68120481927711,0.24701723376049492,0.2857142857142856,0.21181337382834992,0.1360081241939998,0.5846442488093521,0.004492362982929021,0.2829581993569132,0.07889908256880734,0.04733727810650871,0.09906063545329453,0.17692798215223293,Specialty Chemicals,Basic Materials,MTX
2020Q4,2020,Q4,2021-02-19,2020-12-31,31100000.0,431800000.0,54500000.0,0.91,111300000.0,0.25775822139879573,3209400000.0,1460800000.0,1033600000.0,295800000.0,1710700000.0,248200000.0,2011300000.0,2118292000.0,2684792000.0,42.83870967741935,3.4942528735632186,0.29108244531688166,0.639512595837897,0.018746957716313132,42.83870967741935,0.021289704271631984,4.905724872626216,17.02807073954984,1.4500903614457832,0.05466237942122187,1.29129734085415,0.0008025333617839278,0.13454228204648844,2.504394861392833,0.009690284788433975,29.75129213483146,0.25775822139879573,0.09638554216867479,0.8780128060525083,0.024799836322717005,0.6373279481320081,0.13109756097560976,0.0989399293286219,0.12371134020618557,-0.5740681992277872,0.03716238680636881,0.2115445574663618,Specialty Chemicals,Basic Materials,MTX
2020Q3,2020,Q3,2020-10-30,2020-09-27,28300000.0,388300000.0,48500000.0,0.83,98400000.0,0.25341231006953385,3214100000.0,1438100000.0,1047900000.0,272000000.0,1740200000.0,255200000.0,1981800000.0,1745579000.0,2379779000.0,42.17302052785924,3.8525735294117647,0.3152359914128372,0.7045407134413462,0.01591676244300425,42.17302052785924,0.019678742785619915,4.4954390934844195,15.42030918727915,1.2138091926847925,0.06007067137809187,1.1359717868338557,0.0009738888930263253,0.12081142466009147,2.738970588235294,0.008804953175072338,43.530648379052366,0.25341231006953385,0.9761904761904762,-0.01376893102478603,-0.12387525928045202,0.6298071191855612,0.10686164229471316,0.9652777777777778,0.7830882352941176,-0.2974605652721225,-0.05286400535100787,0.265584990762077,Specialty Chemicals,Basic Materials,MTX
2020Q2,2020,Q2,2020-07-31,2020-06-28,14400000.0,357200000.0,27200000.0,0.42,88900000.0,0.2488801791713326,3056900000.0,1406500000.0,884400000.0,509000000.0,1616100000.0,269800000.0,1955300000.0,1573033000.0,2237433000.0,41.24633431085044,1.737524557956778,0.29349995093068143,0.6378954852470672,0.01107925844130437,41.24633431085044,0.010238179879132598,4.403787793952968,27.309600694444445,1.118402417348027,0.11805555555555555,0.9944403261675315,0.001080714772035933,0.1168504040040564,1.1296660117878192,0.00471065458471,32.234282786885245,0.2488801791713326,-0.6250000000000001,-0.4491213370670077,-0.2156127665337294,0.5895688589365952,-0.16760299625468164,-0.6269430051813472,-0.5285961871750433,-0.6552956420923411,-0.11211042426036472,0.3000595674486804,Specialty Chemicals,Basic Materials,MTX
2020Q1,2020,Q1,2020-05-01,2020-03-29,38600000.0,417500000.0,57700000.0,1.12,106800000.0,0.25580838323353294,3069100000.0,1379800000.0,897600000.0,381500000.0,1657100000.0,252000000.0,1942600000.0,1183704000.0,1897004000.0,40.11046511627907,2.3528178243774573,0.3022384412368447,0.6722713436729961,0.020056234333899983,40.11046511627907,0.027975068850558053,2.8352191616766467,7.666476683937823,0.8578808522974343,0.04404145077720207,1.232936507936508,0.0014361698532741295,0.13603336483008047,1.5748361730013105,0.012576976963930795,86.40175182481752,0.25580838323353294,0.34939759036144596,0.10930563837540583,-0.07094421272425987,0.5955899799780854,-0.008356545961002786,0.3310344827586207,0.20964360587002095,0.13506519693507194,0.04884438702268155,0.32941882487667384,Specialty Chemicals,Basic Materials,MTX
2019Q4,2019,Q4,2020-02-14,2019-12-31,29000000.0,440200000.0,47700000.0,0.83,107700000.0,0.24466151749204906,3112600000.0,1402700000.0,919200000.0,398500000.0,1678000000.0,253300000.0,1905700000.0,2005524000.0,2691524000.0,40.30747126436781,2.306649937264743,0.29801452162179526,0.6612960718614102,0.01707738427302432,40.30747126436781,0.02067441363085478,4.555938209904589,17.289,1.4297597490553933,0.05862068965517241,1.3126727200947492,0.000847658766486963,0.14142517509477606,1.5543287327478044,0.0093169697359121,30.112972972972972,0.24466151749204906,-0.23148148148148157,0.35367762128325503,-0.15180210282455664,0.6160353484902971,-0.03147482014388489,-0.23684210526315788,-0.10841121495327102,-0.19845594913714804,0.11269552116540793,0.4136649136931781,Specialty Chemicals,Basic Materials,MTX
2019Q3,2019,Q3,2019-11-01,2019-09-29,38000000.0,449300000.0,53500000.0,1.08,111200000.0,0.24749610505230357,3125900000.0,1402700000.0,920100000.0,409900000.0,1692300000.0,256900000.0,1878400000.0,1858150000.0000002,2594650000.0,40.07714285714286,2.244693827762869,0.30375251927444896,0.6769088187067798,0.02129879347202193,40.07714285714286,0.027090610964568333,4.135655464055198,12.22467105263158,1.3246952306266486,0.04736842105263158,1.3160762942779292,0.000968705432822969,0.14373460443392302,1.5084166869968285,0.012156498928308647,42.326879271070624,0.24749610505230357,0.42105263157894746,0.012355212355212183,-0.18513076619792354,0.5359491541562195,-0.007142857142857143,0.42857142857142855,0.17582417582417584,-0.08914835164835176,0.12144251743250484,0.3801976373734812,Specialty Chemicals,Basic Materials,MTX
2019Q2,2019,Q2,2019-08-02,2019-06-30,26600000.0,463800000.0,45500000.0,0.76,112000000.0,0.24148339801638638,3149400000.0,1390900000.0,931100000.0,405600000.0,1727800000.0,258400000.0,1842200000.0,1897984000.0,2663984000.0,39.51420454545455,2.295611439842209,0.31132914205880485,0.7049392479689409,0.016148046833461063,39.51420454545455,0.019124308002013084,4.092246658042259,17.838195488721805,1.3645725789057446,0.06766917293233082,1.361455108359133,0.0009483746965200971,0.14726614593255857,1.557199211045365,0.00844605321648568,38.2658064516129,0.24148339801638638,-0.31531531531531537,0.40863175675675695,0.07902888268819758,0.5322695870347464,0.020966271649954422,-0.319693094629156,-0.2661290322580645,0.240458833619211,0.07383968490525866,0.42526359678878334,Specialty Chemicals,Basic Materials,MTX
2019Q1,2019,Q1,2019-05-03,2019-03-31,39100000.0,437700000.0,62000000.0,1.11,109700000.0,0.2506282842129312,3163400000.0,1393500000.0,903900000.0,390800000.0,1736000000.0,254400000.0,1817400000.0,2112000000.0,2910100000.0,39.58806818181818,2.312947799385875,0.31636846431055193,0.7181916038751346,0.02100007843832354,39.58806818181818,0.028058844635809113,4.825222755311858,13.50383631713555,1.5156081808396125,0.043478260869565216,1.2893081761006289,0.0008049242424242424,0.1383637858000885,1.5696008188331627,0.012360118859455017,160.0,0.2506282842129312,-0.09016393442622941,1.4485161412394842,0.7512601102681343,0.5704173617011111,-0.0274822695035461,-0.09280742459396751,-0.004815409309791332,0.14028559935639584,0.054915008199991185,0.4483439578713969,Specialty Chemicals,Basic Materials,MTX
2018Q4,2018,Q4,2019-02-15,2018-12-31,43100000.0,447500000.0,62300000.0,1.22,112800000.0,0.25206703910614525,3087100000.0,1353500000.0,876300000.0,381900000.0,1701800000.0,239200000.0,1769100000.0,1807168000.0000002,2614668000.0,38.45170454545455,2.2945797329143756,0.3292086424152117,0.7508681196896934,0.02352471346923008,38.45170454545455,0.03184336904322128,4.038364245810056,10.482412993039445,1.335181381603251,0.04176334106728538,1.399247491638796,0.000996033572971633,0.14495805124550548,1.57083006022519,0.013961322924427456,35.644339250493104,0.25206703910614525,0.0338983050847458,0.8625847154085455,0.7022290628746078,0.5589595647521518,-0.053691275167785234,0.028639618138424822,-0.08651026392961877,1.5213152232383,0.028871564482029592,0.46965328740452295,Specialty Chemicals,Basic Materials,MTX
2018Q3,2018,Q3,2018-11-02,2018-09-30,41900000.0,464100000.0,68200000.0,1.18,119200000.0,0.2568411980176686,3112500000.0,1310200000.0,903600000.0,420000000.0,1770900000.0,243400000.0,1727900000.0,2377808000.0,3228308000.0,37.11614730878187,2.1514285714285712,0.3397269076305221,0.807052358418562,0.023432200085773323,37.11614730878187,0.031979850404518395,5.1234820081878905,14.187398568019093,1.8148435353381163,0.04295942720763723,1.4170090386195562,0.0007569997241156561,0.14910843373493976,1.4802380952380951,0.013461847389558234,61.12616966580977,0.2568411980176686,-0.04838709677419359,0.8792044614713258,0.7903556897322467,0.5881443635662784,0.028472821397756688,-0.049886621315192746,0.08598726114649681,0.41054173619465245,0.011555686764696663,0.4343805675629032,Specialty Chemicals,Basic Materials,MTX
2018Q2,2018,Q2,2018-08-03,2018-07-01,44100000.0,464700000.0,62800000.0,1.24,115900000.0,0.2494082203572197,3128400000.0,1288900000.0,899100000.0,432400000.0,1811000000.0,235500000.0,1687700000.0,2677505000.0,3561805000.0,36.51274787535411,2.0793246993524512,0.3475578570515279,0.8435875552796959,0.02142477856389589,36.51274787535411,0.03421522228256653,5.761792554336131,15.17859977324263,2.0773566607184417,0.03854875283446712,1.481104033970276,0.0006349194492634001,0.14854238588415802,1.448196114708603,0.014096662830840045,131.89679802955666,0.2494082203572197,0.10714285714285703,1.5393752813004689,0.783591139834089,0.6025961171561678,0.021145374449339206,0.10526315789473684,0.003194888178913738,0.6297152229014462,-0.014239498423403238,0.40714388191335793,Specialty Chemicals,Basic Materials,MTX
2018Q1,2018,Q1,2018-05-04,2018-04-01,39900000.0,431300000.0,62600000.0,1.12,113500000.0,0.2631578947368421,3006300000.0,1302800000.0,884100000.0,298800000.0,1674500000.0,221200000.0,1645300000.0,2304540000.0,3052540000.0,36.80225988700565,2.958835341365462,0.3230549180055217,0.7454712926005527,0.022325010189415878,36.80225988700565,0.030626343260669327,5.343241363320195,14.439473684210524,1.7689131102241327,0.045112781954887216,1.4367088607594938,0.0007810669374365384,0.1434653893490337,2.0940428380187415,0.013272128530086818,129.4685393258427,0.2631578947368421,-0.4716981132075471,1.1030413770418328,0.6967627680043279,0.6312061773874112,-0.009598603839441536,-0.4736147757255937,0.36980306345733044,0.11427398715534322,-0.06734729996348182,0.4639899324533945,Specialty Chemicals,Basic Materials,MTX
2017Q4,2017,Q4,2018-02-16,2017-12-31,75800000.0,432200000.0,45700000.0,2.12,114600000.0,0.26515502082369274,2970400000.0,1251700000.0,852200000.0,310000000.0,1691300000.0,219300000.0,1607200000.0,2437290000.0,3194990000.0,35.35875706214689,2.749032258064516,0.32652168058173986,0.7748661819924902,0.046329990201410695,35.35875706214689,0.06055764160741392,5.639264229523369,8.038555408970977,1.9471838299912119,0.022427440633245383,1.4482444140446877,0.000697495989398061,0.14550228925397252,1.9287096774193548,0.025518448693778617,70.64608695652174,0.26515502082369274,0.8119658119658122,3.2410346899649944,0.7599066042454861,0.5744806354660069,-0.03859060402684564,0.8177458033573142,-0.3158682634730539,2.4782631760430753,-0.18133184426050017,0.4176280351683459,Specialty Chemicals,Basic Materials,MTX
2017Q3,2017,Q3,2017-11-03,2017-10-01,41700000.0,424400000.0,66800000.0,1.17,119200000.0,0.28086710650329877,2983400000.0,1176300000.0,860800000.0,323700000.0,1781100000.0,221200000.0,1533200000.0,2559250000.0,3350450000.0,33.32294617563739,2.659252394192153,0.3361600858081384,0.8525886253506758,0.023860286800815436,33.32294617563739,0.0354501402703392,6.030278039585297,15.343225419664268,2.1756779733061298,0.04316546762589928,1.379746835443038,0.0007033310540197323,0.14225380438425958,1.8646895273401298,0.013977341288462827,49.311175337186896,0.28086710650329877,-0.03305785123966945,1.2370571088393485,0.6942932850623122,0.4641210182754442,-0.004177109440267335,-0.030232558139534883,-0.024817518248175182,0.10148533802924736,-0.2368318864979112,0.2770958043318041,Specialty Chemicals,Basic Materials,MTX
2017Q2,2017,Q2,2017-08-04,2017-07-02,43000000.0,414100000.0,68500000.0,1.21,119700000.0,0.289060613378411,2917000000.0,1113600000.0,804000000.0,298300000.0,1778000000.0,211900000.0,1493300000.0,2590380000.0,3444780000.0,31.726495726495727,2.695273214884345,0.35382242029482347,0.9268139367816092,0.024432443267996505,31.726495726495727,0.038613505747126436,6.255445544554456,15.060348837209302,2.3261314655172414,0.04186046511627907,1.3893345917885795,0.0006948787436592314,0.14196091875214262,1.8816627556151526,0.014741172437435722,62.11942446043165,0.289060613378411,0.24742268041237114,1.2027047824663852,0.6466797398013413,0.4552937468543589,0.052770448548812667,0.24277456647398843,0.11021069692058347,1.2835989835989836,-0.033853237450957675,0.2302802261646296,Specialty Chemicals,Basic Materials,MTX
2017Q1,2017,Q1,2017-05-05,2017-04-02,34600000.0,405000000.0,61700000.0,0.97,113700000.0,0.28074074074074074,2896700000.0,1056000000.0,786100000.0,297400000.0,1814900000.0,196300000.0,1452000000.0,2640750000.0,3535750000.0,30.17142857142857,2.6432414256893075,0.36714192011599406,1.0071022727272727,0.022648717171010163,30.17142857142857,0.03276515151515152,6.520370370370371,19.08056358381503,2.5007102272727275,0.049132947976878616,1.4839531329597555,0.0006437565085676418,0.13981427141229674,1.8577673167451245,0.011944626644112265,943.125,0.28074074074074074,-0.06700272479564039,0.9427139054379515,0.5946501211689554,0.38731451779585524,0.02064631956912029,-0.05722070844686648,0.0920353982300885,1.1790988518366037,0.6296853116604668,0.19686909293688748,Specialty Chemicals,Basic Materials,MTX
2016Q4,2016,Q4,2017-02-17,2016-12-31,36700000.0,401300000.0,56500000.0,1.0396600566572238,111400000.0,0.2775978071268378,2863400000.0,1006500000.0,751100000.0,295500000.0,1832500000.0,186900000.0,1419100000.0,2726925000.0,3621225000.0,28.51274787535411,2.541793570219966,0.3781518474540756,1.075807252856433,0.021942420066823357,28.51274787535411,0.036462990561351216,6.795228008970844,18.575783378746593,2.7093144560357674,0.04632152588555858,1.5510968432316747,0.0006234128184676879,0.14014807571418594,1.7996615905245348,0.012816930921282391,57.53006329113924,0.2775978071268378,-0.118932155375234,0.905787567577782,0.6257032611493987,0.38409157822789813,-0.03298611111111111,-0.11778846153846154,-0.16047548291233285,0.5815130756941664,0.5221662181899202,0.15600131497693073,Specialty Chemicals,Basic Materials,MTX
2016Q3,2016,Q3,2016-11-04,2016-10-02,41600000.0,399500000.0,67300000.0,1.18,115200000.0,0.28836045056320403,2938700000.0,1013400000.0,810200000.0,321400000.0,1897400000.0,209100000.0,1384200000.0,2434624000.0,3363124000.0,29.03724928366762,2.5208462974486623,0.38391125327525777,1.1132820209196763,0.024644827279283396,29.03724928366762,0.041049930925597,6.094177722152691,14.631153846153847,2.4024314189855933,0.04326923076923077,1.359636537541846,0.0007393338766068189,0.13594446523973186,1.769446172993155,0.01415591928403716,55.20689342403628,0.28836045056320403,0.9666666666666667,1.724345364989794,0.565430386061493,0.3630937226329025,-0.04872006606110652,0.9622641509433962,0.7037974683544304,0.8871334857734766,0.5588122657277048,0.24246041486139278,Specialty Chemicals,Basic Materials,MTX
2016Q2,2016,Q2,2016-08-05,2016-07-03,21200000.0,427000000.0,39500000.0,0.6,121100000.0,0.2836065573770492,2944100000.0,964800000.0,806200000.0,327600000.0,1951700000.0,197500000.0,1344400000.0,1996824000.0,2971924000.0,27.724137931034484,2.460927960927961,0.3996807173669373,1.2196310116086235,0.015276978218520584,27.724137931034484,0.02197346600331675,4.67640281030445,23.54745283018868,2.069676616915423,0.08490566037735849,1.548860759493671,0.0009014314731794088,0.14503583438062564,1.771978021978022,0.007200842362691484,44.275476718403546,0.2836065573770492,-0.3814432989690722,0.34933830836363955,0.6619576027507169,0.27258797131904583,0.07453416149068323,-0.3746312684365782,-0.3142361111111111,0.2382821731657537,0.6624399631101271,0.21685160348526628,Specialty Chemicals,Basic Materials,MTX
2016Q1,2016,Q1,2016-05-06,2016-04-03,33900000.0,410200000.0,57600000.0,0.97,112700000.0,0.27474402730375425,2981400000.0,951200000.0,808000000.0,314300000.0,2002000000.0,197200000.0,1324900000.0,1983252000.0,2998052000.0,27.333333333333332,2.570792236716513,0.411450996176293,1.2896341463414633,0.02018669441659925,27.333333333333332,0.03563919259882254,4.834841540711848,14.625752212389381,2.085,0.05014749262536873,1.5086206896551724,0.0008571780086443882,0.13758636882001743,1.8485523385300668,0.011370497081907828,75.98666666666666,0.27474402730375425,1.0208333333333333,1.2563012264858,0.6412138057133249,0.2786902450543107,0.03016453382084095,1.0059171597633136,0.5278514588859416,0.8176013560718042,0.6415773147216172,0.21150989963160818,Specialty Chemicals,Basic Materials,MTX
2015Q4,2015,Q4,2016-02-19,2015-12-31,16900000.0,430000000.0,37700000.0,0.48,109400000.0,0.2544186046511628,2980000000.0,910500000.0,803600000.0,318600000.0,2042300000.0,194900000.0,1292700000.0,1595928000.0,2631428000.0,26.163793103448278,2.522284996861268,0.42446308724832216,1.3892366831411314,0.020965841182812774,26.163793103448278,0.0185612300933553,3.711460465116279,23.608402366863906,1.752803953871499,0.10650887573964497,1.6449461262185736,0.0011278704302449735,0.14429530201342283,1.822661644695543,0.005671140939597316,26.687759197324414,0.2544186046511628,-0.4216867469879518,0.13664728340419727,0.882635937851718,0.28380491120857276,-0.0798990748528175,-0.4212328767123288,-0.24448897795591182,-0.03813672792191421,0.7811370274660511,0.16504054481651384,Specialty Chemicals,Basic Materials,MTX
2015Q3,2015,Q3,2015-10-23,2015-09-27,29200000.0,451000000.0,49900000.0,0.83,118900000.0,0.2636363636363636,3148500000.0,897900000.0,878000000.0,366400000.0,2223800000.0,203600000.0,1277400000.0,1680868000.0,2789968000.0,25.876080691642652,2.396288209606987,0.42369382245513737,1.4856888294910346,0.01744129447147724,25.876080691642652,0.032520325203252036,3.726980044345898,14.390993150684931,1.8719991090321861,0.05821917808219178,1.631139489194499,0.0010113822144273078,0.143242814038431,1.6743995633187774,0.009274257582976021,28.781986301369862,0.2636363636363636,0.09210526315789468,0.8678023339799166,0.9287670899121326,0.2621266042065399,-0.05784469096671949,0.09774436090225563,-0.054924242424242424,0.5935624886884129,0.8316183543186604,0.1369256911300321,Specialty Chemicals,Basic Materials,MTX
2015Q2,2015,Q2,2015-08-07,2015-06-28,26600000.0,463400000.0,52800000.0,0.76,126200000.0,0.2723349158394476,3201900000.0,900400000.0,901700000.0,377000000.0,2274500000.0,209000000.0,1250000000.0,2315878000.0,3474078000.0,25.94812680115274,2.3917771883289123,0.4318373465754708,1.5356508218569525,0.019331708164432884,25.94812680115274,0.029542425588627276,4.997578765645231,21.765770676691726,2.5720546423811634,0.06390977443609022,1.613397129186603,0.0007340628478702246,0.1447265685998938,1.6806366047745358,0.008307567381867017,32.89599431818182,0.2723349158394476,-0.24752475247524752,0.512196879266088,0.9527585741827891,0.34779551322242996,0.0823327615780446,-0.24216524216524216,-0.11853088480801335,0.3783106676479896,0.8639642681208124,0.1902400757347211,Specialty Chemicals,Basic Materials,MTX
2015Q1,2015,Q1,2015-04-24,2015-03-29,35100000.0,453300000.0,59900000.0,1.01,116600000.0,0.257224795940878,3159500000.0,872300000.0,869100000.0,314700000.0,2260500000.0,207400000.0,1225100000.0,2487296000.0,3718196000.0,25.138328530259365,2.761677788369876,0.450957429973097,1.6333830104321907,0.01946159988252438,25.138328530259365,0.040238450074515646,5.487085815133466,17.71578347578348,2.851422675684971,0.05128205128205128,1.6234329797492768,0.000723677439275422,0.14347206836524767,1.9408960915157292,0.011109352745687608,-540.7165217391305,0.257224795940878,0.6557377049180328,1.4702092220145235,0.9344328640845454,0.29791100723135266,-0.11933534743202417,0.647887323943662,0.4061032863849765,0.9878263170949372,0.8002576936283532,0.15588720105139175,Specialty Chemicals,Basic Materials,MTX
2014Q4,2014,Q4,2015-02-18,2014-12-31,21300000.0,516000000.0,42600000.0,0.61,132400000.0,0.2565891472868217,3226700000.0,863000000.0,924600000.0,352900000.0,2337800000.0,211800000.0,1191800000.0,2402970000.0,3614770000.0,24.942196531791907,2.620005667327855,0.4529085443332197,1.6933951332560835,0.014299329993702734,24.942196531791907,0.024681344148319816,4.656918604651163,28.203873239436618,2.784438006952491,0.07981220657276995,1.8111425873465534,0.000707457854238713,0.159915703350172,1.878719183904789,0.006601171475501286,23.88638170974155,0.2565891472868217,-0.42452830188679247,4.686543797462579,1.1797643460930767,0.28981728610425483,-0.08689655172413793,-0.4243243243243243,-0.36227544910179643,0.1284612103967953,1.1326541169799358,0.21076664771404555,Specialty Chemicals,Basic Materials,MTX
2014Q3,2014,Q3,2014-10-24,2014-09-28,37000000.0,543500000.0,66800000.0,1.06,145000000.0,0.2667893284268629,3273800000.0,900200000.0,970700000.0,355500000.0,2348100000.0,233700000.0,1172200000.0,2174880000.0,3493080000.0,26.092753623188404,2.730520393811533,0.4645671696499481,1.689513441457454,0.019905909418061887,26.092753623188404,0.041101977338369254,4.0016191352345905,14.695135135135134,2.4159964452343923,0.04594594594594595,1.7051775780915703,0.0007816523210475981,0.16601502840735538,1.868073136427567,0.011301851059930356,37.56269430051813,0.2667893284268629,1.0,3.513987949845303,1.519170158449223,0.3370740408667796,0.4118792599805258,1.0,0.8659217877094972,1.451189499589828,1.154382715885604,0.22487045251838253,Specialty Chemicals,Basic Materials,MTX
2014Q2,2014,Q2,2014-08-08,2014-06-29,18500000.0,421100000.0,35800000.0,0.53,102700000.0,0.24388506293042034,3300100000.0,889300000.0,987600000.0,371600000.0,2386000000.0,243500000.0,1136900000.0,2261526300.0,3627926300.0,25.788023778454402,2.657696447793326,0.471985697403109,1.751489935904644,0.012239191190108679,25.788023778454402,0.020802878668615764,5.370520778912373,30.56116621621622,2.5430409310693802,0.0961081081081081,1.3075975359342915,0.0007861947039926088,0.12760219387291294,1.8003229278794401,0.005605890730583922,33.94461905619597,0.24388506293042034,0.1777777777777778,1.4912078104123123,1.1926346213876025,0.37631957698837437,0.8567399479317327,0.18475824527697726,0.51797829036635,0.18824427755643144,0.6539650208598162,0.18371683715418835,Specialty Chemicals,Basic Materials,MTX
2014Q1,2014,Q1,2014-04-25,2014-03-30,15615000.0,244396000.0,23584000.0,0.45,55312000.0,0.22632121638652022,1237244000.0,867681000.0,834770000.0,180322000.0,342558000.0,91600000.0,1120145000.0,2222155200.0,1817073200.0,25.20862870424172,4.629329754550193,0.07108783716065707,0.10136559403744003,0.0172531774221627,25.20862870424172,0.017996245163833254,9.09243686476047,35.577252641690684,2.561027843181999,0.11027857829010566,2.064235807860262,0.0007749233716888901,0.19753258047725428,4.02626412750524,0.012620792664987666,573.3114551083592,0.22632121638652022,-0.3076923076923077,3.08218203943783,0.2753245455247462,0.34445348835111167,-0.06239723357008459,-0.30873433972287395,-0.29524264881663875,0.050770200383289554,-0.011374115609287553,0.17929369324304786,Specialty Chemicals,Basic Materials,MTX
2013Q4,2013,Q4,2014-02-21,2013-12-31,22589000.0,256632000.0,33464000.0,0.65,58993000.0,0.22987390504691543,1217547000.0,847538000.0,815117000.0,180894000.0,343139000.0,89200000.0,1106252000.0,2064125340.0,1662562340.0,24.664978755602117,4.506047740665804,0.0728546824065108,0.10466079397029986,0.02564178417941387,24.664978755602117,0.02665249227763239,8.043133124473956,22.844363849661338,2.4354369243620937,0.07601044756297314,2.2156838565022423,0.0008318293306742699,0.21077790015498374,3.9276316516855174,0.018552877219524175,64.18300186567164,0.22987390504691543,0.03174603174603177,3.2855377422617744,0.16393068708882927,0.29636164593290343,-0.015470627503337784,0.033159531650201246,0.021583173062246237,0.538639330276506,0.13791417675394,0.21026109387494712,Specialty Chemicals,Basic Materials,MTX
2013Q3,2013,Q3,2013-11-01,2013-09-29,21864000.0,254192000.0,32757000.0,0.63,59920000.0,0.2357273242273557,1226862000.0,808979000.0,803643000.0,176644000.0,394588000.0,90300000.0,1085379000.0,1708942550.0,1329979550.0,23.37076411960133,4.549506351758339,0.07392110930161665,0.11210550582895229,0.0260701866525313,23.37076411960133,0.02702665953009905,6.723038293888084,19.540598129345042,2.112468370625195,0.07930845225027443,2.15140642303433,0.001014662546731018,0.20718874657459438,3.92410724394828,0.01782107523095507,72.87601492537314,0.2357273242273557,0.28571428571428575,0.2533648634255308,-0.06082528665545687,0.13345833464675386,0.018199119781134768,0.27710280373831775,0.011674233299360697,0.40198323336124986,0.08975849292662018,0.13992777760626027,Specialty Chemicals,Basic Materials,MTX
2013Q2,2013,Q2,2013-07-26,2013-06-30,17120000.0,256844000.0,32379000.0,0.49,58849000.0,0.22912351466259676,1213671000.0,792843000.0,785837000.0,256798000.0,398116000.0,89000000.0,1065249000.0,1484873330.0,1117595330.0,22.783499525848445,3.060136761189729,0.07480363294500733,0.11450816870427058,0.02689639382796965,22.783499525848445,0.021593177968399796,5.781226464312968,21.683313814252337,1.87284661654325,0.10169392523364486,2.2246629213483144,0.0011724905854427327,0.2116257206442273,2.6475284075421146,0.014105964466482268,76.74557215216043,0.22912351466259676,-0.07547169811320761,-0.2015083740298205,-0.06755999311870177,0.07423822037447483,0.07216513627751056,-0.0872254211985498,0.19321196933962265,-0.029505291198272218,0.07925646666056355,0.1834186980726378,Specialty Chemicals,Basic Materials,MTX
2013Q1,2013,Q1,2013-04-26,2013-03-31,18756000.0,251289000.0,27136000.0,0.53,54888000.0,0.2184257965927677,1211119000.0,789558000.0,774870000.0,250128000.0,398360000.0,88800000.0,1049870000.0,1430286520.0,1068641520.0,22.561378443250657,3.097893878334293,0.0765292262775169,0.11738972944356209,0.022083887987451242,22.561378443250657,0.02375506295927595,5.691799163512927,19.064386329707826,1.8115027901686767,0.09351674130944765,2.211722972972973,0.0012263277150930572,0.2074849787675695,2.66963714578136,0.01548650462919003,89.34823338330834,0.2184257965927677,0.06000000000000005,0.18832153325389295,-0.0128614945937403,0.10847193330186727,0.033750188338104566,0.055486775464265614,0.05484936831875607,0.308813943924257,0.0632918565568292,0.1648611157483772,Specialty Chemicals,Basic Materials,MTX
2012Q4,2012,Q4,2013-02-22,2012-12-31,17770000.0,244166000.0,25725000.0,0.5,53096000.0,0.21745861422147228,1211189000.0,790411000.0,764485000.0,250098000.0,397470000.0,84569000.0,1032869000.0,1405024320.0,1043498320.0,22.457409932946927,3.0567417572311655,0.0764257271160818,0.11711122441362784,0.021473458986151835,22.457409932946927,0.022481974567661635,5.754381527321576,19.766802476083285,1.7775870022051818,0.09864940911648847,2.259338528302333,0.0012476652361433857,0.20159198935921643,2.645355020831834,0.014671533509633922,67.41635814020441,0.21745861422147228,-0.04761904761904766,0.15664346070717575,0.0635137615308777,0.148023879219783,-0.03460062910234731,-0.04616210413311862,-0.07623527721918989,3.6637901681095415,0.013976339913671301,0.1613233620272239,Specialty Chemicals,Basic Materials,MTX
2012Q3,2012,Q3,2012-11-02,2012-09-30,18630000.0,250346000.0,27848000.0,0.525,54999000.0,0.21969194634625677,1209265000.0,802962000.0,770228000.0,176998000.0,380920000.0,93143000.0,1016851000.0,1254380400.0,896121400.0,22.75969387755102,4.351619792314038,0.0751257995559286,0.11313984970646182,0.021974998001858686,22.75969387755102,0.023201596090475018,5.010586947664432,16.83280193236715,1.562191486023,0.047289318303811056,2.0972805256433658,0.0007023387801658891,0.20702327446837543,3.7065164578130827,0.01540605243681079,48.291834456207894,0.21969194634625677,-0.0540540540540541,1.192988100607595,-0.002551028057123988,0.21768922340352695,-0.02383656952184871,-0.055034237889931524,-0.05523137467770389,1.2226037606053657,0.13472109838630714,0.16627766855177473,Specialty Chemicals,Basic Materials,MTX
2012Q2,2012,Q2,2012-07-27,2012-07-01,19715000.0,253969000.0,29476000.0,0.555,56342000.0,0.22184597332745334,1185381000.0,772793000.0,748157000.0,180863000.0,387810000.0,90573000.0,999102000.0,1136108400.0,812793400.0,21.800750394944707,4.136595102370302,0.08279532066061461,0.1269990799606104,0.023859861568290845,21.800750394944707,0.02551135944554363,4.473413684347302,14.406649759066699,1.4701328816384205,0.045041846309916304,2.181963719872368,0.0007816155571070507,0.21425094547660203,3.5233076969861163,0.016631783367541744,44.36883542919628,0.22184597332745334,0.0990099009900991,0.48594886602377085,-0.015484703694011155,0.040616112408871134,0.02557474925824126,0.0933340727595386,0.09202726733847066,1.5092473878126504,0.2864716736978534,0.16351682546020066,Specialty Chemicals,Basic Materials,MTX
2012Q1,2012,Q1,2012-04-27,2012-04-01,18032000.0,257138000.0,26992000.0,0.505,54937000.0,0.21364792446079536,1186751000.0,770665000.0,743525000.0,174479000.0,388921000.0,89556000.0,980275000.0,1169388000.0,853887000.0,21.748081047522295,4.261401085517455,0.08384572669414224,0.12911446607799756,0.02186884985678967,21.748081047522295,0.023397974476588403,4.547705901111465,16.212677462289264,1.5173752538392167,0.049190328305235134,2.257816338380455,0.0007585164205550254,0.2166739273866211,3.63045409476212,0.015194425789403169,76.10230378758297,0.21364792446079536,-0.0742909516777839,0.7912886920084142,0.010492080199840938,0.07268879640215839,0.04304157964685779,-0.08182697693365243,0.07268608671462068,3.578892532877427,0.3033440074730551,0.1598918676748217,Specialty Chemicals,Basic Materials,MTX
2011Q4,2011,Q4,2012-02-27,2011-12-31,19639000.0,251742000.0,25163000.0,0.5455277777777777,52670000.0,0.20922214012759094,1164955000.0,741612000.0,720289000.0,180902000.0,396935000.0,90760000.0,963130000.0,1017540000.0,722235000.0,20.60033333333333,3.9816530497175266,0.08570889004296303,0.134635092204549,0.023198039590512882,20.60033333333333,0.0264815024568103,4.04199537621851,12.953052599419523,1.3720651769388845,0.04491063699781048,2.19338915821948,0.0008667963912966566,0.21609590070002704,3.3607312246409657,0.016858161903249482,39.69338794616735,0.20922214012759094,0.2540868454661557,1.1656995747651686,0.11529295448199904,0.1414868242538439,-0.004536004536004536,0.2518485466598674,-0.009096637000866346,2.556342842755602,0.08980280383308119,0.08272876662019743,Specialty Chemicals,Basic Materials,MTX
2011Q3,2011,Q3,2011-10-28,2011-10-02,15688000.0,262192000.0,25394000.0,0.435,52910000.0,0.2017986818819796,1144368000.0,763821000.0,718485000.0,183182000.0,352435000.0,97500000.0,944374000.0,838134000.0,555246000.0,21.30245983935743,3.9222467272985337,0.08706989360065993,0.13044941157679613,0.020254927966052577,21.30245983935743,0.020538843524857263,3.1966421553670594,13.356291432942376,1.0972911192543804,0.05711371749107598,2.1464820512820513,0.0010690414659231102,0.2291151098248116,3.25928857638851,0.013708876864784754,39.50480769230769,0.2017986818819796,-0.03333333333333336,0.21425265782488495,0.0757816173375381,0.0568891448360214,-0.014234079815180534,-0.04417230244318528,0.01304503929469023,-0.1318036126924457,-0.06479580576809729,0.0331476767225749,Specialty Chemicals,Basic Materials,MTX
2011Q2,2011,Q2,2011-07-29,2011-07-03,16413000.0,268399000.0,25067000.0,0.45,53674000.0,0.1999783903814843,1175263000.0,791995000.0,739560000.0,172844000.0,353614000.0,97731000.0,929580000.0,1229855820.0,932519820.0,21.785635693458765,4.278771609081021,0.08404076364184017,0.12471038327262167,0.019893961262682766,21.785635693458765,0.020723615679391915,4.582192258540457,18.732952842259184,1.5528580609726073,0.05538292816669713,2.1971022500537187,0.0007391110284781187,0.2283735640448138,3.5498426326629793,0.013965384769196341,51.47778745134151,0.1999783903814843,0.046511627906976785,0.4249006487912614,0.09910298605915838,0.09454177634616867,0.013826451588530846,0.040048159178759264,0.014283402120255726,-0.2672275442471577,-0.06728936521814448,0.027189106331823212,Specialty Chemicals,Basic Materials,MTX
2011Q1,2011,Q1,2011-04-29,2011-04-03,15781000.0,262520000.0,24714000.0,0.43,52942000.0,0.20166844430900502,1143359000.0,781337000.0,706341000.0,152602000.0,333417000.0,89273000.0,914077000.0,1267257840.0,985067840.0,21.37603961479536,4.628648379444568,0.08624937574287692,0.1262118650467084,0.019631845629748627,21.37603961479536,0.020197430814104543,4.827281121438366,20.075689753501045,1.6219094193670593,0.05791774919206641,2.3476078993648697,0.0007212423321839539,0.22960417506662387,3.8856174886305554,0.013802314058838912,116.72265266648246,0.20166844430900502,0.006437275080497505,0.3443551899288442,0.07699055518485515,0.0955100849309713,0.04624323149282637,-0.0036618473388471493,0.08599551786263568,-0.04272762655204161,-0.012642855353747222,0.050234586408345466,Specialty Chemicals,Basic Materials,MTX
2010Q4,2010,Q4,2010-12-31,2010-12-31,15839000.0,243315000.0,22757000.0,0.42724967630556754,50602000.0,0.2079690935618437,1116105000.0,755523000.0,675572000.0,155237000.0,333410000.0,86464000.0,899211000.0,1212439760.0,941844760.0,20.379882391022875,4.351874875190838,0.08711725151307449,0.12869495700329442,0.01933897858864467,20.379882391022875,0.02096428566701477,4.98300458253704,19.136936675295157,1.604768829009838,0.05814761032893491,2.2288235566247225,0.0007596253689337934,0.21800368244923193,3.6438606775446574,0.014191317125180875,50.71696477871664,0.2079690935618437,-0.05055627487651661,0.3782247622760243,0.056518306118214914,0.07824192783582858,-0.030204300663114723,-0.051670458627709255,-0.0881150825452797,-0.02121539373978087,0.006176341265373253,0.04182057104725335,Specialty Chemicals,Basic Materials,MTX
2010Q3,2010,Q3,2010-09-30,2010-09-30,16702000.0,249812000.0,24956000.0,0.45,52178000.0,0.2088690695402943,1124211000.0,760049000.0,680917000.0,159137000.0,337421000.0,90600000.0,884293000.0,1092141120.0,827233120.0,20.501969141130772,4.2788100818791355,0.08626939248948819,0.12760361503008358,0.020528688018312747,20.501969141130772,0.02197489898677585,4.371852112788817,16.347460184409055,1.4369351449709165,0.055502335049694644,2.181390728476821,0.0008487914089344059,0.22221095506092717,3.538077254189786,0.014856641680253973,44.45923549765927,0.2088690695402943,-0.1089108910891089,0.4873628837010988,0.10353759822149515,0.07026887672123683,-0.05208465800708511,-0.11904636320481038,-0.09290491421924978,1.164652646747788,-0.052790845477315246,0.09689642646427732,Specialty Chemicals,Basic Materials,MTX
2010Q2,2010,Q2,2010-06-30,2010-06-30,18959000.0,255770000.0,27512000.0,0.505,55045000.0,0.21521288657778473,1071954000.0,720035000.0,629683000.0,152126000.0,327358000.0,81724000.0,868518000.0,888998000.0,652709000.0,19.25227272727273,4.139220120163548,0.09374282851689532,0.13955988250571152,0.023471003363083803,19.25227272727273,0.0263306644815877,3.475771200688118,11.72263832480616,1.2346594262778892,0.049211456300437786,2.4561328373549998,0.0010494961743445993,0.23860165641436107,3.4532492802019377,0.01768639325941225,25.700268856060823,0.21521288657778473,0.23170731707317083,0.5880875248060103,0.1497709048204207,0.02432560708763221,0.07158152935679801,0.2335870908972607,0.19347562033663024,0.35438658927400857,-0.0602518109537889,-0.08103047658691867,Specialty Chemicals,Basic Materials,MTX
2010Q1,2010,Q1,2010-03-31,2010-03-31,15369000.0,253457000.0,23052000.0,0.41,51368000.0,0.20266948634285106,1073378000.0,726931000.0,618058000.0,147768000.0,322234000.0,79962000.0,850492000.0,972829440.0000001,749986440.0000001,19.368299051476075,4.182624113475177,0.09520970245337616,0.14058555763889558,0.019461795101334663,19.368299051476075,0.021142309242555345,3.8382425421274617,15.824540308413042,1.3382692992870024,0.0610970134686707,2.5273129736624895,0.000965225723432054,0.23613023557404755,3.4875412809268584,0.01431834824265077,39.16540279399332,0.20266948634285106,2.727272727272727,0.1034048250476083,0.10551920122828873,-0.0002006996869489862,0.11239118194811382,2.7910705476073012,4.168609865470852,0.4414855113304884,-0.05959716901771172,-0.04469008771457039,Specialty Chemicals,Basic Materials,MTX
2009Q4,2009,Q4,2010-02-25,2009-12-31,4054000.0,256208000.0,4460000.0,0.11,46178000.0,0.18023637044901017,1072138000.0,724161000.0,600713000.0,152914000.0,324395000.0,82483000.0,836062000.0,1019896280.0,813063280.0,19.337775048066653,3.9284368991720835,0.09710783499885275,0.1437705151202564,0.0077864289563376555,19.337775048066653,0.005598202609640674,3.9807354961593706,62.894442525900345,1.4083833291215626,0.23063640848544648,2.5463428827758445,0.0009167598885643549,0.23896923716909577,3.2276377571706973,0.003781229655137678,29.22338911174785,0.18023637044901017,-0.5319148936170213,-0.693166474275554,0.1426789107725518,0.004009273582146373,0.04973857694930666,-0.5444943820224719,-0.6520246547554029,-0.5702296420216028,0.09118864857017302,0.07152709961422128,Specialty Chemicals,Basic Materials,MTX
2009Q3,2009,Q3,2009-10-27,2009-09-27,8900000.0,234256000.0,12817000.0,0.235,43990000.0,0.1877860118844341,1067855000.0,731025000.0,603578000.0,153107000.0,309755000.0,88005000.0,832943000.0,899040000.0,730835000.0,19.51481580352376,3.9421972868647415,0.10264408557341587,0.14993878458329057,0.012005552970564224,19.51481580352376,0.012174686228241168,3.837852605696332,25.253932584269663,1.229834820970555,0.10528089887640449,2.161990795977501,0.0010422228154475886,0.21937060743265704,3.1021638461990633,0.008334464885213817,19.599738391105298,0.1877860118844341,1.2155963302752295,-0.39754105689050295,0.08742670488625416,0.06969989655496991,0.35746466703696844,1.2175666756300878,1.307967706280936,-0.3406355094919117,-0.0799965160407532,-0.03180209507481749,Specialty Chemicals,Basic Materials,MTX
2009Q2,2009,Q2,2009-07-31,2009-06-28,-40907000.0,208598000.0,-41618000.0,-1.09,32406000.0,0.15535144152868197,1014633000.0,701811000.0,551158000.0,135978000.0,287633000.0,99525000.0,824981000.0,689564960.0,573549960.0,18.736944681759933,4.0532880318875115,0.10912320021130793,0.15776327244799526,-0.04142831948127966,18.736944681759933,-0.058287772633942754,3.305712231181507,-4.214223482533551,0.9825508007141524,-0.022881169481995745,1.770329063049485,0.0013573775558433248,0.20558960727671977,2.9916971863095503,-0.04031704074281046,20.02744503499753,0.15535144152868197,-10.90909090909091,-3.970392745938981,-0.0013074191689511686,0.0485448814024295,-0.025207556250752015,-10.840509983160933,-6.710482985729967,-4.446871173712558,-0.17091617749154053,-0.058628859683394735,Specialty Chemicals,Basic Materials,MTX
2009Q1,2009,Q1,2009-04-27,2009-03-29,4157000.0,208259000.0,7288000.0,0.11,33244000.0,0.15962815532582025,1039030000.0,701366000.0,526933000.0,134732000.0,314017000.0,115992000.0,866824000.0,587461230.0,508385230.0,18.75009356787681,3.9109714099100437,0.10787368988383396,0.15980814581830313,0.006472708933256414,18.75009356787681,0.005927005301083885,2.8208203727089827,35.329638561462595,0.8375958201566658,0.22492181861919652,1.5088540589006139,0.001591594393386607,0.2004359835615911,2.716073390137458,0.004000846943784106,30.858918422020277,0.15962815532582025,-0.28290047062924867,-0.6384638186726956,0.08861220290462618,0.07847413423813748,-0.12566408921150912,-0.2754052640753007,1.3593395921010036,-0.6539575259847105,-0.16512173796359217,-0.039068182546263125,Specialty Chemicals,Basic Materials,MTX
2008Q4,2008,Q4,2009-02-26,2008-12-31,5737000.0,239981000.0,3089000.0,0.15339572192513368,38022000.0,0.15843754297215196,1067620000.0,711584000.0,531547000.0,150853000.0,356036000.0,133983000.0,863601000.0,764830000.0,699159000.0,19.02631016042781,3.5236090763856205,0.10884490736404338,0.16330468363538247,0.0029232717517087277,19.02631016042781,0.008062294823942079,3.187043974314633,33.32883039916333,1.0748274272608713,0.16315147289524143,1.5073479471276208,0.0012238013676241781,0.22478128922275717,2.3506923959085997,0.00537363481388509,15.861918785515783,0.15843754297215196,-0.6932085561497326,-0.6914199076082497,0.22369707209241257,0.08582523587214046,-0.3602759316900816,-0.6981797138047138,-0.8655787641427328,-0.5051750905640849,0.032902707925788775,0.006628250024579186,Specialty Chemicals,Basic Materials,MTX
2008Q3,2008,Q3,2008-10-27,2008-09-28,19008000.0,294917000.0,22980000.0,0.5,59435000.0,0.20153127829185838,1154862000.0,777707000.0,554269000.0,159510000.0,377155000.0,136631000.0,858800000.0,1091936100.0,1056935100.0,20.618988281457128,3.4748228951162936,0.10054361473492071,0.14930301514580685,0.01871575099505191,20.618988281457128,0.024441081281253735,3.7025200310595863,14.361533301767677,1.4040456110077446,0.04955808080808081,1.7234888129341073,0.0008626878440963716,0.2553699056683829,2.351620588050906,0.016459109400084167,29.710930017414018,0.20153127829185838,-0.180327868852459,-0.1610871148683982,0.5923251563653419,0.24164082155034844,-0.04571144150797983,-0.18542961217055925,-0.201501094548108,0.6637276867436899,0.28047471129531987,0.07637765305437036,Specialty Chemicals,Basic Materials,MTX
2008Q2,2008,Q2,2008-07-29,2008-06-29,23335000.0,299794000.0,28779000.0,0.61,62282000.0,0.20774932120055772,1183241000.0,803269000.0,542137000.0,164879000.0,379972000.0,128654000.0,840733000.0,1204203830.0,1186210830.0,21.208982415377303,3.288090053918328,0.10224966849526006,0.1506170411157408,0.021533772361733015,21.208982415377303,0.02905004425665624,4.016770949385244,12.901262374116136,1.4991289717392307,0.040625669595028925,1.8461299298894709,0.000787242139895868,0.25336681200195055,2.2082557511872345,0.019721257123443154,54.32906970448906,0.20774932120055772,0.3555555555555555,0.7335788017392417,0.5718946641465817,0.34037412259936756,0.025471309788425125,0.3561341314581275,0.06027336698227904,0.9301774618683659,0.3308069956757824,0.12843320350260878,Specialty Chemicals,Basic Materials,MTX
2008Q1,2008,Q1,2008-04-28,2008-03-30,17207000.0,277520000.0,27143000.0,0.45,60735000.0,0.2188490919573364,1164640000.0,776530000.0,511504000.0,182181000.0,388110000.0,119498000.0,818347000.0,1197972800.0,1207172800.0,20.35358565737052,2.807669295919992,0.11677342354719054,0.1751368266519001,0.02052390599012519,20.35358565737052,0.022158834816426925,4.31670798501009,17.405311791712673,1.5427257156838754,0.05555878421572616,1.8141307804314717,0.0007980147796343958,0.2382882264047259,1.9087446001503998,0.01477452259925814,-303.20749177423437,0.2188490919573364,0.030903233504355088,0.5801120208892929,0.4527902524270854,0.3505992884027217,-0.06420449292779884,0.0265481446128147,-0.66800802367964,0.21528692395331878,0.1908050972537778,0.05066018678341,Specialty Chemicals,Basic Materials,MTX
2007Q4,2007,Q4,2008-02-27,2007-12-31,16762000.0,250484000.0,81758000.0,0.4365104166666667,64902000.0,0.2591063700675492,1128893000.0,751173000.0,473310000.0,167149000.0,377720000.0,103373000.0,802096000.0,1285440000.0,1284189000.0,19.561796875,2.8316651610239965,0.11314978478916957,0.1700460479809578,0.06099519522310631,19.561796875,0.02231443355924667,5.131824787211958,19.171936523087936,1.7112436149861618,0.057749671876864334,1.7952656883325433,0.0007530495394573064,0.22188462502646397,1.911767345302694,0.01484817427338109,23.53897709168818,0.2591063700675492,1.1596016148689823,0.4636686477345335,0.3478323534975367,0.3246487636580061,0.19900240162571586,1.1589252021882792,1.6083003482039224,0.23720682226927103,0.08945405461784692,0.015640394079040373,Specialty Chemicals,Basic Materials,MTX
2007Q3,2007,Q3,2007-11-01,2007-09-30,-105471000.0,274221000.0,-134404000.0,-2.735,54130000.0,0.19739553134150922,1143680000.0,720459000.0,455987000.0,176492000.0,423221000.0,120472000.0,786302000.0,1310564000.0,1355151000.0,18.69088880817724,2.5836128549735964,0.1327591634023503,0.2107462048499637,-0.11918979177359866,18.69088880817724,-0.14639417371425717,4.779225515186656,-3.1064558030169427,1.8190681218500984,-0.00913047188326649,1.826905837040972,0.0007347981479729338,0.23977074006715166,1.787134827640913,-0.0922207260772244,39.13416345665741,0.19739553134150922,-8.391891891891891,-8.77805222584929,0.4959601788472951,0.3290202210981642,-0.07687847470923292,-8.337623486851259,-6.539463380455838,-7.938394172230139,0.23708185550548647,0.024536538080847242,Specialty Chemicals,Basic Materials,MTX
2007Q2,2007,Q2,2007-08-01,2007-07-01,14374000.0,279475000.0,24263000.0,0.37,58638000.0,0.20981483138026658,1229378000.0,804558000.0,437704000.0,176981000.0,424820000.0,125794000.0,892736000.0,1286726020.0,1373764020.0,20.9498489740652,2.47316943626717,0.14080453692843048,0.21515167334113885,0.01675255851351948,20.9498489740652,0.01786571011661061,4.6040827265408355,22.379400653958538,1.5992955386684367,0.06699596493669124,1.7555447795602335,0.0007484110720011708,0.2273304061078041,1.6544939852300529,0.011692091447870387,42.61387713197549,0.20981483138026658,0.3214285714285713,0.09405248704587602,0.5936629639716339,0.49204944518698646,0.06779568423927888,0.32834303668792164,0.22022731844699256,0.017979004011618036,0.30499721110684863,0.1723820121694831,Specialty Chemicals,Basic Materials,MTX
2007Q1,2007,Q1,2007-05-02,2007-04-01,10821000.0,273541000.0,19884000.0,0.28,54915000.0,0.20075601098190032,1229560000.0,772291000.0,433547000.0,207172000.0,457269000.0,128883000.0,879325000.0,1197041100.0,1318352100.0,20.274362070776014,2.0926910972525246,0.16379680536126745,0.2607799391680079,0.013783908347752904,20.274362070776014,0.014011557819526578,4.376093894516727,27.655510119212643,1.5499871162554013,0.08788466869975048,1.6963137108850663,0.000794458937124214,0.22247063990370539,1.3947734249802097,0.008800709196785841,78.10525251207099,0.20075601098190032,0.11157654226961164,-0.161638821260968,0.6034227465759172,0.49740591523058314,0.02462916316820599,0.030178979436405177,-0.03550640279394645,-0.07584113692555061,0.40410421706342176,0.16614751827004598,Specialty Chemicals,Basic Materials,MTX
