Quarters,Year,Quarter,FillingDate,Date,NetIncome,Revenue,OperatingIncome,EPSDiluted,GrossProfit,GrossProfitRatio,TotalAssets,CommonStockEquity,CurrentAssets,CurrentLiability,TotalLiability,Inventory,RetainedEarnings,MarketCap,EnterpriseValue,bookValuePerShare,currentRatio,debtToAssets,debtToEquity,roic,shareholdersEquityPerShare,roe,priceToSalesRatio,peRatio,pbRatio,payoutRatio,inventoryTurnover,dividendYield,assetTurnover,quickRatio,returnOnAssets,priceToFreeCashFlowsRatio,grossProfitMargin,epsdilutedGrowth,fiveYNetIncomeGrowthPerShare,fiveYRevenueGrowthPerShare,fiveYShareholdersEquityGrowthPerShare,grossProfitGrowth,netIncomeGrowth,operatingIncomeGrowth,threeYNetIncomeGrowthPerShare,threeYRevenueGrowthPerShare,threeYShareholdersEquityGrowthPerShare,Industry,Sector,Symbol
2023Q1,2023,Q1,2023-05-19,2023-03-31,2458574.0,22149360.0,2374150.0,0.19,5523430.0,0.2493719909,157425580.0,72854427.0,135163335.0,65902134.0,69731911.0,22502791.0,38675236.0,21154961.52,42923764.519999996,5.613468778836143,2.050970534580868,0.2361127715076546,0.5101980968157227,0.01882065284297964,5.613468778836143,0.03374639127969533,0.9551048662354127,2.151141425883459,0.29037304102329975,0.0,0.7388385734018504,0.0,0.1406973377515903,1.6169902631681092,0.015617372983475748,5.631834557138133,0.2493719908837095,3.909647779479326,690.7413115006998,0.0,1385.34360495603,0.44770415351021925,4.169400893619105,2.399747778320845,6.387423071752737,0.7303252004750734,0.46737555047003404,Specialty Industrial Machinery,Industrials,GTEC
2022Q4,2022,Q4,2023-03-31,2022-12-31,-775722.0,19134350.0,-1696127.0,-0.0653,3815303.0,0.1993954851,155115341.0,71195100.0,132364160.0,66208689.0,70197578.0,23096382.0,37228261.0,25913389.680000003,51215365.68000001,5.98938695078505,1.9991962082197399,0.26817251428406425,0.584277162332801,-0.007759816886605188,5.98938695078505,-0.010895721756132093,1.3542863844342767,-8.351377710055923,0.3639771512365318,0.0,0.6632660907669435,0.0,0.12335562605635506,1.5685700105011897,-0.005000936690072454,1.9288718044911306,0.1993954850831097,-1.3841176470588235,-1.9847867629506901,0.0,-0.7088596470264742,-0.20717615874002762,-1.3697095548407605,-1.8174980648532035,-1.1159507669127378,-0.756319012667774,0.23099230395029136,Specialty Industrial Machinery,Industrials,GTEC
2022Q3,2022,Q3,2022-11-14,2022-09-30,2098193.0,21786862.0,2074778.0,0.17,4812296.0,0.220880639,157675332.0,70587158.0,135341847.0,70262069.0,74384253.0,21884848.0,38220976.0,32511549.42,68243910.42,5.775235066603602,1.9262434045316827,0.2983279654676738,0.6663954511385768,0.01381751772459028,5.775235066603602,0.029724854484154184,1.492254801081496,3.8737558246548343,0.46058731278003856,0.0,0.7756309753670667,0.0,0.13817546298237698,1.5508071929962666,0.013307046659651238,-7.29578485304777,0.22088063898325513,-0.19047619047619038,20.66465973543829,0.0,0.5389115648043757,-0.005551582185424292,-0.11819363157332903,-0.06284192991204678,2.5780539792777493,0.0,1.264328301013987,Specialty Industrial Machinery,Industrials,GTEC
2022Q2,2022,Q2,2022-08-15,2022-06-30,2379426.0,20602505.0,2213904.0,0.21,4839161.0,0.234882166,150385658.0,63164217.0,129313092.0,71857967.0,73871241.0,23948131.0,36943012.0,45204824.7,86715765.7,5.5751842309433846,1.7995651338145984,0.29742773742426953,0.7081361588001637,0.018526142631085707,5.5751842309433846,0.03767047409136727,2.194142154073012,4.749551435934549,0.7156714172519545,0.0,0.6582285690687094,0.0,0.13699780467097467,1.388191667042292,0.015822160381809815,-15.448984218086302,0.23488216602786893,-0.19230769230769237,146.11647647425522,0.0,1937.1743159761093,-0.24007839856130067,-0.1836737914599914,-0.3422719695590031,5.004371091141698,0.0,1.1501507663229347,Specialty Industrial Machinery,Industrials,GTEC
2022Q1,2022,Q1,2022-05-16,2022-03-31,2914798.0,29306957.0,3365987.0,0.26,6367974.0,0.2172854043,164341107.0,64396993.0,140959470.0,83931734.0,86130664.0,24963483.0,35455748.0,55401401.699999996,97552875.69999999,5.6839950995319315,1.6794538046836969,0.2981926670361299,0.760987597666245,0.024421497850126588,5.6839950995319315,0.0452629519518093,1.890383969239795,4.751735943622851,0.8603103828155453,0.0,0.9189015411030584,0.0,0.17833004495947566,1.2981017168071376,0.017736268504020724,43.93289515211975,0.2172854042813111,6.046070460704607,937.7509848502477,0.0,1402.7613046939016,0.7273138586580604,5.954400782573426,7.301752352295569,9.033001826312672,1.6227084751593197,0.48581131679045614,Specialty Industrial Machinery,Industrials,GTEC
2021Q4,2021,Q4,2022-03-31,2021-12-31,419130.0,22939906.0,405455.0,0.0369,3686634.0,0.1607083307,162568442.0,62284790.0,139305403.0,85463224.0,87723776.0,25803474.0,33668696.0,73116629.53,117023408.53,5.477429721178233,1.6300040705227783,0.3381306256228992,0.8825488373646279,0.0034609339518511008,5.477429721178233,0.006729251234530934,3.187311645043358,43.61214273017918,1.1739082612303902,0.0,0.7461503826965314,0.0,0.14110921970944398,1.243976192613562,0.0025781756584712795,673.9915888203682,0.1607083307141712,-0.59,2.6858482935777164,0.0,-0.7337455676991301,-0.27676613509160497,-0.5924239654280458,-0.802378640682057,-0.9345094246043814,-0.6946048696803964,0.1257702812664672,Specialty Industrial Machinery,Industrials,GTEC
2021Q3,2021,Q3,2021-11-12,2021-09-30,1028348.0,23084793.0,2051676.0,0.09,5097430.0,0.22081332936362047,158059358.0,59584964.0,134442643.0,89343195.0,91582750.0,20608956.0,33340787.0,71410953.88000001,119764842.88000001,5.2400024588496645,1.5047888426197429,0.36299448970303927,0.9629052725449326,0.010072727927896378,5.2400024588496645,0.017258515084443114,3.093419719206493,17.360600176204944,1.1984727200640752,0.0,0.872793507832226,0.0,0.14605141569662708,1.1964706209577574,0.006506087415589781,-14.040685371338826,0.22081332936362047,-0.6538461538461539,11.359336735481167,0.0,0.3962895519453667,-0.10652427649382516,-0.6301908152216324,-0.40569011230233254,11.359336735481167,0.0,0.3962895519453667,Specialty Industrial Machinery,Industrials,GTEC
2021Q2,2021,Q2,2021-08-11,2021-06-30,2780753.0,28204307.0,3452199.0,0.26,5705169.0,0.20228006311234664,155879400.0,58477721.0,132110544.0,88529596.0,90770545.0,17731415.0,32312439.0,84785515.36,130517788.36,5.407354436584509,1.4922754645802292,0.3623906750988264,0.965995938863623,0.026690439050853457,5.407354436584509,0.04755234903904686,3.006119432751884,7.622532040781759,1.4498772166582894,0.0,1.2688856473101555,0.0,0.1809367177446154,1.1672595682013505,0.017839130763911075,26.333146162126837,0.20228006311234664,0.2380952380952382,178.6696425512352,0.0,1878.8294463883856,0.1176991478114806,0.3063961311078622,0.20939977361845777,178.6696425512352,0.0,1878.8294463883856,Specialty Industrial Machinery,Industrials,GTEC
2021Q1,2021,Q1,2021-05-12,2021-03-31,2128568.0,24610894.0,2854473.0,0.21,5104387.0,0.20740355876548003,145117744.0,48739228.0,121344448.0,88090705.0,90361431.0,17954414.0,28856900.0,127831184.16,175294638.16,4.716409805023588,1.3774943451752373,0.3828354580815424,1.139866597804955,0.022381666442000347,4.716409805023588,0.04367258340653241,5.194089420725635,15.013753866449179,2.6227576719106014,0.0,1.0864463189943152,0.0,0.16959258958711487,1.1365518643539065,0.014667868596413681,-31.97260735035505,0.20740355876548003,-0.5666135137689894,750.9771051682724,0.0,1163.799312004373,0.10754645418893778,-0.5772295587041254,0.04093697977729682,750.9771051682724,0.0,1163.799312004373,Specialty Industrial Machinery,Industrials,GTEC
2020Q4,2020,Q4,2021-03-31,2020-12-31,5034808.0,23895365.0,2742215.0,0.4845559487243966,4608734.0,0.19287146272927824,131978737.0,44889922.0,107643434.0,78808335.0,81317275.0,15380063.0,26728332.0,72553053.60000001,118525660.60000001,4.479522489457287,1.3658889507055314,0.40257713634583425,1.1835980022420176,0.0193296038244114,4.479522489457287,0.1121589830340984,3.036281454583347,3.602573007749253,1.616243699420997,0.0,1.254002080485626,0.0,0.18105465731195775,1.1281358247195554,0.03814862995696042,146.8587191543885,0.19287146272927824,23.22779743621983,23.979507571389465,0.0,-0.7822532139850307,0.3562216174604557,23.21360726772566,0.22459401103477225,23.979507571389465,0.0,-0.7822532139850307,Specialty Industrial Machinery,Industrials,GTEC
2020Q3,2020,Q3,2020-11-23,2020-09-30,207933.0,16520598.0,2239285.0,0.02,3398216.0,0.20569570181418373,121238404.0,42652143.0,59711364.0,66895782.0,69577068.0,12573915.0,21101803.0,24050740.8,54904818.8,4.25621580853759,0.8926028250929184,0.3404269409551119,0.9676610856340794,0.015218470482243803,4.25621580853759,0.004875089160232817,1.455803282665676,28.916454819581308,0.5638811817732112,0.0,1.0436194295889545,0.0,0.13626538666741275,0.6896032847033614,0.0017150753650633673,-9.156048059206018,0.20569570181418373,-0.8461538461538461,3.376857998920822,0.0,0.13414253351140265,0.17907227690823738,-0.8348554559338954,0.3502276221773343,3.376857998920822,0.0,0.13414253351140265,Specialty Industrial Machinery,Industrials,GTEC
2020Q2,2020,Q2,2020-08-14,2020-06-30,1259097.0,16576345.0,1658450.0,0.13,2882110.0,0.17386884744495845,107039029.0,39581178.0,82954036.0,56688114.0,59494886.0,9904996.0,21109938.0,23148838.02,53047758.019999996,3.9497672021811487,1.4633409042325876,0.32162401248987416,0.8697649675813085,0.02103718107963866,3.9497672021811487,0.031810498414170496,1.396498324570344,4.596317444168321,0.5848445950749621,0.010679876133451196,1.3825583574188218,0.0005808930879546584,0.15486262492160688,1.2450384925488966,0.011762971056099547,29.40274255622366,0.17386884744495845,3.3333333333333335,87.81572348517055,0.0,1372.1093051353657,0.4980186574689129,3.9056236947916343,23.246345029239766,87.81572348517055,0.0,1372.1093051353657,Specialty Industrial Machinery,Industrials,GTEC
2020Q1,2020,Q1,2020-04-03,2020-03-31,256664.0,9872067.0,68400.0,0.03,1923948.0,0.19488806143637397,107906648.0,38290348.0,82564204.0,58736588.0,61879401.0,12102779.0,20060011.0,33030353.4,61871894.4,3.825516090300142,1.405669052482245,0.32932550179855463,0.9280775144691816,0.0008057007239483326,3.825516090300142,0.006703099172668789,3.345839670658637,32.17275640526135,0.8626287073703274,0.0,0.6567185106825465,0.0,0.09148710652192625,1.1676835910182592,0.0023785744878295173,8.173816943599286,0.19488806143637397,-0.9466960430695972,94.36697043087476,0.0,943.7776368578259,-0.8445746691871455,-0.9425107961366853,-0.9896427506068227,94.36697043087476,0.0,943.7776368578259,Specialty Industrial Machinery,Industrials,GTEC
2019Q4,2019,Q4,2020-04-03,2019-12-31,4464560.0,52400840.0,6604070.0,0.56281,12378600.0,0.23622903754977972,106483840.0,38595880.0,80239710.0,55993320.0,67887970.0,9972880.0,23730170.0,39662850.0,53940110.0,4.8654950413296065,1.4330229034463398,0.15402102328390863,0.4249352521564478,0.10293537646614148,4.8654950413296065,0.115674522772897,0.7569124846090254,2.2209831427957067,1.0276446605181693,0.035750443492751804,4.0131075476692795,0.004024168712031536,0.4921013366910885,1.1839787317487158,0.04192711307180507,5.90354514711661,0.23622903754977972,3.81405,26.741845805961596,0.0,-0.7634913296864264,0.0,21.93491951101712,17.531748932356727,26.741845805961596,0.0,-0.7634913296864264,Specialty Industrial Machinery,Industrials,GTEC
2019Q3,2019,Q3,2019-10-21,2019-08-31,-213259.0,0.0,-399478.0,-0.2,0.0,0.0,45707261.0,5000001.0,236724.0,283327.0,40707260.0,0.0,-369297.0,20191893.400000002,20899893.400000002,2.5505290306257264,0.8355151468091639,0.01969052575694702,0.1799999640000072,-0.0677081241172671,2.5505290306257264,-0.04265179146964171,0.0,-23.670622810760626,4.038377872324426,0.0,0.0,0.0,0.0,0.6776622065669703,-0.004665757591556405,-55.649272686182975,0.0,-0.11111111111111122,-11.461335286159539,0.0,-0.320367296511183,0.0,-1.1086358962189526,-0.09937886489417036,-11.461335286159539,0.0,-0.320367296511183,Specialty Industrial Machinery,Industrials,GTEC
2019Q2,2019,Q2,2019-07-15,2019-05-31,-101136.0,0.0,-363367.0,-0.18,0.0,0.0,45227064.0,5000001.0,397650.0,294775.0,40227063.0,0.0,-156038.0,19572478.45,19477636.45,2.592927118537714,1.34899499618353,0.005527663701539415,0.049999990000002,-0.0692127487213812,2.592927118537714,-0.02022719595456081,0.0,-48.381581360741976,3.9144949071010187,0.0,0.0,0.0,0.0,1.1698481892969215,-0.002236183184475561,-48.10404703621233,0.0,-0.6363636363636362,-35.23951756001732,0.0,900.4132154512423,0.0,-9.511698367278235,-0.5680958032150178,-35.23951756001732,0.0,900.4132154512423,Specialty Industrial Machinery,Industrials,GTEC
2019Q1,2019,Q1,2019-04-12,2019-02-28,11882.0,0.0,-231725.0,-0.11,0.0,0.0,45104058.0,5000001.0,553300.0,87058.0,40104057.0,0.0,-54902.0,19160747.1,18659027.1,2.6225496212514594,6.355533092880608,0.0,0.0,-0.04634499073100185,2.6225496212514594,0.002376399524720095,0.0,403.14650521797677,3.8321486535702696,0.0,0.0,0.0,0.0,5.763054515380551,0.0002634352767105789,-134.00998111624006,0.0,-4.032021957913998,23.691894738135197,0.0,646.684175212538,0.0,1.253943150245779,0.17807611818536517,23.691894738135197,0.0,646.684175212538,Specialty Industrial Machinery,Industrials,GTEC
2018Q4,2018,Q4,2019-02-27,2018-11-30,-46790.0,0.0,-281930.0,-0.02186,0.0,0.0,45036630.0,44025870.0,729250.0,31280.0,1010770.0,0.0,-66780.0,20972686.0,20327986.0,20.572163527361255,23.313618925831204,0.0,0.0,-0.0064037348949606224,20.572163527361255,-0.0010627842220948729,0.0,-112.05752297499467,0.47637186953943217,0.0,0.0,0.0,0.0,20.61061381074169,-0.0010389320870589117,-78.47590645463049,0.0,0.6356666666666666,0.0,0.0,0.0,0.0,-3.022869916602184,-2.4091925946527684,0.0,0.0,0.0,Specialty Industrial Machinery,Industrials,GTEC
2018Q3,2018,Q3,2018-08-31,2018-08-31,-11631.0,0.0,-82697.0,-0.06,0.0,0.0,45097095.0,5000001.0,1026029.0,46129.0,40097094.0,0.0,-19999.0,12857052.05,11945110.05,3.7528050335613288,22.242602267554034,0.0,0.0,-0.01653939669212066,3.7528050335613288,-0.002326199534760093,0.0,-276.3531091479666,2.5714098957180207,,0.0,,0.0,19.76938585271738,-0.0002579101824629724,0.0,0.0,-40.465100207325506,0.0,0.0,0.0,0.0,-0.3899378585086042,-8.882528680688337,0.0,0.0,0.0,Specialty Industrial Machinery,Industrials,GTEC
2018Q2,2018,Q2,2018-05-31,2018-05-31,-8368.0,0.0,-8368.0,-0.001447,0.0,0.0,211094.0,16632.0,211094.0,194462.0,194462.0,0.0,-8368.0,55854120.0,56010823.0,0.0028765133171912835,1.0855282780183275,0.8606260717973984,10.923100048100048,-0.04219762487077986,0.0028765133171912835,-0.5031265031265031,0.0,-1668.6818833652007,3358.232323232323,,0.0,,0.0,0.12840554967037263,-0.03964110775294419,0.0,0.0,-4.261818181818181,0.0,0.0,0.0,0.0,-4.269521410579345,-4.269521410579345,0.0,0.0,0.0,Specialty Industrial Machinery,Industrials,GTEC
2018Q1,2018,Q1,2018-03-31,2018-03-31,-1588.0,0.0,-1588.0,-0.000275,0.0,0.0,99000.0,23412.0,99000.0,75588.0,75588.0,0.0,-1588.0,55854120.0,55904708.0,0.004049117952265652,1.3097317034449913,0.7635151515151515,3.228600717580728,-0.01604040404040404,0.004049117952265652,-0.06782846403553733,0.0,-8793.15491183879,2385.7047667862635,0.0,0.0,0.0,0.0,0.33074032915277557,-0.01604040404040404,-35172.61964735516,0.0,0.0,0.0,0.0,0.0,0.0,0.0,0.0,0.0,0.0,0.0,Specialty Industrial Machinery,Industrials,GTEC
