Year,Date,FillingDate,NetIncome,Revenue,OperatingIncome,EPSDiluted,GrossProfit,GrossProfitRatio,TotalAssets,CommonStockEquity,CurrentAssets,CurrentLiability,TotalLiability,Inventory,RetainedEarnings,EnterpriseValue,bookValuePerShare,currentRatio,debtToAssets,debtToEquity,roic,shareholdersEquityPerShare,roe,priceToSalesRatio,peRatio,pbRatio,payoutRatio,inventoryTurnover,dividendYield,assetTurnover,quickRatio,returnOnAssets,priceToFreeCashFlowsRatio,grossProfitMargin,epsdilutedGrowth,fiveYNetIncomeGrowthPerShare,fiveYRevenueGrowthPerShare,fiveYShareholdersEquityGrowthPerShare,grossProfitGrowth,netIncomeGrowth,operatingIncomeGrowth,threeYNetIncomeGrowthPerShare,threeYRevenueGrowthPerShare,threeYShareholdersEquityGrowthPerShare,Industry,Sector,Price,MarketCap,AvgVolume,Symbol
2022,2022-12-31,2023-03-01,-724008000.0,701440000.0,-679550000.0,-1.25,-194356000.0,-0.2770814325,5764276000.0,4060214000.0,3305298000.0,635275000.0,1704062000.0,645636000.0,-3120911000.0,7379193677.959999,7.003789857993881,5.202940458856401,0.15591342260502447,0.22134990914272007,-0.12031413152055369,7.003789857993881,-0.17831769458457117,10.22339142044936,-9.904718840068066,1.7661866290693051,0.0,1.387462904794652,0.0,0.12168744175330952,3.6996812404076973,-0.1256025908544282,-5.548253671933994,-0.2770814324817518,-0.5243902439024392,-1.1261561968020275,0.9692452118938664,19.57447530050485,-0.13452804856692546,-0.5740501994716989,-0.553882247486989,-2.4687188357275187,0.24630414800775333,11.332793051322433,Electrical Equipment & Parts,Industrials,11.165,6704995873,24387795,PLUG
2021,2021-12-31,2022-03-01,-459965000.0,502342000.0,-437324000.0,-0.82,-171310000.0,-0.3410226499,5950076000.0,4605696000.0,4448525000.0,420553000.0,1344380000.0,269163000.0,-2396903000.0,14086362856.710001,8.251241601359837,10.577798755448184,0.13615775664041938,0.17590153583736312,-0.07153692954271945,8.251241601359837,-0.09986872776666111,31.36803782425121,-34.258004101855576,3.421303285477374,0.0,2.5027659819514567,0.0,0.08442614850633841,9.513286078092417,-0.07730405460367229,-28.575050244105455,-0.3410226499078317,0.48101265822784817,-1.5890752739782206,0.8917089689160216,16.51525600394638,0.5953399489303001,0.18109357251968194,0.20524693601616678,-1.3090062104787032,0.12800341464822884,664.7025598441812,Electrical Equipment & Parts,Industrials,11.165,6704995873,24387795,PLUG
2020,2020-12-31,2021-05-14,-561682000.0,-100469000.0,-550264000.0,-1.58,-423343000.0,4.2136678976,2416137000.0,1506034000.0,1602935000.0,236005000.0,910103000.0,139386000.0,-1907515000.0,11433646494.46,4.244859071690122,6.791953560305926,0.29597576627484284,0.4748352294835309,-0.19499827807213313,4.244859071690122,-0.3729543954518955,-119.747708193174,-21.419473108378046,7.988486644033268,0.0,2.316401934197122,0.0,-0.04158249304571719,5.742344441855045,-0.23247108918078735,-58.25299349950854,4.213667897560441,-3.3888888888888897,-4.005187168386211,-1.4827132783664465,4.991699130465225,-16.137774440391905,-5.578150984938983,-9.99604332360817,-1.6951728625340972,-1.4608776701959116,11.46978420189612,Electrical Equipment & Parts,Industrials,11.165,6704995873,24387795,PLUG
2019,2019-12-31,2020-03-10,-85386000.0,230239000.0,-50042000.0,-0.36,27966000.0,0.1214650863,771184000.0,134679000.0,313340000.0,150791000.0,636505000.0,72391000.0,-1345807000.0,1147056784.8000002,0.5678997311353466,2.0779754759899465,0.6965263802153572,3.9883723520370657,-0.05699846025744282,0.5678997311353466,-0.6339963914195977,3.2548907213808262,-8.776647047525357,5.564362556894541,0.0,2.7941733088367338,0.0,0.29855261519948545,1.0938583867737464,-0.11072065810493993,-11.330381832751245,0.12146508627990914,0.0,0.3521169746854433,1.4067733597488616,-0.42870723170738223,9.665903890160184,-0.09308071433143443,0.2797950577839184,-0.13123883295845346,1.0407108243260816,0.20550453567722768,Electrical Equipment & Parts,Industrials,11.165,6704995873,24387795,PLUG
2018,2018-12-31,2019-03-13,-78115000.0,174632000.0,-69483000.0,-0.36,2622000.0,0.01501443034495396,390326000.0,2713000.0,155615000.0,146370000.0,387613000.0,47910000.0,-1260290000.0,505335097.88,0.012394787250466903,1.063161850105896,0.698193305083443,100.45079248064873,-0.13291909661645304,0.012394787250466903,-28.792849244378917,1.5542059753080764,-3.474545194648915,100.0420559823074,0.0,3.590273429346692,0.0,0.44740037814544764,0.5188836510213841,-0.20012758565916694,-3.516227673373149,0.01501443034495396,0.3898305084745763,0.5647222189011311,1.2924951735352461,1.0530105787691961,0.6615969581749049,0.38530846710733396,0.3174021534108771,-0.12830116446778955,0.36000898283815597,-0.9825045225915228,Electrical Equipment & Parts,Industrials,11.165,6704995873,24387795,PLUG
2017,2017-12-31,2018-03-12,-127080000.0,132929000.0,-101792000.0,-0.59,1578000.0,0.011870998803872743,270810000.0,73646000.0,119607000.0,115721000.0,197164000.0,48776000.0,-1178636000.0,589451804.5999999,0.3404115903661477,1.033580767535711,0.38295483918614526,1.4081959644787225,-0.40891981247665,0.3404115903661477,-1.7255519648046058,3.8409361734459746,-4.01771958293988,6.932783920375852,0.0,2.692943250779072,0.0,0.4908570584542668,0.34703294993994177,-0.46925888999667664,-4.883751538571906,0.011870998803872743,-0.8437499999999999,0.36625595011097506,-0.1909889716968145,-0.22143058685006015,-0.6001013684744044,-1.2105867413502183,-0.9758147479570644,-0.05698916036223209,0.5232087926139015,-0.6575545485285318,Electrical Equipment & Parts,Industrials,11.165,6704995873,24387795,PLUG
2016,2016-12-31,2017-03-10,-57487000.0,85928000.0,-51519000.0,-0.32,3946000.0,0.04592216739595941,240832000.0,85088000.0,110933000.0,66485000.0,155744000.0,29940000.0,-1051467000.0,239076832.0,0.47108883818202496,1.668541776340528,0.2837953428115865,0.8032507521624671,-0.2584490789402552,0.47108883818202496,-0.675618183527642,2.5223888837165998,-3.770310365821838,2.5472902406919893,0.0,2.7382097528390115,0.0,0.35679643901142705,0.8714296457847635,-0.23870166755248473,-2.4711134521325717,0.04592216739595941,0.0,0.7823041733569666,-0.6766275867197231,-0.6953354677688496,1.398988877654196,-0.03226791165379781,0.12682620928104132,0.6118076944528681,0.36698743110264287,3.0147737479557435,Electrical Equipment & Parts,Industrials,11.165,6704995873,24387795,PLUG
2015,2015-12-31,2016-03-15,-55690000.0,103288000.0,-59002000.0,-0.32,-9890000.0,-0.09575168461002247,209456000.0,124736000.0,131230000.0,42706000.0,84720000.0,32752000.0,-993876000.0,322349857.40999997,0.7084566463137028,3.0728703226712875,0.07070219998472232,0.11872274243201641,-0.3822511888256864,0.7084566463137028,-0.4464629297075423,3.5967571974479124,-6.670889879870712,2.9783050395234736,0.0,3.4556057645334635,0.0,0.49312504774272403,2.028075680232286,-0.2658792300053472,-7.313892534748198,-0.09575168461002247,0.4285714285714286,0.9116067644056793,-0.6046472579621945,-0.7833497544553947,-1.0339047186589474,0.37064786869036204,-0.555486706364857,0.6587440773760175,-0.22758470794722568,0.6203404671660859,Electrical Equipment & Parts,Industrials,11.165,6704995873,24387795,PLUG
2014,2014-12-31,2015-03-17,-88487823.0,64229884.0,-37931536.0,-0.56,-4862568.0,-0.07570569487561273,205880660.0,158283119.0,192745226.0,25706641.0,47597541.0,24735601.0,-938080766.0,334494281.0,0.9940607734850002,7.4978767548821335,0.014634104048432718,0.01903474621320799,-0.2300110648924307,0.9940607734850002,-0.559047759224406,7.437136971942842,-5.3983297227235445,3.017924135043106,0.0,2.793239266755637,0.0,0.31197628762215934,6.313538163154027,-0.42980153162516577,-11.321559375395285,-0.07570569487561273,0.3170731707317072,0.8237462791973111,-0.576322519897554,-0.8545987813549842,0.5676656673103802,-0.41197178884679836,-0.3095839051094525,0.6198913025201962,-0.725811497207877,-0.35711688323610347,Electrical Equipment & Parts,Industrials,11.165,6704995873,24387795,PLUG
2013,2013-12-31,2014-03-31,-62669682.0,26601428.0,-28964571.0,-0.82,-11247240.0,-0.4228058734290505,35355621.0,-17872150.0,23713102.0,12603071.0,53227771.0,10406320.0,-849437066.0,117246988.4,-0.2338172406008404,1.8815336357305295,0.10739084458451457,-0.2124461802301346,2.7997303584734357,-0.2338172406008404,3.506555282940217,4.453762121341756,-1.8904904033181467,-6.629109111103029,0.0,3.637084771561897,0.0,0.7523960051500722,0.9089786925742146,-1.7725521494870646,-4.389342083828807,-0.4228058734290505,0.11827956989247322,0.9397823481591299,-0.8262291374521828,-1.01660473081352,0.21644184408047926,-0.9668818352786009,0.21016732184346323,0.7708723142257198,-0.7654593620225806,-1.0715026993568546,Electrical Equipment & Parts,Industrials,11.165,6704995873,24387795,PLUG
2012,2012-12-31,2013-04-01,-31862454.0,26108457.0,-36671781.0,-0.93,-14354059.0,-0.5497858031211879,39460002.0,15030303.0,23940698.0,17039200.0,24429699.0,8550457.0,-786646266.0,13144117.5,0.4372270276954612,1.4050365040612236,0.13523096121485245,0.3550303676512709,-1.642879859436883,0.4372270276954612,-2.119881016370728,0.6583389244335657,-0.5394503982649924,1.143570658555586,0.0,4.732205073951018,0.0,0.6616435802512124,0.78652659749284,-0.8074620472649748,-0.8491141889773325,-0.5497858031211879,0.36301369863013694,0.8663476029451084,-0.5923025653072634,-0.98465725852449,-0.5474622865564093,-0.16057796264975166,-0.17813030516397912,0.7060354690595105,-0.2022985591703262,-0.9360468249555998,Electrical Equipment & Parts,Industrials,11.165,6704995873,24387795,PLUG
2011,2011-12-31,2012-03-30,-27453954.0,27625942.0,-31127101.0,-1.46,-9275870.0,-0.335766650056675,55655999.0,29035665.0,39494523.0,20079742.0,26620334.0,10354707.0,-754783812.0,29855471.64,1.546254284120633,1.9668839868560064,0.09711639530538298,0.18615416591974043,-0.9037863114288224,1.546254284120633,-0.945525235946895,1.386640666949927,-1.3953274140402507,1.319317282383579,0.0,3.563771722367422,0.0,0.4963695288265331,1.3568800834193986,-0.49327933184704853,-1.1059886036610644,-0.335766650056675,0.5921787709497207,0.7497880463240679,0.6165547898356969,-0.9547978793608465,0.07327476179900311,0.4153623333892191,0.3450906024141203,0.8926206833488238,-0.26542099684661247,-0.8901914328853691,Electrical Equipment & Parts,Industrials,11.165,6704995873,24387795,PLUG
2010,2010-12-31,2011-03-31,-46958921.0,19472649.0,-47528866.0,-3.58,-10009299.0,-0.5140183546676161,59176925.0,42913363.0,38678661.0,15019834.0,16263562.0,10539116.0,-727329858.0,37741480.31,3.270047742308427,2.575172335459899,0.00016824125281940554,0.0002320023252430717,-1.1072970848316739,3.270047742308427,-1.0942726861094527,2.500272423644056,-1.0367982541592042,1.1345400105323835,0.0,2.7973833858551322,0.0,0.3290581421728148,1.7014221994730434,-0.7935343210212427,-1.1627854347311515,-0.5140183546676161,-0.13650793650793655,0.45738680323757147,-0.1367102918784039,-0.7946630931671759,-0.3549410349550537,-0.15353945775325048,-0.15163506762776657,0.4840139999264333,-0.2034664247826473,-0.8852506959890895,Electrical Equipment & Parts,Industrials,11.165,6704995873,24387795,PLUG
2009,2009-12-31,2010-03-16,-40708552.0,12292556.0,-41270770.0,-3.15,-7387258.0,-0.6009537804830826,164184522.0,88268753.0,133498775.0,73489820.0,75915769.0,6360755.0,-680370937.0,138026701.6,6.8366742916502785,1.816561463887107,0.37116236815550735,0.6903815215334468,-0.5531983035023441,6.8366742916502785,-0.4611887062684572,7.457242301763766,-2.251825822741128,1.038516637931885,0.0,3.093943093233429,0.0,0.07487037054564742,1.6862277523608031,-0.24794390789163426,-2.364956504063457,-0.6009537804830826,0.7687224669603524,0.5066930136993442,-0.5686666629368192,-0.5104059675936266,0.5090166113014221,0.6655008712241502,0.6735780537941398,0.4603930097333604,0.046174881419962274,-0.8001414261060407,Electrical Equipment & Parts,Industrials,11.165,6704995873,24387795,PLUG
2008,2008-12-31,2009-03-16,-121700024.0,17901317.0,-126433809.0,-13.62,-15045841.0,-0.8404879372841674,209111967.0,125864122.0,168105335.0,81934395.0,83247845.0,6264372.0,-639662385.0,73201649.6,14.081362909566733,2.0517065513207244,0.30067624011207356,0.49954664602514764,-1.3397732029292793,14.081362909566733,-0.966915925413598,5.092985594300129,-0.7491465211214748,0.7243617017405484,0.0,5.259451067082223,0.0,0.08560637278114265,1.9465601106836756,-0.5819849803239621,-1.5715069948416367,-0.8404879372841674,-0.9653679653679653,-0.5439954471988002,-0.03651045132296874,-0.4130157475943052,-0.23600127100982027,-1.0092188290809885,-0.7480470383171207,-1.0646388931488933,0.1651925756336925,-0.11578553840937383,Electrical Equipment & Parts,Industrials,11.165,6704995873,24387795,PLUG
TTM,,,,,,,,,,,,,,,,7152050873.0,6.655830995643088,4.394314726805797,0.1630528539236974,0.23508370201318324,-0.13486944926827973,6.655830995643088,-0.18715643554852837,8.69736130975467,-8.498444175311336,1.6774764875052592,0.0,1.2883727046640943,0.0,0.13634777496585218,2.759800159400183,-0.13690613154046105,-4.610589490875084,-0.29627083379273933,,,,,,,,,,,Electrical Equipment & Parts,Industrials,11.165,6704995873,24387795,PLUG
