Quarters,Year,Quarter,FillingDate,Date,NetIncome,Revenue,OperatingIncome,EPSDiluted,GrossProfit,GrossProfitRatio,TotalAssets,CommonStockEquity,CurrentAssets,CurrentLiability,TotalLiability,Inventory,RetainedEarnings,MarketCap,EnterpriseValue,bookValuePerShare,currentRatio,debtToAssets,debtToEquity,roic,shareholdersEquityPerShare,roe,priceToSalesRatio,peRatio,pbRatio,payoutRatio,inventoryTurnover,dividendYield,assetTurnover,quickRatio,returnOnAssets,priceToFreeCashFlowsRatio,grossProfitMargin,epsdilutedGrowth,fiveYNetIncomeGrowthPerShare,fiveYRevenueGrowthPerShare,fiveYShareholdersEquityGrowthPerShare,grossProfitGrowth,netIncomeGrowth,operatingIncomeGrowth,threeYNetIncomeGrowthPerShare,threeYRevenueGrowthPerShare,threeYShareholdersEquityGrowthPerShare,Industry,Sector,Symbol
2023Q1,2023,Q1,2023-05-09,2023-03-31,-206561000.0,210286000.0,-209799000.0,-0.35,-69396000.0,-0.3300077038,5654093000.0,3921650000.0,2977324000.0,677540000.0,1732443000.0,775649000.0,-3327472000.0,6905484533.8,7352539533.8,6.655830995643088,4.394314726805797,0.1630528539236974,0.23508370201318324,-0.03748818572402309,6.655830995643088,-0.05267196205678732,32.83853672522184,-8.35768191212281,1.7608620182321217,0.0,0.36057804496621537,0.0,0.03719181838714008,2.759800159400183,-0.0365330036134885,-15.114669796201571,-0.3300077037938807,0.1250000000000001,-3.011882396373692,1.7857877797385207,29.52571870785713,0.13770222918064565,0.07564495558588594,0.10240273130995063,-1.8547443283381828,1.6688165794663754,17.615356589482545,Electrical Equipment & Parts,Industrials,PLUG
2022Q4,2022,Q4,2023-03-01,2022-12-31,-223465000.0,220742000.0,-233734000.0,-0.4,-80478000.0,-0.3645794638,5764276000.0,4060214000.0,3305298000.0,635275000.0,1704062000.0,645636000.0,-3120911000.0,6904713529.49,7112811529.49,7.273994346831321,5.202940458856401,0.15591342260502447,0.22134990914272007,-0.04120716102668293,7.273994346831321,-0.05503773939009126,31.27956405890134,-7.7246028790750225,1.700578720601919,0.0,0.4665477141918976,0.0,0.0382948352924114,3.6996812404076973,-0.03876722766224241,-16.053403973155643,-0.36457946380842793,-0.3333333333333335,-3.6980469091582586,1.679871146320127,21.531054470764353,-0.7471289321147124,-0.3086648941777252,-0.46316026692374146,-7.089183029456117,-0.044970261693377915,11.80858917169961,Electrical Equipment & Parts,Industrials,PLUG
2022Q3,2022,Q3,2022-11-08,2022-09-30,-170758000.0,188628000.0,-159746000.0,-0.3,-46063000.0,-0.2442002248,5858804000.0,4223576000.0,3651652000.0,599391000.0,1635228000.0,516280000.0,-2897446000.0,12144689270.78,11292542270.78,7.306677822832497,6.092270321042525,0.1528649874616048,0.21204922084982014,-0.028007567179922928,7.306677822832497,-0.040429721165192715,64.38433992185678,-17.78055679789527,2.8754518140031107,0.0,0.4545808476020764,0.0,0.03219564948750633,4.743447932985314,-0.02914553891886467,-42.73770892845078,-0.24420022478105052,0.0,-0.6273045217791551,0.19932910238327528,18.01460592384062,-0.4188510703834899,0.01464546209952913,-0.08738062337909863,-2.29456909306929,0.37043675853265845,121.08368328718207,Electrical Equipment & Parts,Industrials,PLUG
2022Q2,2022,Q2,2022-08-09,2022-06-30,-173296000.0,151267000.0,-146909000.0,-0.3,-32465000.0,-0.2146205055,5734404000.0,4338581000.0,3894070000.0,427769000.0,1395823000.0,429549000.0,-2726688000.0,9578177116.460001,8144401116.460001,7.505633514174349,9.103207572311224,0.14337584167421757,0.1895032039277358,-0.025850156201463362,7.505633514174349,-0.03994301362588367,63.31967393059954,-13.817654643586696,2.2076750708261526,0.0,0.4277323425266966,0.0,0.026378852972340282,7.496246806103294,-0.03022040302706262,-33.83199857461764,-0.2146205054638487,-0.111111111111111,-0.5497458247632558,1.550551440890831,15.82732970709672,0.08158646637811537,-0.1074005201643566,-0.05567651856482779,-2.7329717026171996,0.0597881797502627,163.80276854854816,Electrical Equipment & Parts,Industrials,PLUG
2022Q1,2022,Q1,2022-05-09,2022-03-31,-156489000.0,140804000.0,-139161000.0,-0.27,-35349000.0,-0.2510511065,5803805000.0,4476232000.0,4099894000.0,358331000.0,1327573000.0,333379000.0,-2553392000.0,16532774383.63,14855343383.63,7.746128662277284,11.441639154859613,0.14097355097216396,0.18278386821773313,-0.023886708202932167,7.746128662277284,-0.03495998420099763,117.41693690257378,-26.412039158710837,3.6934578868186456,0.0,0.5283866110342883,0.0,0.02426063591040705,9.87532476955664,-0.02696317329751775,-56.022603118271554,-0.25105110650265616,0.1818181818181818,-1.1537481593983945,2.0577363451550257,23.39422413688678,0.5972220639677313,0.18881470499808203,0.281864579086701,-0.7602938594567114,1.891033520972448,1449.1654578630757,Electrical Equipment & Parts,Industrials,PLUG
2021Q4,2021,Q4,2022-03-01,2021-12-31,-192914000.0,161905000.0,-193781000.0,-0.33,-87763000.0,-0.5420647911,5950076000.0,4605696000.0,4448525000.0,420553000.0,1344380000.0,269163000.0,-2396903000.0,16284174765.81,14613054765.81,7.984365185823567,10.577798755448184,0.13615775664041938,0.17590153583736312,-0.03027296726636347,7.984365185823567,-0.04188596034128175,100.57857858503444,-21.102893991376988,3.535659923236358,0.0,0.9275717687795128,0.0,0.02721057680607777,9.513286078092417,-0.03242210687729031,-173.87034354944103,-0.5420647910811895,-0.736842105263158,-2.1443030634460047,0.5561321190759013,15.948746263307712,-1.823959070725272,-0.808495279879255,-0.9640696106949921,-3.342180731574788,0.026314767420299038,642.7425273734145,Electrical Equipment & Parts,Industrials,PLUG
2021Q3,2021,Q3,2021-11-09,2021-09-30,-106671000.0,143922000.0,-98663000.0,-0.19,-31078000.0,-0.21593640999986102,5740100000.0,4706889000.0,4787995000.0,269943000.0,1033211000.0,229814000.0,-2203989000.0,14673261385.24,12031180385.24,8.192721570469983,17.73705930511256,0.1271547534015087,0.15506654182837115,-0.0169318196639275,8.192721570469983,-0.022662739656703186,101.95287298147608,-34.38905931612153,3.117401193280742,0.0,0.7614853751294525,0.0,0.0250730823504817,16.317322545870795,-0.018583474155502516,-86.06523189184117,-0.21593640999986102,-0.05555555555555561,-1.5003931020933152,1.5733545540204035,14.785081120342147,0.22879547372078018,-0.07062850031113876,-0.10069502549170543,-1.6118160761063731,0.031684050545569734,123.5277219331899,Electrical Equipment & Parts,Industrials,PLUG
2021Q2,2021,Q2,2021-08-05,2021-06-30,-99634000.0,124557000.0,-89637000.0,-0.18,-40298000.0,-0.32353059241953486,5788826000.0,4830869000.0,4966411000.0,251078000.0,957957000.0,209820000.0,-2097319000.0,19386882955.18,16932238955.18,8.519544451361572,19.780351125944925,0.12187721655479021,0.14604535954090248,-0.01521998918060945,8.519544451361572,-0.020624446657526833,155.64667545926764,-48.64524899928739,4.013125372511653,0.0,0.7856972643217996,0.0,0.02151679805197116,18.378957933391217,-0.017211434581035946,-123.49512982246712,-0.32353059241953486,-0.5,-1.41298518652381,0.9356614226517483,13.656362976149385,-2.3109851285843397,-0.6401738386066572,-0.856530383994035,-0.4557574698488716,0.17908678809560666,68.88169118154562,Electrical Equipment & Parts,Industrials,PLUG
2021Q1,2021,Q1,2021-06-22,2021-03-31,-60746000.0,71958000.0,-48282000.0,-0.12,-12171000.0,-0.16914033186025182,5786241000.0,4919063000.0,5096184000.0,191813000.0,867178000.0,187732000.0,-1997684000.0,18402345006.08,14721709006.080002,9.580258269353825,26.568501613550698,0.11552059445847486,0.13588563513010507,-0.008179375005082251,9.580258269353825,-0.012349099818400374,255.7373051791323,-75.73480149343168,3.741026493476502,0.0,0.44813350947094793,0.0,0.012436053043763646,25.00851350012773,-0.010498352903033248,-141.21974526958792,-0.16914033186025182,0.9000000000000001,-0.8130202937003969,0.646459071862105,13.872330071312126,0.974034147517446,0.8810397128315196,0.9042851818664805,-0.3538761250520635,0.09390128026150422,42.938055108423164,Electrical Equipment & Parts,Industrials,PLUG
2020Q4,2020,Q4,2021-05-14,2020-12-31,-510641000.0,-309109000.0,-504436000.0,-1.2,-468731000.0,1.5163938934162382,2251282000.0,1466919000.0,1603196000.0,222366000.0,784363000.0,139386000.0,-1946488000.0,14423920400.729998,13673445400.729998,3.448661799844824,7.2097173128985546,0.3074195058637701,0.47179701128692175,-0.20242284543011005,3.448661799844824,-0.3481044283972053,-46.66289367417318,-7.061673661500937,9.832799493857534,0.0,1.1451795732713472,0.0,-0.13730354526887348,6.09555867353822,-0.22682231723968832,-650.165445153482,1.5163938934162382,-9.909090909090908,-7.387608439935262,-4.329300314480774,3.8678515725544704,-362.35736434108526,-11.967343000076182,-17.32247284878864,-13.087825280638322,-5.924487367451004,9.68216211872591,Electrical Equipment & Parts,Industrials,PLUG
2020Q3,2020,Q3,2020-11-09,2020-09-30,-39379000.0,106989000.0,-27531000.0,-0.11,-1290000.0,-0.012057314303339596,1500629000.0,617444000.0,778014000.0,263851000.0,883185000.0,134306000.0,-1431340000.0,4975251395.04,5228250395.04,1.6642222437753682,2.9486869483155265,0.46723007485527734,1.135550754400399,-0.01373636505948026,1.6642222437753682,-0.06377744378437558,46.5024572156016,-31.585689041367225,8.057818028906265,0.0,0.8062111893735202,0.0,0.07129610316740513,2.1272346892753866,-0.026241662662790072,-81.56149827934426,-0.012057314303339596,-2.666666666666667,-0.8433290111860097,0.6272662581615428,0.9857882328467539,-1.2541371158392436,-3.549329944547135,-0.04525608413379399,0.4153087993144677,0.05985253616448493,3.3309053584096815,Electrical Equipment & Parts,Industrials,PLUG
2020Q2,2020,Q2,2020-08-10,2020-06-30,-8656000.0,68070000.0,-26339000.0,-0.03,5076000.0,0.0745702952842662,1030314000.0,239965000.0,394655000.0,208354000.0,790349000.0,114571000.0,-1391961000.0,2599655860.5000005,3100992860.5000005,0.7578359428009375,1.8941560997149083,0.6345919787559909,2.72468484987394,-0.006919258765248083,0.7578359428009375,-0.03607192715604359,38.19091906126047,-75.08248210778652,10.833479301148087,0.0,0.5498249993453841,0.0,0.06606723775470391,0.9503729230060378,-0.008401322315332995,-46.30500980549322,0.0745702952842662,0.75,0.48609974384222504,0.5529472916802014,-0.07157768204655272,2.135316484008052,0.7690439979721978,-0.017106889094840903,0.8586887180691274,1.095237680297911,0.6990378292941044,Electrical Equipment & Parts,Industrials,PLUG
2020Q1,2020,Q1,2020-05-08,2020-03-31,-37479000.0,40813000.0,-25896000.0,-0.12,-4471000.0,-0.10954842819689804,748544000.0,109120000.0,277053000.0,151622000.0,639424000.0,92972000.0,-1383299000.0,1080380391.54,1550074391.54,0.3575451785545464,1.8272612153909062,0.7267896075581395,4.985648826979472,-0.026495541104103657,0.3575451785545464,-0.34346590909090907,26.471477018106974,-7.206571623709277,9.900846696664223,0.0,0.4870713763283569,0.0,0.05452318100205198,0.6514687842133727,-0.05006920100889193,-16.278143612174176,-0.10954842819689804,-1.424242424242424,-0.9263900404890912,1.4623138303671868,-0.5841576990866955,-1.2314182194616978,-2.1932350685865214,-24.818544366899303,0.023317179460718977,0.6781779563001918,0.12598661925125032,Electrical Equipment & Parts,Industrials,PLUG
2019Q4,2019,Q4,2020-03-10,2019-12-31,-11737000.0,98202000.0,-1003000.0,-0.0495,19320000.0,0.1967373373251054,771184000.0,134679000.0,313340000.0,150791000.0,636505000.0,72391000.0,-1345807000.0,749402784.8000001,1147056784.8000002,0.5678997311353466,2.0779754759899465,0.6965263802153572,3.9883723520370657,-0.0011434864594330222,0.5678997311353466,-0.08714795922155644,7.63123749821796,-15.962400630484792,5.564362556894541,0.0,1.0896658424389771,0.0,0.12733926015062552,1.0938583867737464,-0.01521945476047221,-150.0606297156588,0.1967373373251054,0.44999999999999996,-0.1973700828028385,2.342035266154714,-0.37877892903399474,2.6716077537058154,0.44712421687314524,0.923818927540635,0.5346878273488475,1.2957954728892613,0.20550453567722768,Electrical Equipment & Parts,Industrials,PLUG
2019Q3,2019,Q3,2019-11-08,2019-09-30,-21229000.0,56376000.0,-13166000.0,-0.09,5262000.0,0.09333759046402725,556009000.0,-14406000.0,196792000.0,126340000.0,570415000.0,80601000.0,-1334057000.0,622677540.23,1032781540.23,-0.060846549862719146,1.5576381193604558,0.8154166569246182,-31.47153963626267,-0.019121341950475636,-0.060846549862719146,1.4736221019019853,11.045081953845608,-7.332864716072353,-43.22348606344578,0.0,0.6341608664904902,0.0,0.10139404218277043,0.5355944277346841,-0.03818103663789615,-104.33604896615282,0.09333759046402725,-0.12499999999999993,-0.6258435162416534,1.0307797409020663,-1.0629683748603498,-0.4817805790821351,-0.14374225526641884,-0.06126068031597614,-0.20750731717444684,1.4460481869646649,-1.117234269127111,Electrical Equipment & Parts,Industrials,PLUG
2019Q2,2019,Q2,2019-08-09,2019-06-30,-18561000.0,57068000.0,-12406000.0,-0.08,10154000.0,0.17792808579238803,456994000.0,-10655000.0,153028000.0,102806000.0,467649000.0,73190000.0,-1312815000.0,517697304.32000005,852594304.32,-0.04610261595112955,1.488512343637531,0.7762508916966087,-33.29347724073205,-0.02330723809416455,-0.04610261595112955,1.7419990614734866,9.071586604051308,-6.9729177350358285,-48.58726460065697,0.0,0.6409892061757071,0.0,0.12487691304481022,0.45169542633698423,-0.04061541289382355,-31.107877918519414,0.17792808579238803,0.4666666666666666,-4.312650657330623,1.2797061743878322,-1.0431435509375597,2.4998522895125554,0.45309093052036065,0.471342736608855,-0.10288305084209497,1.1758798484219708,-1.0793113619381116,Electrical Equipment & Parts,Industrials,PLUG
2019Q1,2019,Q1,2019-05-08,2019-03-31,-33938000.0,18593000.0,-23467000.0,-0.15,-6770000.0,-0.3641155273490023,396199000.0,-1180000.0,166465000.0,88760000.0,397379000.0,65474000.0,-1294241000.0,518421909.8,764537909.8,-0.0053489251661253765,1.8754506534474988,0.7204763262905762,-241.90847457627117,-0.05594520626323117,-0.0053489251661253765,28.76101694915254,27.88263915452052,-3.818889664977312,-439.3406015254238,0.0,0.38737514127745365,0.0,0.04692843747712639,0.804393871113114,-0.08565897440427664,-13.452575701274101,-0.3641155273490023,-0.8749999999999999,0.7287498321084781,1.022218812959531,-1.0155612673639607,-2.5021078322609274,-1.0144832907936132,-0.8164718631473025,-1.357549972054212,-0.009827166428930775,-1.008303636328035,Electrical Equipment & Parts,Industrials,PLUG
2018Q4,2018,Q4,2019-03-13,2018-12-31,-16847000.0,59820000.0,-12919000.0,-0.08,4507000.0,0.07534269475091943,390326000.0,2713000.0,155615000.0,146370000.0,387613000.0,47910000.0,-1260290000.0,271233474.52,505154474.52,0.012403041350089475,1.063161850105896,0.698193305083443,100.45079248064873,-0.025184121111852885,0.012403041350089475,-6.209730925175083,4.534160389836175,-4.024952135691815,99.97547899741983,0.0,1.1545188895846379,0.0,0.15325650866199023,0.5188836510213841,-0.04316135742943079,-15.052637467118041,0.07534269475091943,-0.14285714285714277,0.7240125719430248,2.5231531860727436,1.071811550010332,0.02222726241778181,-0.08236427883070993,-0.021668643732700672,0.4618802062541897,0.2529151348960943,-0.982492871773275,Electrical Equipment & Parts,Industrials,PLUG
2018Q3,2018,Q3,2018-11-09,2018-09-30,-15565000.0,53165000.0,-12645000.0,-0.07,4409000.0,0.08293049938869557,319278000.0,14405000.0,123827000.0,117095000.0,304873000.0,53428000.0,-1243430000.0,422579494.58,626391494.5799999,0.06579034325276939,1.0574917801784876,0.6816536059484212,15.108434571329399,-0.031007554714706172,0.06579034325276939,-1.0805275945852135,7.948452827612151,-6.7873352807581115,29.335612258243664,0.0,0.9125552144942727,0.0,0.1665163274638403,0.3291857039156241,-0.04875061858317829,178.37884954833262,0.08293049938869557,0.4166666666666666,0.6236552770803895,3.4162229607550394,1.497642068947735,1.7368094351334575,0.39829132518942323,0.4496910087910175,-0.23458911013643896,0.3701889197049505,-0.9214974502624587,Electrical Equipment & Parts,Industrials,PLUG
2018Q2,2018,Q2,2018-08-09,2018-06-30,-25868000.0,39927000.0,-22978000.0,-0.12,1611000.0,0.04034863626117665,276227000.0,26128000.0,117860000.0,109666000.0,250099000.0,42288000.0,-1224365000.0,432916930.24,578700930.24,0.1219138276036945,1.0747177794393887,0.5821986988961977,6.1550443968156765,-0.0790635298972669,0.1219138276036945,-0.9900489895897122,10.842711203947204,-4.183904150301531,16.569080306184937,0.0,0.906072644721907,0.0,0.14454416114282817,0.42441595389637626,-0.09364761591010293,-13.036525242110335,0.04034863626117665,-0.3333333333333333,0.11085004084092753,0.7061883377394609,0.20192699307466747,1.767508337303478,-0.3041593143433325,-0.09727329162886204,-1.2690493477283566,0.34582052458653295,-0.8506437712678795,Electrical Equipment & Parts,Industrials,PLUG
2018Q1,2018,Q1,2018-05-10,2018-03-31,-19835000.0,29080000.0,-20941000.0,-0.09,-2099000.0,-0.07218019257221459,298306000.0,49492000.0,145532000.0,113341000.0,248814000.0,47348000.0,-1198484000.0,429003090.18,541211090.1800001,0.2180401077315149,1.284019022242613,0.5328555241932781,3.211710983593308,-0.06475285133270814,0.2180401077315149,-0.4007718419138447,14.752513417469052,-5.407147594907991,8.668130004445162,0.0,0.6585072231139647,0.0,0.0974837918110933,0.6152407337150723,-0.06649212553552393,-15.14253256785853,-0.07218019257221459,0.0,0.5051551446987343,-0.0346049008805965,0.3734709370235402,-2.852603706972639,-0.020371418282833478,-0.18197211717559406,-0.3707657650244716,1.3589248334451787,-0.7464088301875241,Electrical Equipment & Parts,Industrials,PLUG
2017Q4,2017,Q4,2018-03-12,2017-12-31,-19439000.0,33663000.0,-17717000.0,-0.09,1133000.0,0.03365713097466061,270810000.0,73646000.0,119607000.0,115721000.0,197164000.0,48776000.0,-1178636000.0,538356207.3199999,617236207.3199999,0.322843050078719,1.033580767535711,0.38295483918614526,1.4081959644787225,-0.07117290472383692,0.322843050078719,-0.26395187790239794,15.992520194872707,-6.923661290704254,7.310053598566114,0.0,0.6669263572248647,0.0,0.12430486318821314,0.34703294993994177,-0.07178095343598834,106.81670780158728,0.03365713097466061,0.5,0.6163102585492434,-0.04911447888640881,-0.1804163749030077,-0.8295471641341958,0.5256813800844252,0.5130150353206344,-1.061653691644932,0.19100616834879902,-0.6468445143953854,Electrical Equipment & Parts,Industrials,PLUG
2017Q3,2017,Q3,2017-11-08,2017-09-30,-40983000.0,61427000.0,-36381000.0,-0.18,6647000.0,0.10820974490045095,275683000.0,86753000.0,133173000.0,103148000.0,188930000.0,44687000.0,-1159185000.0,589240216.35,680676216.35,0.3842665923289708,1.2910865940202427,0.36053365640971696,1.1457010132214447,-0.14817635678647795,0.3842665923289708,-0.4724101760169677,9.59252798199489,-3.5944185171290535,6.792159537422337,0.0,1.2258598697607805,0.0,0.22281751141709863,0.5896963586303176,-0.14865987384060678,-19.190366922325357,0.10820974490045095,0.05263157894736847,0.3323274130767381,1.1636939342602484,-0.36673715629627296,4.85780615206036,0.038386635068866,-0.29598888572242804,-2.291611205578512,1.3205100250508433,-0.6023333634089056,Electrical Equipment & Parts,Industrials,PLUG
2017Q2,2017,Q2,2017-08-08,2017-06-30,-42619000.0,22604000.0,-28072000.0,-0.19,-1723000.0,-0.07622544682357105,228580000.0,98267000.0,88017000.0,67110000.0,130313000.0,42703000.0,-1118177000.0,449433783.12,514621783.12,0.44603829869744216,1.3115333035315153,0.29433021261702685,0.6846448960485209,-0.1340048213475905,0.44603829869744216,-0.43370612718410045,19.88293147761458,-2.6363463661747106,4.573598289558041,0.0,0.5696789452731659,0.0,0.09888879167031236,0.25864997764863656,-0.1864511330825094,-9.903348973601869,-0.07622544682357105,-0.4615384615384615,-0.1301263651860245,-0.4929198688355879,-0.48476152611519296,0.6153159187318598,-0.7729106868006157,-0.43063907858526146,-8.979393115229433,-0.05275164492425322,-0.5825903657971466,Electrical Equipment & Parts,Industrials,PLUG
2017Q1,2017,Q1,2017-05-09,2017-03-31,-24039000.0,15235000.0,-19622000.0,-0.13,-4479000.0,-0.2939940925500492,210724000.0,60709000.0,77584000.0,67135000.0,150015000.0,33726000.0,-1078541000.0,263836252.2,322745252.2,0.31753945601263356,1.1556416176361064,0.33538657200888367,1.164143701922285,-0.1101042011525534,0.31753945601263356,-0.39597094335271543,17.317771723006235,-2.743835560963434,4.345916621917673,0.0,0.5845341872739133,0.0,0.0722983618382339,0.2780516868995308,-0.11407813063533342,-7.876179240551674,-0.2939940925500492,-0.18181818181818185,0.5523448671203637,-0.7590768712388214,-0.8083558159413073,-2.4875456658917305,-0.2513143511529853,-0.6437965988104214,0.7783027682078566,0.911970724444757,-0.07620386897307449,Electrical Equipment & Parts,Industrials,PLUG
2016Q4,2016,Q4,2017-03-10,2016-12-31,-19211000.0,32578000.0,-11937000.0,-0.11,3011000.0,0.09242433544109521,240832000.0,85088000.0,110933000.0,66485000.0,155744000.0,29940000.0,-1051467000.0,216743832.0,239076832.0,0.47108883818202496,1.668541776340528,0.2837953428115865,0.8032507521624671,-0.060291228300562154,0.47108883818202496,-0.2257780180518992,6.65307360795629,-2.8205693613034195,2.5472902406919893,0.0,0.9875417501670006,0.0,0.13527272123305872,0.8714296457847635,-0.07976929976082912,-16.796639181649102,0.09242433544109521,-0.5714285714285713,0.7213460481649923,-0.7145961217345436,-0.6953354677688496,6.902887139107611,-0.4342989398238017,0.09950211225105612,0.6188702971422525,1.323622845660168,3.727526153266721,Electrical Equipment & Parts,Industrials,PLUG
2016Q3,2016,Q3,2016-11-08,2016-09-30,-13394000.0,17559000.0,-13256000.0,-0.07,381000.0,0.02169827438920212,223985000.0,93618000.0,106872000.0,56436000.0,130367000.0,35794000.0,-1032230000.0,308442412.8,335227412.8,0.5190167543651117,1.893684881990219,0.30926624550751164,0.7399324916148604,-0.06354167165982005,0.5190167543651117,-0.1430707769873315,17.56605802152742,-5.757100433029715,3.294691328590656,0.0,0.4799128345532771,0.0,0.07839364243141282,0.9655539017648309,-0.05979864723084135,-10.211972348033374,0.02169827438920212,0.0,0.7323220470441053,-0.5964633942022943,-0.6705831106911453,-0.0078125,-0.020262035344302255,0.008971291866028708,0.6068845348132168,0.7705087645796604,18.703774385406458,Electrical Equipment & Parts,Industrials,PLUG
2016Q2,2016,Q2,2016-08-09,2016-06-30,-13128000.0,20459000.0,-13376000.0,-0.07,384000.0,0.018769245808690552,233403000.0,104796000.0,127516000.0,49715000.0,128607000.0,34928000.0,-1018810000.0,335326201.44,333617201.44,0.5812863986260173,2.5649401589057628,0.2756219928621312,0.6138688499561052,-0.06383171638407834,0.5812863986260173,-0.12527195694492158,16.390155991983967,-6.385706151736747,3.1997996244131457,0.0,0.5747537792029317,0.0,0.08765525721605978,1.583365181534748,-0.0562460636752741,-13.94229767743545,0.018769245808690552,0.0,0.8240071463954859,-0.573913575726294,-0.7700357607847241,1.2588235294117647,-0.11689637570188872,-0.032895752895752896,0.46357453742749427,0.03930579154459028,4.730800409998767,Electrical Equipment & Parts,Industrials,PLUG
2016Q1,2016,Q1,2016-05-10,2016-03-31,-11754000.0,15332000.0,-12950000.0,-0.07,170000.0,0.011087920688755543,222169000.0,116031000.0,130466000.0,67711000.0,106138000.0,39150000.0,-1005656000.0,369257814.15,343260814.15,0.6441665982006138,1.9268065750025845,0.18402657436456032,0.3523627306495678,-0.07208957492098929,0.6441665982006138,-0.101300514517672,24.084125629402553,-7.853875577462991,3.182406547819117,0.0,0.38727969348659,0.0,0.06901052802146114,1.145545036995466,-0.05290567090818251,-17.96700146701051,0.011087920688755543,0.5,0.8808543540482388,-0.8105445468154879,-0.7648271635302489,1.0180524583200594,0.5335714285714286,0.46310116086235487,0.6304737252389863,-0.3585950887375937,3.057712640278544,Electrical Equipment & Parts,Industrials,PLUG
2015Q4,2015,Q4,2016-03-15,2015-12-31,-25200000.0,38431000.0,-24120000.0,-0.14,-9417000.0,-0.24503655902786814,209456000.0,124736000.0,131230000.0,42706000.0,84720000.0,32752000.0,-993876000.0,371501857.40999997,322349857.40999997,0.7084566463137028,3.0728703226712875,0.07070219998472232,0.11872274243201641,-0.15626417196833253,0.7084566463137028,-0.20202668034889687,9.666723671254976,-3.685534299702381,2.9783050395234736,0.0,1.4609184171958964,0.0,0.1834800626384539,2.028075680232286,-0.12031166450232984,-35.06057544450736,-0.24503655902786814,-1.3333333333333337,0.7814084896767082,-0.5413139170995734,-0.7833497544553947,-124.90789473684211,-1.4674434544208361,-0.9680156657963447,0.3555547951194928,0.4064888397868159,0.7985193308893117,Electrical Equipment & Parts,Industrials,PLUG
2015Q3,2015,Q3,2015-11-09,2015-09-30,-10213000.0,31432000.0,-12256000.0,-0.06,76000.0,0.0024179180453041487,204618000.0,148647000.0,143616000.0,33580000.0,55971000.0,31512000.0,-968649000.0,324585301.11,249226301.11,0.8380663236127649,4.2768314472900535,0.047161051324907874,0.06491890182782027,-0.0729754029545035,0.8380663236127649,-0.06870639838005477,10.326587589399338,-7.945395601439342,2.183598061918505,0.0,0.995049504950495,0.0,0.15361307411860148,3.083889219773675,-0.04991251991515898,-22.300604679491585,0.0024179180453041487,-0.1999999999999999,0.9185077726420603,-0.5949168637440679,-0.7847271923715053,-0.9513444302176697,-0.10698027314112292,-0.24237202230106436,0.7882188778324478,0.40923250402810546,0.38111476224558455,Electrical Equipment & Parts,Industrials,PLUG
2015Q2,2015,Q2,2015-08-06,2015-06-30,-9226000.0,24009000.0,-9865000.0,-0.05,1562000.0,0.06505893623224625,182954000.0,141572000.0,160502000.0,24742000.0,41382000.0,32889000.0,-958411000.0,424926507.95000005,318378507.95000005,0.8162620912339342,6.487026109449519,0.014162029799840397,0.018301641567541604,-0.06722133638606102,0.8162620912339342,-0.0651682536094708,17.698634176767047,-11.51437535091047,3.0014869320910917,0.0,0.6825078293654413,0.0,0.13122970801403633,4.91726618705036,-0.05042797643123408,-36.10647968064456,0.06505893623224625,0.1666666666666666,0.9623186231565456,-0.4150190394817411,-0.8219308294464681,1.7397892973990865,0.16520544442404558,0.22698804530939246,0.6892400743242973,-0.3158470970405129,-0.057099725728540524,Electrical Equipment & Parts,Industrials,PLUG
2015Q1,2015,Q1,2015-05-11,2015-03-31,-11051821.0,9415539.0,-12761769.0,-0.06,-2111412.0,-0.22424759750875653,189265958.0,149061595.0,177823751.0,22130384.0,40204363.0,32092915.0,-949158617.0,449017499.7,320284644.7,0.8598095426301712,8.035276342245123,0.01481700687030047,0.018813397240248234,-0.08250949657078649,0.8598095426301712,-0.07414264552851457,47.688985165905,-10.157093109361796,3.012295016030118,0.0,0.3591743224322253,0.0,0.04974766249300891,6.294878254258941,-0.05839307351827105,-32.36326600378614,-0.22424759750875653,-0.4999999999999999,0.9317435688824481,-0.7421389445514246,-0.8545450334995811,-0.27345771901942983,-0.5442735962804928,0.03429963132915224,0.7730381342198153,-0.8358000191268914,-0.4810802401932659,Electrical Equipment & Parts,Industrials,PLUG
2014Q4,2014,Q4,2015-03-17,2014-12-31,-7156647.0,21453107.0,-13215040.0,-0.04,-1658015.0,-0.07728554190309124,205880660.0,158283119.0,192745226.0,25706641.0,47597541.0,24735601.0,-938080766.0,519433995.0,376241831.0,0.9141668846683784,7.4978767548821335,0.014634104048432718,0.01903474621320799,-0.08042802062371482,0.9141668846683784,-0.04521421516845394,24.212529914664575,-18.145159143660432,3.2816765191492085,0.0,0.934326277336055,0.0,0.10420166226395428,6.313538163154027,-0.034761142693053346,-52.11237910047119,-0.07728554190309124,0.3333333333333333,0.9560082713185457,-0.5906231269565336,-0.866284856397962,-0.5159617995711824,0.2346678452885531,-0.23548126921639687,0.8917117793333681,-0.8039431425806685,-0.4087861912128688,Electrical Equipment & Parts,Industrials,PLUG
2014Q3,2014,Q3,2014-11-14,2014-09-30,-9351034.0,19881094.0,-10696269.0,-0.06,-1093705.0,-0.05501231471467315,211807521.0,163843708.0,199469688.0,21876590.0,47963813.0,21925629.0,-930898090.0,778267653.5699999,625022255.5699999,0.9663033228610969,9.117951563749195,0.015183809266149713,0.019628736673855063,-0.06070930601538139,0.9663033228610969,-0.05707289046461277,39.146118094406674,-20.806994541191916,4.750061281388969,0.0,0.9566338552932735,0.0,0.09386396623753507,7.839185723186292,-0.0441487344540518,-66.14210729625442,-0.05501231471467315,-4.0,0.9298579734688384,-0.4033872023398626,-0.8748326603609454,-6.580867870227683,-3.4119519509759844,-0.6103852481821894,0.8011966812232384,-0.5139453269575661,-0.3866929495655802,Electrical Equipment & Parts,Industrials,PLUG
2014Q2,2014,Q2,2014-08-14,2014-06-30,3876957.0,17321242.0,-6642056.0,0.02,195974.0,0.011314084752121124,221108005.0,170884558.0,209925332.0,19490993.0,50223447.0,19762953.0,-921521026.0,748408981.3199999,583214886.3199999,1.068586496689906,10.77037645029168,0.015443841574166435,0.01998282957784869,-0.03737495812937087,1.068586496689906,0.022687579529567556,43.20758184199493,48.26007751182177,4.379617386610205,0.0,0.8665338626267036,0.0,0.07833837585391809,9.495151324511788,0.017534222698088204,-66.31889963343386,0.011314084752121124,1.0350877192982457,1.0305234122201645,-0.5660852302407624,-0.8734982793145811,1.0849541056917265,1.0511086905656648,0.09976930597027367,1.0585934212170023,-0.5933191414405464,-0.5772536888393446,Electrical Equipment & Parts,Industrials,PLUG
2014Q1,2014,Q1,2014-05-15,2014-03-31,-75857099.0,5574441.0,-7378171.0,-0.57,-2306822.0,-0.41382122440617813,95204022.0,45974503.0,84314196.0,11743811.0,49229519.0,11943724.0,-925346074.0,949628706.1999999,890005355.1999999,0.3437332603457054,7.1794578437953405,0.03789555235387009,0.07847412727876579,-0.13871190276960904,0.3437332603457054,-1.649981925851379,170.35406890125842,-3.129663270539781,20.655551321566218,0.0,0.6598664704576228,0.0,0.05855257879756383,5.924309153136065,-0.796784604331107,-103.51913047867102,-0.41382122440617813,-1.0357142857142854,0.10678297591832606,-0.7957400800979629,-0.962763709029232,0.2675727832286308,-1.626888537923405,0.07416555112349879,-0.03554521815555089,-0.9072337564496026,-0.8745095972838384,Electrical Equipment & Parts,Industrials,PLUG
2013Q4,2013,Q4,2014-03-31,2013-12-31,-28877167.0,8032231.0,-7969212.0,-0.28,-3149558.0,-0.39211496780906824,35355621.0,-17872150.0,23713102.0,12603071.0,53227771.0,10406320.0,-849437066.0,160389010.55,159159566.55,-0.17271652468586166,1.8815336357305295,0.10739084458451457,-0.2124461802301346,0.7753508614980384,-0.17271652468586166,1.6157634643845313,19.968177029520195,-1.388545234977517,-8.974242637287624,0.0,1.0745190422743103,0.0,0.2271839886506307,0.9089786925742146,-0.8167631110198856,-18.016488075165807,-0.39211496780906824,-0.47368421052631593,0.9612037664846884,-0.8685291294034906,-1.012265611347075,0.1956565487342199,-0.8167028113591805,0.003920591247208483,0.5737906640244803,-0.8368805711588259,-1.0528177379342896,Electrical Equipment & Parts,Industrials,PLUG
2013Q3,2013,Q3,2013-11-14,2013-09-30,-15895372.0,4626816.0,-8000579.0,-0.19,-3915688.0,-0.8463029435361165,40031761.0,2216616.0,27149769.0,12565672.0,37815145.0,9768654.0,-820507992.0,62271629.74,55292886.74,0.026340981388292793,2.160630088068509,0.09945133315519145,1.7960765418999052,-0.7662097660873042,0.026340981388292793,-7.1710084200420825,13.458851560122556,-0.9793987479500322,28.093106672513418,0.0,0.8744811721246346,0.0,0.11557862768015627,1.2144983571113428,-0.39706901727355937,-8.788516282674868,-0.8463029435361165,-0.35714285714285704,0.879352666720573,-0.8803762775753688,-0.9987982178634502,-0.9492546095629608,-0.7053722205604605,-0.20925725237337348,0.7326668601159956,-0.8743178435985682,-0.9932338326223358,Electrical Equipment & Parts,Industrials,PLUG
2013Q2,2013,Q2,2013-08-14,2013-06-30,-9320764.0,7497274.0,-6616110.0,-0.14,-2008813.0,-0.2679391202722483,36384359.0,6964529.0,22307338.0,11178428.0,29419830.0,8595306.0,-804560712.0,24718344.119999997,21468205.119999997,0.10143197407674896,1.9955702179233072,0.11437035348073606,0.5974979786859959,-0.43280369839526434,0.10143197407674896,-1.3383193608641732,3.296977557442878,-0.6629913631543509,3.549176709580791,0.0,1.1059626033092946,0.0,0.20605760843553683,1.0520234150991534,-0.25617502289926286,-4.87675583257244,-0.2679391202722483,0.22222222222222213,0.9476712728162761,-0.8008394503315833,-0.9956652094194366,0.07563474924546092,-0.08679478833666282,-0.03722406081518561,0.9038397261705886,-0.5385741622165298,-0.9778724166105154,Electrical Equipment & Parts,Industrials,PLUG
2013Q1,2013,Q1,2013-05-15,2013-03-31,-8576379.0,6445107.0,-6378670.0,-0.18,-2173181.0,-0.33718307547105114,37142590.0,7710035.0,22067134.0,14192477.0,29432555.0,10090474.0,-795222645.0,8256354.98,8096351.98,0.1587511623682634,1.5548472616865963,0.11692332171773696,0.5632704650497695,-0.38904517981995895,0.1587511623682634,-1.1123657674705756,1.2810268285693318,-0.24067135384292138,1.0708583009026549,0.0,0.8541014029667982,0.0,0.17352335957185538,0.7102232401010761,-0.23090417227231597,-1.3910535615151656,-0.33718307547105114,0.18181818181818185,0.924967818645445,-0.6872374744317439,-0.9938611668561934,0.39617624961378506,-0.012041654246811608,0.3316492551888663,0.8109234075764437,-0.36992134326052206,-0.9731438837797239,Electrical Equipment & Parts,Industrials,PLUG
2012Q4,2012,Q4,2013-04-01,2012-12-31,-8474334.0,5921564.0,-9543896.0,-0.22,-3599032.0,-0.6077840246259265,39460002.0,15030303.0,23940698.0,17039200.0,24429699.0,8550457.0,-786646266.0,19078295.5,15034199.5,0.3939110545803214,1.4050365040612236,0.13523096121485245,0.3550303676512709,-0.4275623951550166,0.3939110545803214,-0.5638165777496302,3.2218338769960098,-0.5628258073141795,1.269322082196214,0.0,1.1134604852114922,0.0,0.15006496958616475,0.78652659749284,-0.2147575664086383,-4.334060398301205,-0.6077840246259265,0.18518518518518523,0.8890580704580608,-0.7341344039853567,-0.9861772601144388,0.4757058314861561,0.17927814188301852,0.18989269780979195,0.7636222707048774,-0.48724597215118676,-0.9423826501342312,Electrical Equipment & Parts,Industrials,PLUG
2012Q3,2012,Q3,2012-11-14,2012-09-30,-10325464.0,4775654.0,-11781027.0,-0.27,-6864528.0,-1.4374006157062467,45567001.0,23044637.0,31679991.0,16095837.0,22522364.0,13005120.0,-778171932.0,31520953.16,23059549.16,0.6068042616894013,1.9682102272780222,0.021945705840943977,0.043394044349667996,-0.4899648516215903,0.6068042616894013,-0.4480636427469003,6.600342730021898,-0.7631849077194012,1.3678216393688474,0.0,0.8950461049186782,0.0,0.10480509788212747,1.0637807776010655,-0.22659959561525675,-4.263623150394894,-1.4374006157062467,-0.5882352941176471,0.844325131472821,-0.7590505814650269,-0.9799745782981927,-2.780038920833439,-0.5935454816797576,-0.5638538335636432,0.6542013480351369,-0.36014703552916716,-0.9213993439529744,Electrical Equipment & Parts,Industrials,PLUG
2012Q2,2012,Q2,2012-08-14,2012-06-30,-6479554.0,7659097.0,-7533330.0,-0.17,-1815994.0,-0.2371028856273788,52223770.0,32769384.0,37670438.0,12150125.0,19454386.0,9511319.0,-767846468.0,43152828.12,27301411.119999997,0.8656929195026766,3.1004156747358564,0.0,0.0,-0.22988927713746465,0.8656929195026766,-0.19773194393889126,5.63419266265984,-1.664961358451523,1.3168641839590272,0.0,0.9961910645621286,0.0,0.14665921284503206,2.2203379800619336,-0.12407288864821517,-8.679444785252628,-0.2371028856273788,0.39285714285714285,0.9113190133441906,-0.562434469877406,-0.9725729330059745,0.12461334149592312,0.01572936284444628,0.03586062531547849,0.7844857771433372,-0.18942781103714504,-0.8975172863951586,Electrical Equipment & Parts,Industrials,PLUG
2012Q1,2012,Q1,2012-05-15,2012-03-31,-6583102.0,7752142.0,-7813528.0,-0.28,-2074505.0,-0.26760410219523845,58171538.0,38834274.0,43084815.0,14007689.0,19337264.0,8109179.0,-761366914.0,30703256.0,9874223.0,1.6569219544663276,3.0757975137797535,0.0,0.0,-0.20120185586577466,1.6569219544663276,-0.16951783365384918,3.9606157885136777,-1.1659874022915033,0.7906226340165391,0.0,1.2117930804092498,0.0,0.1332634870338137,2.412864534613811,-0.11316706118376997,-8.833590784578474,-0.26760410219523845,0.26315789473684204,0.7828726393800379,0.08712456504804202,-0.9496997769296819,-5.080329324731888,0.08153955192437015,-0.21850993151822504,0.5576421957798321,0.6210107723499545,-0.8205072504467275,Electrical Equipment & Parts,Industrials,PLUG
2011Q4,2011,Q4,2012-03-30,2011-12-31,-7167540.0,11867245.0,-6412363.0,-0.38,-341183.0,-0.028749975246992878,55655999.0,29035665.0,39494523.0,20079742.0,26620334.0,10354707.0,-754783812.0,38307254.64,29855471.64,1.546254284120633,1.9668839868560064,0.09711639530538298,0.18615416591974043,-0.18618521215042344,1.546254284120633,-0.2468529651378744,3.227982117163672,-1.3361367582183008,1.319317282383579,0.0,1.1790220621404353,0.0,0.21322490321303908,1.3568800834193986,-0.1287828828658704,-2.6736695614302333,-0.028749975246992878,-0.35714285714285704,0.7525629071101112,4.23029291021628,-0.9547978793608465,0.9099997335732757,-0.139414607253488,0.2702867740364706,0.9469363457639187,0.07037339616227443,-0.8901914328853691,Electrical Equipment & Parts,Industrials,PLUG
2011Q3,2011,Q3,2011-11-09,2011-09-30,-6290546.0,5470254.0,-8787511.0,-0.28,-3790911.0,-0.6930045661499448,53312251.0,35727625.0,36360020.0,11816964.0,17584626.0,6569604.0,-747616272.0,41270527.480000004,18468342.480000004,1.5755620649993205,3.0769341431521666,0.0,0.0,-0.24595844252171814,1.5755620649993205,-0.17606952603202705,7.5445358625029115,-1.6401806568142099,1.1551433234087067,0.0,1.4096991234174845,0.0,0.10260782273102668,2.371690732069591,-0.11799437994092578,-6.797522794963343,-0.6930045661499448,0.3170731707317072,0.7986975490893146,0.18428707869068006,-0.9557275357974756,-0.23967126194041394,0.06843546876582708,-0.017587125903306473,0.8228156931792526,-0.4751533170434915,-0.9281164844684563,Electrical Equipment & Parts,Industrials,PLUG
2011Q2,2011,Q2,2011-08-11,2011-06-30,-6752668.0,4346689.0,-8635635.0,-0.41,-3057997.0,-0.7035233024492895,59146803.0,41253069.0,40267350.0,9642536.0,17893734.0,7628018.0,-741325726.0,36230921.7,9079663.700000003,2.5277251828788003,4.1760124100133,0.0,0.0,-0.20933315288615253,2.5277251828788003,-0.16368886397276286,8.33529191989581,-1.3413558055867696,0.878260031999074,0.0,0.9707221456477948,0.0,0.07348983849558191,3.244187836063044,-0.11416792890733249,-5.983616192247723,-0.7035233024492895,0.25454545454545463,0.7267409944073252,-0.1711560358937883,-0.9315107527054619,-0.46611745539676064,0.06772310580958692,-0.18432778465937205,0.8405022640951165,-0.5142095572032922,-0.8919752926754132,Electrical Equipment & Parts,Industrials,PLUG
2011Q1,2011,Q1,2011-05-13,2011-03-31,-7243200.0,5941754.0,-7291592.0,-0.55,-2085779.0,-0.35103758923711753,49573930.0,36225121.0,29279242.0,12069638.0,13348809.0,9717080.0,-734573058.0,100510722.0,87508725.0,2.739119908023345,2.425859168270001,0.0,0.0,-0.20128551123404115,2.739119908023345,-0.19994964268028256,16.916001907854145,-3.4691407803180914,2.7746138377287957,0.0,0.8261260584455412,0.0,0.11985642453604142,1.4357498543038325,-0.14610905369011495,-12.284088559197125,-0.35103758923711753,0.1538461538461538,0.6118932809151705,0.6964203682209907,-0.7944341309900991,0.24742470021886892,0.15704710920995163,0.1729483161319945,0.767290174629066,0.05886326619978769,-0.894079515227565,Electrical Equipment & Parts,Industrials,PLUG
2010Q4,2010,Q4,2011-03-31,2010-12-31,-8592651.0,6244908.0,-8816368.0,-0.65,-2771522.0,-0.44380509688853703,59176925.0,42913363.0,38678661.0,15019834.0,16263562.0,10539116.0,-727329858.0,48686927.31,37741480.31,3.270047742308427,2.575172335459899,0.00016824125281940554,0.0002320023252430717,-0.41079619215839297,3.270047742308427,-0.20023252430717212,7.79626013866017,-1.4165281270588088,1.1345400105323835,0.0,0.8555205199373458,0.0,0.10552944412032224,1.7014221994730434,-0.14520272893530714,-40.2112419442359,-0.44380509688853703,0.08450704225352106,0.687745377293732,0.3685234873023531,-0.7946630931671759,0.1656068367010858,0.07522026698408718,0.06210906441837551,0.6729241935894362,-0.18476490214541388,-0.8852506959890895,Electrical Equipment & Parts,Industrials,PLUG
2010Q3,2010,Q3,2010-11-09,2010-09-30,-9291565.0,5752804.0,-9400206.0,-0.71,-3321602.0,-0.5773883483602084,65512235.0,51193957.0,38095546.0,12111962.0,14318278.0,10507334.0,-718737207.0,50233431.66,41165842.66,3.8930431244203,3.14528282040515,0.019186355037345313,0.024552526775767695,-0.3584383245449868,3.8930431244203,-0.1814973005505318,8.731990810046717,-1.351586940951282,0.9812375249680347,0.0,0.863625920714046,0.0,0.0878126658325731,2.0697144690513394,-0.14182946132123259,-3.362023248244863,-0.5773883483602084,0.49645390070921985,0.5225502941755071,-0.09597042517241985,-0.7782261261188141,-0.06531291784144692,0.49818602389128724,0.4948153878225338,0.5954338294723268,-0.16176774090238713,-0.8715239242836059,Electrical Equipment & Parts,Industrials,PLUG
2010Q2,2010,Q2,2010-08-09,2010-06-30,-18515955.0,3103786.0,-18607467.0,-1.41,-3117959.0,-1.0045663586342615,105202827.0,60124027.0,75820078.0,42814825.0,45078800.0,10114035.0,-709445642.0,60203238.66,83225303.66,4.583960764777899,1.7708837534662352,0.2548541685101295,0.44593451799228284,-0.4280756910481329,4.583960764777899,-0.30796265526259575,19.396710552853836,-0.8128562456000784,1.0013174709671393,0.0,0.6151595283188164,0.0,0.029502876381829548,1.5023733484838488,-0.17600244715857302,-4.201429320546787,-1.0045663586342615,-0.5161290322580644,0.047060962895385715,-0.5243921710638081,-0.5851488089332315,-0.2873217781128473,-0.5198707827608016,-0.5092854373468001,0.2686441120106116,-0.48825389564275296,-0.854769981177882,Electrical Equipment & Parts,Industrials,PLUG
2010Q1,2010,Q1,2010-05-10,2010-03-31,-12182585.0,2747316.0,-12328660.0,-0.93,-2422051.0,-0.8816062658973339,143535200.0,77105684.0,113277994.0,64054211.0,66429516.0,6714098.0,-692553522.0,89990949.243,134310520.243,5.9111734945653795,1.7684706786880882,0.36638302660253375,0.6820361129278095,-0.19011840474863456,5.9111734945653795,-0.1579985335452053,32.75595135142809,-1.8467129357808707,1.167111742929354,0.0,0.7699272486043546,0.0,0.019140364175477514,1.6234186695391501,-0.08487524314593214,-7.901212724848327,-0.8816062658973339,0.010638297872340318,0.4527501993236362,-0.5196742205626644,-0.5217838630462784,0.45489975610541056,-0.004264001419849987,-0.004369032091978594,0.2780221574526251,-0.3077441163922717,-0.8205507841920306,Electrical Equipment & Parts,Industrials,PLUG
2009Q4,2009,Q4,2010-03-16,2009-12-31,-12130859.0,3907688.0,-12275030.0,-0.94,-4443313.0,-1.1370695408640608,164184522.0,88268753.0,133498775.0,73489820.0,75915769.0,6360755.0,-680370937.0,91668568.6,138026701.6,6.8366742916502785,1.816561463887107,0.37116236815550735,0.6903815215334468,-0.1645359602314272,6.8366742916502785,-0.13743095475700218,23.458517824350356,-1.8891607057670028,1.038516637931885,0.0,1.312894617069829,0.0,0.02380058700052128,1.6862277523608031,-0.07388552131607144,-10.261290153227733,-1.1370695408640608,-0.18987341772151886,0.41795586571828475,-0.5127010648647502,-0.5104059675936266,-1.7646504329300616,-0.19272184431883788,-0.1676955045687937,0.39091908140300013,1.5048674189534308,-0.8001414261060407,Electrical Equipment & Parts,Industrials,PLUG
2009Q3,2009,Q3,2009-11-09,2009-09-30,-10170736.0,2542253.0,-10512184.0,-0.79,-1607188.0,-0.6321904232190895,172638133.0,99864194.0,140742901.0,70310866.0,72773939.0,6920583.0,-668240078.0,113833482.4,150784780.4,7.720091564202203,2.00172333249316,0.3538482080317678,0.6117076757260966,-0.13062517166620624,7.720091564202203,-0.10184567253404159,44.77661444395975,-2.7980640339106237,1.1398828533077632,0.0,0.5995796885898197,0.0,0.014725906471660001,1.7932975821973236,-0.05891361209287406,-13.380247090329009,-0.6321904232190895,0.0,0.5075580313848135,-0.6893172745915558,-0.4999407840913894,-0.28018415927547025,0.007685442071951161,-0.03139397638000002,0.4294491149159897,-0.035172776918395376,-0.7830694930976897,Electrical Equipment & Parts,Industrials,PLUG
2009Q2,2009,Q2,2009-08-06,2009-06-30,-10249508.0,3221215.0,-10192210.0,-0.79,-1255435.0,-0.38973958583950463,184656813.0,109006276.0,145800920.0,72928387.0,75650537.0,6748096.0,-658069342.0,113855635.899,153197504.899,8.447209183401059,1.9992341253893358,0.34839331923268924,0.590178862728968,-0.11759825557566587,8.447209183401059,-0.09402676961462292,35.34555622614448,-2.777100030045345,1.044486978887344,0.0,0.6633945338062767,0.0,0.01744433334284828,1.8832736009916138,-0.05550571264326976,-13.397770761192234,-0.38973958583950463,-0.253968253968254,0.4864629346896505,-0.5051325002356739,-0.5001773365031639,-14.437827402178993,-0.25645995457648585,-0.22925879585775338,0.475445933090883,-0.2231769959765026,-0.7711210844322277,Electrical Equipment & Parts,Industrials,PLUG
2009Q1,2009,Q1,2009-05-07,2009-03-31,-8157449.0,2621400.0,-8291346.0,-0.63,-81322.0,-0.03102235446707866,195110301.0,118594830.0,154517971.0,73838965.0,76515471.0,6843369.0,-647819834.0,111771188.1,160300962.1,9.231135845821791,2.092634573087529,0.33072290222134404,0.5440999831105623,-0.09055529700032397,9.231135845821791,-0.06878418730394908,42.63797516594186,-3.425433248188251,0.9424625685622213,0.0,0.39494026991676173,0.0,0.01343547719707531,1.9785329737490227,-0.04180942245586511,-8.71707893688487,-0.03102235446707866,0.9123783031988874,0.612596761687028,-0.5471330723496429,-0.4977950610293169,0.9881187256667785,0.873125308760804,0.8820361097852406,0.550051055626112,-0.22955739374754436,-0.3072203752247597,Electrical Equipment & Parts,Industrials,PLUG
2008Q4,2008,Q4,2009-03-16,2008-12-31,-64295321.0,5277412.0,-70287153.0,-7.19,-6844552.0,-1.296952369835821,209111967.0,125864122.0,168105335.0,81934395.0,83247845.0,6264372.0,-639662385.0,91171149.6,73201649.6,14.081362909566733,2.0517065513207244,0.30067624011207356,0.49954664602514764,-0.7448074596850143,14.081362909566733,-0.5108312041456897,17.27573090749784,-0.3545014947510722,0.7243617017405484,0.0,1.9350645204339716,0.0,0.025237254833913928,1.9465601106836756,-0.30746839562749656,-6.465389230032698,-1.296952369835821,-3.5796178343949046,-2.081602590773627,0.19143044059241573,-0.4130157475943052,-3.346900955301153,-3.6556205539389635,-3.815869168041861,-2.430380306026365,0.6979637283273502,-0.11578553840937383,Electrical Equipment & Parts,Industrials,PLUG
2008Q3,2008,Q3,2008-11-10,2008-09-30,-13810258.0,4054280.0,-14594905.0,-1.57,-1574582.0,-0.3883752478861845,211607059.0,193336362.0,128252372.0,17580715.0,18270697.0,7526874.0,-575367064.0,87325791.3,67757813.3,21.9182667034132,7.2950600700824735,0.0,0.0,-0.1509794106915077,21.9182667034132,-0.07143124995803946,21.53916140473771,-1.5808139011595586,0.45167805164348757,0.0,0.747835289922483,0.0,0.019159474259315707,6.804052508672145,-0.06526369236103792,-7.996265418482235,-0.3883752478861845,0.39382239382239376,0.230669029912093,-0.1914189723219281,0.31729756834101397,0.5803282411191872,0.3960552958117064,0.3244568530630168,-0.05794405500151141,-0.0501851630090661,0.2486116285446421,Electrical Equipment & Parts,Industrials,PLUG
2008Q2,2008,Q2,2008-08-07,2008-06-30,-22866759.0,4832739.0,-21604697.0,-2.59,-3751937.0,-0.7763582928852562,226278873.0,206260898.0,140185834.0,15501730.0,20017975.0,5171652.0,-561556806.0,207146695.5,182503223.5,23.399509662948013,9.04323801278954,0.0,0.0,-0.2094890229751642,23.399509662948013,-0.11086327666429534,42.86320769650503,-2.2647142026117475,1.0042945488388206,0.0,1.6599485038823185,0.0,0.02135744683508301,8.62984163703019,-0.10105565180183658,-12.23547968275491,-0.7763582928852562,-0.10212765957446798,-0.22090053081848807,0.06621393950126195,0.24361069560626722,-0.30512597529541496,-0.10319883271099341,-0.08310214631193158,-0.7511390718331263,0.10191371377833516,1.1176696207003156,Electrical Equipment & Parts,Industrials,PLUG
2008Q1,2008,Q1,2008-05-12,2008-03-31,-20727686.0,3736886.0,-19947054.0,-2.35,-2874770.0,-0.7692956113726777,246042144.0,227753442.0,159328613.0,13873613.0,18288702.0,6548424.0,-538690047.0,273901400.90000004,222146083.90000004,25.860152678759082,11.4842912945604,0.0,0.0,-0.17516357886701006,25.860152678759082,-0.09100932050897391,73.29669700922106,-3.303569449334576,1.2026224433525796,0.0,1.0096560638101626,0.0,0.015187991533678068,10.890855684096133,-0.08424445366562892,-17.051836627182645,-0.7692956113726777,-0.17500000000000004,0.1167683645048583,-0.2574921196070615,0.0671098401536797,-0.048905530016969914,-0.185465270997703,0.013463342623644282,-0.37903664332258924,-0.032355230680693105,1.0920959816928655,Electrical Equipment & Parts,Industrials,PLUG
2007Q4,2007,Q4,2008-03-17,2007-12-31,-17484853.0,5098312.0,-20219273.0,-2.0,-2740733.0,-0.5375765547498859,268391718.0,248900474.0,178817159.0,14911330.0,19491244.0,5787180.0,-517962361.0,344999754.5,332922816.5,28.49732092490518,11.992032836775794,0.0,0.0,-0.16246873840826836,28.49732092490518,-0.07024837164432238,67.66940793344935,-4.932837503695342,1.3860952088825673,0.0,1.3545535131100122,0.0,0.018995787343929888,11.421453619496047,-0.06514676805340171,-24.27942687985004,-0.5375765547498859,-0.14285714285714285,0.20288512515400844,-0.12447286659487419,0.5569533054008707,-0.04344242385478557,-0.15211976664057766,-0.14060112291761592,-0.24012869957383728,-0.06018493741749534,1.0407756270388304,Electrical Equipment & Parts,Industrials,PLUG
2007Q3,2007,Q3,2007-11-09,2007-09-30,-15176246.0,4535031.0,-17726857.0,-1.75,-2626626.0,-0.5791858975164668,282087979.0,263306445.0,193610634.0,13068809.0,18781534.0,7390834.0,-500477508.0,267645135.49499997,249473771.49499997,30.301697049138067,14.814711424736561,0.0,0.0,-0.13464810555624646,30.301697049138067,-0.057637199119831645,59.017267025297066,-4.408948291543903,1.01647772235503,0.0,0.9689917267794135,0.0,0.01607665458158357,14.07794023158499,-0.053799690627724335,-23.319902732934903,-0.5791858975164668,0.09326424870466318,0.1685165893644063,-0.11405820669788538,0.471411801992494,0.4847693028644197,0.09269390095242878,0.08273846508572354,-0.09385522871551351,-0.17496682884247397,0.9627542939198441,Electrical Equipment & Parts,Industrials,PLUG
2007Q2,2007,Q2,2007-08-09,2007-06-30,-16726710.0,4007102.0,-19325848.0,-1.93,-5097961.0,-1.2722314031437183,289519047.0,273517325.0,203601786.0,10707382.0,16001722.0,6909008.0,-485301262.0,269501217.40000004,241293830.40000004,31.56345225288767,19.015085667065954,0.0,0.0,-0.14131352008506226,31.56345225288767,-0.06115411519178904,67.25589151461581,-4.0280069631146835,0.9853168072625748,0.0,1.3178538800360342,0.0,0.013840547078064954,18.0673082365045,-0.05777412634271347,-17.662115196185894,-1.2722314031437183,-0.4961240310077519,0.20283460900311565,-0.08188867347957149,0.3874307555534685,-1.9853157414244715,-0.49572561297690326,-0.2835440599921762,-0.2480075573358672,-0.08327826367364831,0.8676143128068795,Electrical Equipment & Parts,Industrials,PLUG
2007Q1,2007,Q1,2007-05-10,2007-03-31,-11183007.0,2630177.0,-15056630.0,-1.29,-1707679.0,-0.6492639088548033,294332205.0,284765810.0,265909463.0,8439583.0,9566395.0,6775529.0,-468574552.0,273176154.0,200221766.0,32.940648238279245,31.507417250354667,0.0,0.0,-0.10574745612895031,32.940648238279245,-0.0392708907013802,103.86227010577615,-6.106947666222511,0.9593010972770925,0.0,0.6402239588967887,0.0,0.008936082954293092,30.04578970311685,-0.037994506921184515,-24.153960989716253,-0.6492639088548033,0.16233766233766234,0.438358539286389,-0.472584443076593,0.3351828949489984,0.09502679923730548,0.15802466068407536,0.07381204879753159,0.2107358309952517,-0.324730401865388,0.7920824169917792,Electrical Equipment & Parts,Industrials,PLUG
