Quarters,Year,Quarter,FillingDate,Date,NetIncome,Revenue,OperatingIncome,EPSDiluted,GrossProfit,GrossProfitRatio,TotalAssets,CommonStockEquity,CurrentAssets,CurrentLiability,TotalLiability,Inventory,RetainedEarnings,MarketCap,EnterpriseValue,bookValuePerShare,currentRatio,debtToAssets,debtToEquity,roic,shareholdersEquityPerShare,roe,priceToSalesRatio,peRatio,pbRatio,payoutRatio,inventoryTurnover,dividendYield,assetTurnover,quickRatio,returnOnAssets,priceToFreeCashFlowsRatio,grossProfitMargin,epsdilutedGrowth,fiveYNetIncomeGrowthPerShare,fiveYRevenueGrowthPerShare,fiveYShareholdersEquityGrowthPerShare,grossProfitGrowth,netIncomeGrowth,operatingIncomeGrowth,threeYNetIncomeGrowthPerShare,threeYRevenueGrowthPerShare,threeYShareholdersEquityGrowthPerShare,Industry,Sector,Symbol
2023Q1,2023,Q1,2023-05-09,2023-03-31,11433000.0,85842000.0,14931000.0,0.41,35960000.0,0.4189091587,207667000.0,136757000.0,120312000.0,27630000.0,70910000.0,84594000.0,127257000.0,1876507200.0,1912678200.0,4.952092989571263,4.354397394136808,0.21429018573003897,0.3254019903917167,0.05987395452596949,4.952092989571263,0.08360083944514723,21.860012581253933,41.03269483075309,13.721470930190046,0.0,0.589663569520297,0.0,0.41336370246596715,1.0743032935215346,0.055054486268882395,-1116.3041046995836,0.4189091586868899,0.36666666666666664,4.644943077442192,2.4061789857816764,7.466959822762245,0.15828126006570895,0.3679109834888729,0.3767634854771784,6.094400833682366,2.0234613991731485,2.90886829688147,Auto Parts,Consumer Cyclical,XPEL
2022Q4,2022,Q4,2023-02-28,2022-12-31,8358000.0,78481000.0,10845000.0,0.3,31046000.0,0.3955861928,193362000.0,124722000.0,106821000.0,27402000.0,68640000.0,80575000.0,115824000.0,1658616960.0,1692641960.0,4.516294901506373,3.8982920954674842,0.21762807583703106,0.33739837398373984,0.04660124007689444,4.516294901506373,0.06701303699427527,21.133993705482855,49.61165829145728,13.298511569731083,0.0,0.5887061743717034,0.0,0.40587602527901034,0.8313991679439457,0.043224625314177555,-5660.808737201365,0.3955861928364827,-0.375,325.8015829767413,2.8775523184713956,7.932547882640309,-0.13196890901973943,-0.3724282925364169,-0.3733749349973999,0.8126588722738396,0.9868531927340447,2.5567572383704977,Auto Parts,Consumer Cyclical,XPEL
2022Q3,2022,Q3,2022-11-09,2022-09-30,13318000.0,89758000.0,17307000.0,0.48,35766000.0,0.3984714454,188258000.0,114953000.0,104642000.0,31815000.0,73305000.0,69388000.0,107467000.0,1779575040.0,1810714040.0,4.162550695249131,3.289077479176489,0.21982598349074142,0.36000800327090204,0.08119907617717069,4.162550695249131,0.11585604551425366,19.826366897658147,33.40544826550533,15.480892538689726,0.0,0.7781172537038105,0.0,0.47678186318775295,0.8860286028602861,0.07074334158442137,178.5467081368516,0.398471445442189,0.11627906976744183,27.94923559333133,4.032562462995162,6.880449803136501,0.08437680016978444,0.11897160141152748,0.09892691599466633,1.9574275783075283,1.5197075790347905,2.7999982160253793,Auto Parts,Consumer Cyclical,XPEL
2022Q2,2022,Q2,2022-08-09,2022-06-30,11902000.0,83890000.0,15749000.0,0.43,32983000.0,0.3931696269,189056000.0,103077000.0,107566000.0,40419000.0,85979000.0,74142000.0,94149000.0,1268265090.0,1304784090.0,3.732915655669431,2.661273163611173,0.24246784021665538,0.44471608603277163,0.07700801505428681,3.732915655669431,0.11546707800964327,15.118191560376683,26.639747311376237,12.30405512383946,0.0,0.6866148741603949,0.0,0.44373095802301965,0.7172369430218462,0.06295489167230874,-5534.143019841079,0.393169626892359,0.5357142857142856,14.747593297275719,3.920598001342386,6.86949201270372,0.19001604571555078,0.5252849753150401,0.569262893832774,2.959334326907707,1.787543908398344,2.982618042665979,Auto Parts,Consumer Cyclical,XPEL
2022Q1,2022,Q1,2022-05-10,2022-03-31,7803132.0,71863767.0,10035922.0,0.28,27716433.0,0.3856802135,188261337.0,92240468.0,104010717.0,47097919.0,96020869.0,74486843.0,82246563.0,1452698728.17,1489978649.17,3.3405212845427035,2.2083930502322193,0.25430329329914403,0.5190290014573646,0.051616519611055234,3.3405212845427035,0.08459553782836401,20.214619812095297,46.542168201499095,15.749039002815987,0.0,0.592686335222987,0.0,0.38172344967464034,0.5472467690132976,0.04144840424669883,-209.20715763161795,0.38568021350731585,0.2727272727272728,145.60956263899183,4.689715748435905,6.238788723870178,0.12263306888519733,0.25786101475410705,0.21243760929510508,3.1984217042301486,1.906469998559379,3.057020732440708,Auto Parts,Consumer Cyclical,XPEL
2021Q4,2021,Q4,2022-02-28,2021-12-31,6203493.0,70132069.0,8277475.0,0.22,24688773.0,0.3520325773,161014517.0,84462081.0,79028246.0,36267822.0,76552436.0,51936164.0,74443431.0,1885388123.16,1914002927.16,3.0588242388066575,2.179018249289963,0.23761243838653381,0.45297311582933886,0.04667221811928593,3.0588242388066575,0.07344707739322691,26.88339514352557,75.98090798039105,22.322302515373735,0.0,0.874983681890715,0.0,0.43556363927110997,0.6457632057419935,0.03852753848275681,-490.1064685051191,0.35203257727930426,-0.26666666666666666,517.5273105745213,4.293488122345787,7.161673393648603,0.00957768399384082,-0.2553509817410438,-0.2015761335024682,2.060676808248518,1.6401710063565897,3.060096455439496,Auto Parts,Consumer Cyclical,XPEL
2021Q3,2021,Q3,2021-11-09,2021-09-30,8330761.0,68528923.0,10367269.0,0.3,24454555.0,0.3568501288134938,124403313.0,78406825.0,65994251.0,34987257.0,45996488.0,39554300.0,68239938.0,2094691608.42,2099447399.42,2.8395309937707056,1.886236780436946,0.10105939059677616,0.16034475315127222,0.08245639568977468,2.8395309937707056,0.10625045715089215,30.566533322287878,62.86015192429599,26.715679514123927,0.0,1.1142750092910252,0.0,0.5508609163809005,0.6568193671198631,0.06696574873371741,-2123.9877717558284,0.3568501288134938,-0.1891891891891892,9.48699427135841,3.7227441594513238,5.961130600775675,-0.03139643686823757,-0.1820999535714766,-0.18189665635074614,2.848392276571114,1.339393982634549,2.7688448068565474,Auto Parts,Consumer Cyclical,XPEL
2021Q2,2021,Q2,2021-08-09,2021-06-30,10185549.0,68735971.0,12672322.0,0.37,25247228.0,0.3673073593446436,105373151.0,70432347.0,50295374.0,24999500.0,34940804.0,25728267.0,59909177.0,2315868510.3900003,2317223540.3900003,2.5507324428774303,2.0118551971039422,0.09574480694802417,0.14324287674241495,0.11318314221835551,2.5507324428774303,0.14461464701722918,33.69223532740958,56.84201485825654,32.88075165789946,0.0,1.6903098448099905,0.0,0.6523101031685007,0.8544012880257605,0.09666171034403251,289.3279415321984,0.3673073593446436,0.48,11.23849493649518,3.698392585516364,5.625860249827595,0.380653666098103,0.48758014207267675,0.4826440750148296,3.0814404845051864,1.3813171222441147,2.8109741359649445,Auto Parts,Consumer Cyclical,XPEL
2021Q1,2021,Q1,2021-05-10,2021-03-31,6847059.0,51866114.0,8547110.0,0.25,18286431.0,0.352569907203767,95339097.0,60019792.0,72549313.0,26109352.0,35319305.0,24909271.0,49723628.0,1433922162.21,1410489043.21,2.1736380681614267,2.778671527351579,0.12777924674491095,0.20297234618873722,0.08762877494870673,2.1736380681614267,0.1140800188044637,27.646608770612737,52.355404057785975,23.890821917710074,0.0,1.3480797169856957,0.0,0.5440172566350193,1.7433873885495128,0.07181795522984658,193.57592235834173,0.352569907203767,0.13636363636363635,8.021840841716235,3.286426679478867,5.051704038763862,0.1458229265956239,0.12460747069960428,0.1657344230111677,2.381091727186222,1.0582819594042416,2.716429847158971,Auto Parts,Consumer Cyclical,XPEL
2020Q4,2020,Q4,2021-03-11,2020-12-31,6088399.0,48607331.0,7331953.0,0.22,15959212.0,0.32832932135278114,83839831.0,53382868.0,62777212.0,21200344.0,30456963.0,22364126.0,42876569.0,1423705501.3200002,1402465489.3200002,1.9332795100728846,2.9611411965768104,0.09288081699496746,0.14587286692801893,0.09031698803192953,1.9332795100728846,0.11405155301884493,29.289933679345616,58.45976509259659,26.66970799171,0.0,1.4598432775776706,0.0,0.579764181538009,1.838240785149524,0.07261940926383785,381.0942186220166,0.32832932135278114,-0.0833333333333333,36.814989293347054,3.0628757502330366,4.973684078467748,-0.004405535878354808,-0.07866669047529694,-0.12856505288129833,237.0884952291569,1.4018641089914206,2.8237343155987156,Auto Parts,Consumer Cyclical,XPEL
2020Q3,2020,Q3,2020-11-10,2020-09-30,6608248.0,46122796.0,8413655.0,0.24,16029832.0,0.3475468399617404,76197359.0,46426988.0,57957007.0,20899603.0,29770371.0,18961093.0,36788170.0,720136529.76,700986489.76,1.6813698472476166,2.773115211805698,0.10596733411718377,0.17391675290242822,0.11169349999256195,1.6813698472476166,0.14233634971107753,15.613462153508646,27.24385229488966,15.511161950889427,0.0,1.5870901535053912,0.0,0.605307015955763,1.7317161957574028,0.08672542049652929,354.4217940678087,0.3475468399617404,0.7142857142857141,14.023019366159659,2.960733595158027,4.00982370677262,0.3655104230085551,0.6630003850325517,0.6367526538501642,13.366068827583208,1.5863372400620888,2.1831325674579234,Auto Parts,Consumer Cyclical,XPEL
2020Q2,2020,Q2,2020-08-12,2020-06-30,3973690.0,35805858.0,5140456.0,0.14,11739077.0,0.3278535316762972,68172888.0,39399442.0,49821377.0,19107612.0,28773446.0,14706582.0,30179922.0,431861017.08000004,414748762.08000004,1.4268647747982561,2.607409916006249,0.1273769419890206,0.22040043105179002,0.07556225507790561,1.4268647747982561,0.10085650451597766,12.061183314752576,27.170024403010803,10.961094755605929,0.0,1.6364632516243407,0.0,0.5252213753948637,1.727643360143591,0.05828842105090223,38.711778826519364,0.3278535316762972,1.3333333333333337,5.081689402950837,1.9615573278140217,3.2618660437677636,0.14006066687333105,1.466056496586101,1.0695367064594414,4.257685035598655,1.100236079531257,2.0080242856356487,Auto Parts,Consumer Cyclical,XPEL
2020Q1,2020,Q1,2020-05-14,2020-03-31,1611354.0,28388463.0,2483868.0,0.06,10296888.0,0.3627138249788303,61690798.0,34982030.0,43256937.0,14784623.0,26708768.0,18791816.0,26206232.0,276678221.94,270775203.94,1.2668866314892437,2.925805886291453,0.1440202961874476,0.2539797433139243,0.03974065456496523,1.2668866314892437,0.04606233543336393,9.746150115277462,42.92635602418835,7.909152840472665,0.0,0.9627369169642785,0.0,0.460173379504671,1.4944730075295123,0.02611984367587529,-451.1200167287882,0.3627138249788303,-0.6470588235294118,1.2444522106818503,2.390544614127988,3.26036085525347,-0.1734144991272472,-0.650491135357104,-0.5006190320903502,30.862008895478134,1.247617843425742,1.7452974794326523,Auto Parts,Consumer Cyclical,XPEL
2019Q4,2019,Q4,2020-03-16,2019-12-31,4610338.0,39495283.0,4973894.0,0.17,12457136.0,0.3154081969738006,51601435.0,35061890.0,36280700.0,11786280.0,16708225.0,15141153.0,24594878.0,404524546.05,394919781.05,1.269778789731368,3.078214669938267,0.03674719511191888,0.054081739461278325,0.10762652682074555,1.269778789731368,0.13149142844267664,10.242350866304719,21.935731504392955,11.537442677790615,0.0,1.7857389724547397,0.0,0.7653911756523826,1.5906806049067221,0.08934515096334046,87.85690293997621,0.3154081969738006,0.06250000000000006,1.8610526353004906,4.048530869159004,3.605042677143092,0.015000859608425956,0.023909078209591924,-0.12263988362295007,384.87493755204,1.9810586573338576,2.3880729832365137,Auto Parts,Consumer Cyclical,XPEL
2019Q3,2019,Q3,2019-11-08,2019-09-30,4502683.0,35617998.0,5669159.0,0.16,12273030.0,0.34457383034273853,47405913.0,30247076.0,33081472.0,12774528.0,17347341.0,16428406.0,19984540.0,325828644.6,320580277.6,1.0954085919553311,2.58964339034679,0.043191637296385366,0.06769378302881243,0.12576683480831224,1.0954085919553311,0.1488634141032343,9.147865205674952,18.09080522657269,10.772236119616984,0.0,1.4210123611505583,0.0,0.7513408295711972,1.1414302743709983,0.09498146359927716,167.8533223845028,0.34457383034273853,0.4545454545454546,7.80914011959976,2.9548312076094527,3.8375250371850056,0.15499858695825047,0.49789006515931217,0.4275427186913207,4.668102929221341,1.4546524979802895,1.6854020211580756,Auto Parts,Consumer Cyclical,XPEL
2019Q2,2019,Q2,2019-08-21,2019-06-30,3006017.0,30094154.0,3971271.0,0.11,10626013.0,0.3530922650292811,43349379.0,25881341.0,29640547.0,13467923.0,17656557.0,15304778.0,15481857.0,149356537.173,146031508.173,0.9373019495413634,2.2008253982444064,0.049572451776068116,0.08303028038616701,0.09416364893633106,0.9373019495413634,0.11614610695790453,4.9629751071586865,12.421464779889801,5.7708191075957,0.0,1.2720302770807914,0.0,0.6942234166722434,0.9670201559661427,0.0693439460805194,92.36661365048916,0.3530922650292811,0.5714285714285713,3.7159195658861446,2.3662212922125527,3.5008696781540873,0.3037924781106443,0.617366849117098,0.597810854796626,2.611894050435419,1.057061942443319,1.4347640799778143,Auto Parts,Consumer Cyclical,XPEL
2019Q1,2019,Q1,2019-03-31,2019-03-31,1858587.0,24725446.0,2485445.0,0.07,8150080.0,0.32962317444142364,38627557.0,22736011.0,24887875.0,11572528.0,16075351.0,13586897.0,12475840.0,163190448.27,161504682.27,0.8233927073212274,2.1505996788255772,0.06965387430533078,0.11833909651081713,0.06423912092894428,0.8233927073212274,0.08174639781798135,6.6001012992849555,21.950875620834537,7.1776200438150735,0.0,1.2199522819669568,0.0,0.6400986218206862,0.8921450006429019,0.04811557199954426,292.13663964125243,0.32962317444142364,-0.041095890410958756,2.73941038521058,3.333927991524411,3.4004008018129612,-0.04334350861534077,-0.08301111534869356,-0.1256954489427206,1.4489165500812615,1.043411453505347,1.2924372945857525,Auto Parts,Consumer Cyclical,XPEL
2018Q4,2018,Q4,2018-12-31,2018-12-31,2026837.0,26563457.0,2842768.0,0.073,8519338.0,0.3207164639753026,30542888.0,20802974.0,21031868.0,8482842.0,9929943.0,10799611.0,10617253.0,168478260.5955,166328421.5955,0.7533870863359937,2.479342182726025,0.05963375172642482,0.08755416413057095,0.09146348592247992,0.7533870863359937,0.0974301558998247,6.342482478673615,20.780933616701788,8.098758408076652,0.0,1.6708119394300405,0.0,0.8697100614715937,1.122918356843143,0.06636035858822519,162.27278694975442,0.3207164639753026,-0.07594936708860767,5.670545296626921,3.9429710999452516,3.454809193154165,-0.03480806935964056,-0.06370332114094177,-0.052199307112152676,12.922862718813217,1.2203240348180817,1.327907795597991,Auto Parts,Consumer Cyclical,XPEL
2018Q3,2018,Q3,2018-09-30,2018-09-30,2164738.0,29293451.0,2999331.0,0.079,8826574.0,0.3013156080517792,34233173.0,20803941.0,24355647.0,12010882.0,13532213.0,12614556.0,10255127.0,190250793.32999998,188689592.32999998,0.7534221065841796,2.0277983748404154,0.055074328050163504,0.09062556945340308,0.10045463946655818,0.7534221065841796,0.10405422703323375,6.494652792188943,21.971572694940452,9.144940053906133,0.0,1.6224809656400114,0.0,0.855703647453305,0.8756963060664488,0.0632350965538602,80.3461959898441,0.3013156080517792,-0.12222222222222218,4.145029603435469,4.608211382373897,3.815322452211082,0.02672785222408338,-0.1325701430971675,-0.12534705950453856,3.9212591441274185,1.5155360376204317,1.2449028314328485,Auto Parts,Consumer Cyclical,XPEL
2018Q2,2018,Q2,2018-06-30,2018-06-30,2495577.0,28864686.0,3429167.0,0.09,8596800.0,0.29783105903178714,30653901.0,18481455.0,21412591.0,10843801.0,12291397.0,11728952.0,8090381.0,108020479.464,108294202.464,0.6693124518494222,1.9746388743209138,0.058751347830085315,0.09744676487863103,0.1272345651798526,0.6693124518494222,0.13503141392276743,3.7423057179281285,10.821192800703002,5.844803856839193,0.0,1.728021906816568,0.0,0.9416317355497429,0.8021991550748672,0.08141140013468433,179.25140132089874,0.29783105903178714,0.23287671232876717,5.064432165688817,4.502277146889342,3.7392970454313867,0.14721696997162784,0.2323210226837845,0.3219738046820035,2.8194535042109075,1.387442365948913,0.9991523104292176,Auto Parts,Consumer Cyclical,XPEL
2018Q1,2018,Q1,2018-03-31,2018-03-31,2025103.0,25198741.0,2593975.0,0.073,7493613.0,0.29738045245990663,30585012.0,16149852.0,21549126.0,13230345.0,14551885.0,10867879.0,5594533.0,47217540.87,47452454.87,0.5848726217240631,1.6287652362806866,0.11979553906992091,0.22687192427521938,0.10120820524150222,0.5848726217240631,0.12539452373928875,1.8738055552061113,5.829029544423173,2.9237135343407483,0.0,1.6291245053427628,0.0,0.8238918134150152,0.7543797988638996,0.06621226762964814,127.36128541257008,0.29738045245990663,77.49462365591397,6.333982384923808,6.583870053970331,3.7103014627908646,0.6377795859704936,78.19220240888471,7.775228178429104,1.8207624800065327,2.009583702377833,0.9668440418962814,Auto Parts,Consumer Cyclical,XPEL
2017Q4,2017,Q4,2017-12-31,2017-12-31,25572.0,20237336.0,295602.0,0.00093,4575471.0,0.22609057832513133,29045326.0,13960925.0,19909600.0,13710948.0,15192581.0,10151594.0,3569430.0,38657635.8,39241658.8,0.5055998535740771,1.452095070304402,0.14057087877064972,0.29245390258883275,0.00020525455344980168,0.5055998535740771,0.001831683788860695,1.9102136664628189,377.92933481933363,2.768988143693917,0.0,1.5427985989195392,0.0,0.6967501759147066,0.6613777544776627,0.0008804170419708837,5.820816277117914,0.22609057832513133,-0.941875,-0.9325534485716767,5.377542180289617,3.428527939197947,0.07688623391515292,-0.9444074871192852,-0.5717768677051539,-0.9841306997469808,1.5868612083509517,0.8336334817488139,Auto Parts,Consumer Cyclical,XPEL
2017Q3,2017,Q3,2017-09-30,2017-09-30,459990.0,17833249.0,690299.0,0.016,4248797.0,0.238251425749733,29923412.0,14585314.0,22495888.0,14317392.0,15425182.0,11889194.0,3543858.0,41695021.47,47186049.47,0.5282123228032481,1.5712280560593717,0.26064016362839904,0.5347326084306447,0.020804811075430276,0.5282123228032481,0.03153788804272572,2.3380496436740157,22.660830382182223,2.858698926193841,0.0,1.1425881350745897,0.0,0.5959630873645024,0.6552161175722506,0.015372244314919702,-124.66332837012386,0.238251425749733,-0.4074074074074074,0.26178681034549034,4.191249954029309,4.169406491649434,-0.07981716746005275,-0.39137614169071444,-0.4411335379463834,-0.10006625747033648,0.9801081935674787,1.3326823938355228,Auto Parts,Consumer Cyclical,XPEL
2017Q2,2017,Q2,2017-06-30,2017-06-30,755787.0,17048492.0,1235177.0,0.027,4617340.0,0.2708356844699226,28587064.0,13098113.0,21507111.0,14111132.0,15490783.0,10904884.0,3083868.0,46389162.96,50923190.96,0.4743528107841504,1.524123720194808,0.24513885021560802,0.5350236327935176,0.03825176078705196,0.4743528107841504,0.05770197584949832,2.7210126831159025,15.344654962310809,3.5416676402165717,0.0,1.1399618739639963,0.0,0.596370862009474,0.6787171291431474,0.026438077026727895,-15.066489256285314,0.2708356844699226,14.499999999999998,2.226209213676341,5.485364336989672,4.331125322018059,0.3854411271385441,15.006430689399556,81.46608358926426,0.18569878378678215,0.9069815609541765,1.2778147253937058,Auto Parts,Consumer Cyclical,XPEL
2017Q1,2017,Q1,2017-03-31,2017-03-31,-53960.0,12630467.0,14978.0,-0.002,3332758.0,0.2638665696209016,24497727.0,12742528.0,17695229.0,10132531.0,11821266.0,8906712.0,2328082.0,53016186.239999995,55179026.239999995,0.46147517381287967,1.7463779780195097,0.21257649740320805,0.4086819350132093,0.0013666003372146895,0.46147517381287967,-0.004234638526986168,4.197484245040187,-245.6272527798369,4.16057051159707,0.0,1.0438991403337168,0.0,0.5155770982344607,0.7763835116813361,-0.0022026533318785044,-35.76254594758676,0.2638665696209016,-3.6511627906976747,-1.2075041810140812,4.91617587487262,4.733037513722451,0.05190035984358908,-3.4929225645295587,1.0671403276777909,-1.1085655847081481,1.2138947251881869,1.4662299129044276,Auto Parts,Consumer Cyclical,XPEL
2016Q4,2016,Q4,2016-12-31,2016-12-31,-12010.0,13248744.0,-223085.0,-0.00043,3168321.0,0.23914123482195745,21795017.0,10348623.0,14948368.0,9542876.0,11501573.0,7806029.0,2382085.0,38657635.8,41745176.8,0.374779054646689,1.5664426531372722,0.2270532755262361,0.47819212275874773,-0.0013364515864039952,0.374779054646689,-0.0011605408758247353,2.9178340075104474,-804.6968318068276,3.7355342638339417,0.0,1.2913637651102756,0.0,0.6078794983275305,0.7008543336411371,-0.0005510433875779955,-85.76253860215816,0.23914123482195745,-1.0153571428571428,-1.0336026063781978,5.841839343088177,4.272896869932157,-0.1680473807832639,-1.0161901295479974,-1.182094447337618,-1.0395262416328936,1.4653477407919102,1.2160841462805574,Auto Parts,Consumer Cyclical,XPEL
2016Q3,2016,Q3,2016-09-30,2016-09-30,741810.0,13549976.0,1225106.0,0.028,3808295.0,0.28105547936025865,20185350.0,10517999.0,14409016.0,8023343.0,9711658.0,5717822.0,2394095.0,35712155.75,37015065.75,0.4079123287033715,1.7958868267254684,0.21273265016459958,0.4082604495398792,0.05128511656282174,0.4079123287033715,0.07052767356224315,2.635588118384859,12.03547935118157,3.3953374353810077,0.0,1.7037398156151067,0.0,0.6712777336038266,0.9851945753783679,0.03674992011533117,24.101304233097036,0.28105547936025865,-0.06666666666666661,2.9200672183645646,7.002868043989275,6.016920533600898,0.015294623247699368,-0.045497182723448826,-0.07533726513711751,0.8880616958729433,1.7780069210423433,1.6070769330679162,Auto Parts,Consumer Cyclical,XPEL
2016Q2,2016,Q2,2016-06-30,2016-06-30,777169.0,13661356.0,1324922.0,0.03,3750926.0,0.27456469182122184,18946160.0,9926335.0,13204568.0,7113570.0,9045907.0,6028612.0,1652462.0,29652692.499999996,32355433.499999996,0.3849662303010089,1.856250518375443,0.2473847470938702,0.47217739477863685,0.0548969154292708,0.3849662303010089,0.07829365017400682,2.1705526523135767,9.538688657164657,2.9872750113712665,0.0,1.643899126366069,0.0,0.7210619988430373,0.9477241385127299,0.04101986893386311,54.76189970525444,0.27456469182122184,0.11111111111111108,2.7600160624694596,8.246965590623452,6.579003829077318,0.14117852509729567,0.09659818063549355,0.44924869806051765,1.022439775888496,1.7887552056870262,1.725885814338455,Auto Parts,Consumer Cyclical,XPEL
2016Q1,2016,Q1,2016-03-31,2016-03-31,708709.0,11299191.0,914213.0,0.027,3286888.0,0.2908958703326636,19788315.0,9261383.0,14066687.0,8289142.0,10541638.0,7002554.0,875292.0,20756884.75,24074847.75,0.3591778537480197,1.6970015714533542,0.29877010751041716,0.6383665376974476,0.049544165876323716,0.3591778537480197,0.07652302037395495,1.8370239736632472,7.322076038966629,2.2412294956379624,0.0,1.1441972457477658,0.0,0.5710031905192534,0.7637174028385567,0.035814519831526836,-4483.128455723542,0.2908958703326636,5.383116883116884,7.221205266515863,9.628880642293744,7.396371967195577,0.1656164413194788,5.464477397570932,7.6318169801344515,1.748537422023312,2.6416680096931,1.8926571480201229,Auto Parts,Consumer Cyclical,XPEL
2015Q4,2015,Q4,2015-12-31,2015-12-31,-158744.0,11171906.0,105912.0,-0.00616,2819871.0,0.25240733318021114,19526220.0,8344853.0,14087005.0,8799279.0,11184544.0,6972768.0,166583.0,26004122.075,29206533.075,0.32363270047062337,1.6009271896026935,0.3094792540491708,0.7241541582577907,-0.013584759084755036,0.32363270047062337,-0.01902298338868282,2.3276352374429217,-40.95292117339868,3.1161869567984,0.0,1.1978076712146453,0.0,0.5721489361484199,0.7491095577262638,-0.008129786512699334,-218.87886196825076,0.25240733318021114,-1.4106666666666665,-1.5859290509989776,10.740436644510417,7.338040820649529,-0.144228131297191,-1.3864641152984711,-0.8432953082693417,-1.4483666826321901,2.770233353933583,1.834685267293597,Auto Parts,Consumer Cyclical,XPEL
2015Q3,2015,Q3,2015-09-30,2015-09-30,410760.0,10874243.0,675870.0,0.015,3295120.0,0.30302063325235606,19119488.0,8653805.0,13782736.0,7569039.0,10428192.0,5705435.0,325327.0,58183739.675,60894917.675,0.335614573617556,1.8209360527802803,0.3179319446211112,0.7024304337802851,0.030332177411415816,0.335614573617556,0.04746582572637123,5.35060138668963,35.412247830241505,6.723486336357244,0.0,1.328404056833528,0.0,0.5687517887508284,0.946335459494924,0.021483838897778017,-162.69483306536176,0.30302063325235606,-0.34782608695652173,4.021944671366541,8.344900732981207,10.826885787294628,-0.01847464301480247,-0.3267763575185327,-0.33437398438038585,0.20660938532716455,2.389857650358056,2.284527983639995,Auto Parts,Consumer Cyclical,XPEL
2015Q2,2015,Q2,2015-06-30,2015-06-30,610139.0,11289975.0,1015390.0,0.023,3357142.0,0.29735601717452875,18038077.0,8632753.0,12816424.0,6133214.0,9347781.0,5184480.0,-80400.0,81222592.5,83729468.5,0.3347981283655776,2.0896750056332616,0.28444789319837144,0.5943518828813937,0.04700036575554313,0.3347981283655776,0.07067722197078961,7.194222529279294,33.280364187504816,9.40865474779598,0.0,1.5301116023207728,0.0,0.6258968181586096,1.1321284403250889,0.033825057959337906,133.98270338839063,0.29735601717452875,-0.11538461538461536,13.348600643502145,10.0904607199031,12.282933703200067,0.17958480511672897,-0.12517725462869367,0.24378347126065078,1.789092105924785,3.5992005765104578,2.7627072915272812,Auto Parts,Consumer Cyclical,XPEL
2015Q1,2015,Q1,2015-03-31,2015-03-31,697443.0,8133932.0,816372.0,0.026,2846037.0,0.3498968272663209,16783409.0,7976764.0,11760603.0,5503710.0,8744616.0,5765534.0,-690540.0,91204085.39999999,94193291.39999999,0.2973660388243968,2.136850052055795,0.32096876147152226,0.6753302467015446,0.05276779100634265,0.2973660388243968,0.08743432800569254,11.212791722379778,32.692307973554826,11.433719914491641,0.0,0.9171561558738531,0.0,0.4846412311110335,1.0076744595918026,0.04155550281828918,1436.5336577989888,0.3498968272663209,-0.5517241379310345,20.659045674533207,6.782435606721402,11.623764641912262,0.19990109165969966,-0.5544733572457495,0.8879232594387838,1.760803580401893,2.9218780386491163,2.6942629910110507,Auto Parts,Consumer Cyclical,XPEL
2014Q4,2014,Q4,2014-12-31,2014-12-31,1565435.0,7599908.0,432418.0,0.058,2371893.0,0.31209496220217403,12608177.0,7396560.0,10344081.0,5124353.0,5124353.0,6235137.0,-1387982.0,81869079.012,81385362.012,0.2757365954573785,2.018612105762425,0.07855322779811863,0.13390184085574916,0.19160266597465003,0.2757365954573785,0.21164365596980217,10.772377640887232,13.074493513304608,11.068534428437003,0.0,0.8384763638713952,0.0,0.6027761190218063,0.7340384239727434,0.12416029692476557,244.96078552300477,0.31209496220217403,2.2222222222222228,115.87109952657607,6.985617978413781,11.33412321055128,-0.1012945806603661,2.2797304035566284,-0.4171918550426171,3.5085498483538715,3.039972208627498,2.8794340641144083,Auto Parts,Consumer Cyclical,XPEL
2014Q3,2014,Q3,2014-09-30,2014-09-30,477306.0,8410089.0,741956.0,0.018,2639233.0,0.3138174875438298,12010260.0,5838741.0,10047369.0,5863610.0,6103610.0,5131695.0,-2953417.0,77354850.0,77161633.0,0.22643988062804077,1.71351249486238,0.15796910308353024,0.3249416269706089,0.06250665035869533,0.22643988062804077,0.08174810288724915,9.197863423324058,40.516382572186394,13.248549644520969,0.0,1.1245516344989326,0.0,0.7002420430531895,0.7976736174472723,0.039741520999545386,-66.50788028128447,0.3138174875438298,-0.21739130434782614,1.7452157038268679,7.437731543354288,8.929265271968763,0.0699570109037602,-0.19811366717683446,-0.2367414539805985,1.5223057167316656,3.967155108260392,2.89522585173068,Auto Parts,Consumer Cyclical,XPEL
2014Q2,2014,Q2,2014-06-30,2014-06-30,595229.0,8348309.0,972090.0,0.023,2466672.0,0.295469657388101,9087373.0,5369692.0,7718607.0,3469680.0,3717681.0,3240743.0,-3430571.0,42416242.75,40566038.75,0.20824907552661534,2.224587570035277,0.030603013654221082,0.05179086621728025,0.10592109885600218,0.20824907552661534,0.11084974706184265,5.080818492703133,17.81509416963891,7.8991947303495245,0.0,1.8149038661813046,0.0,0.918671325585513,1.2386747481035716,0.06550066779475212,48.24226855421879,0.295469657388101,0.27777777777777785,8.147587371814394,3.5028276156503577,3.783159759863745,0.38644453624935715,0.2959905069836812,0.5048718036045464,1.8797733837140111,4.650722085193599,3.0998934882779845,Auto Parts,Consumer Cyclical,XPEL
2014Q1,2014,Q1,2014-03-31,2014-03-31,459285.0,5271873.0,645962.0,0.018,1779135.0,0.3374768322378024,7525665.0,4774463.0,6310258.0,2543202.0,2751202.0,3155861.0,-4025800.0,42611441.11,41640471.11,0.18711766141438532,2.4812256360289116,0.051737487650593,0.08155032304156509,0.08917434919459372,0.18711766141438532,0.09619615860464308,8.0827897618171,23.19444414143723,8.924865709504923,0.0,1.1067464631680546,0.0,0.7005192232181475,1.1496306624483623,0.06102915822056921,-113.49794402804191,0.3374768322378024,0.6363636363636364,21.419113168768238,3.1777762921562407,3.663572388350027,0.12843881332002227,0.6357701512949825,0.41852758715344496,4.384016078687807,4.01142992797276,3.374182512848207,Auto Parts,Consumer Cyclical,XPEL
2013Q4,2013,Q4,2013-12-31,2013-12-31,280776.0,4965912.0,455375.0,0.011,1576634.0,0.31749132888379816,6446198.0,4315179.0,5409714.0,1910019.0,2131019.0,2716612.0,-4485084.0,32711297.906,31364889.906,0.1691177003705895,2.8322828202232544,0.010627194510624712,0.015875355344471227,0.06456048299141018,0.1691177003705895,0.06506705747316624,6.587168259526146,29.125795924509216,7.580519349487009,0.0,1.2476120991882536,0.0,0.7703629333135594,1.2742642874233188,0.04355683768944112,65.25502091828186,0.31749132888379816,-0.26666666666666666,1.4864574496602234,5.41905833895348,3.2647478137326256,-0.02434143229232739,-0.28536631924559996,-0.24019955450624442,0.04728344196356594,4.273664994997473,3.357131671594939,Auto Parts,Consumer Cyclical,XPEL
2013Q3,2013,Q3,2013-09-30,2013-09-30,392895.0,4877589.0,599335.0,0.015,1615969.0,0.3313048721407236,5589920.0,4034403.0,4696616.0,1461692.0,1555516.0,1984384.0,-4765860.0,30941940.0,30163118.0,0.15646347966546376,3.213136556812242,0.054863039184818385,0.07601620363657274,0.09087619022424161,0.15646347966546376,0.09738615601862283,6.343695625031137,19.688428206009238,7.669521364127481,0.0,1.6436435689866478,0.0,0.8725686593010276,1.65052829186997,0.0702863368348742,-31.835335006281273,0.3313048721407236,0.0,0.5492741481521684,1.064913164406205,1.5714097266161828,0.08171235137047418,0.02243717357191372,0.023269353566465086,3.8035274896692894,3.1916099374716085,4.513692936334803,Auto Parts,Consumer Cyclical,XPEL
2013Q2,2013,Q2,2013-06-30,2013-06-30,384273.0,4898729.0,585706.0,0.015,1493899.0,0.3049564489074615,5919464.0,3641508.0,5053681.0,2252123.0,2277956.0,1543226.0,-5158755.0,11809507.1,10032248.1,0.1412261028235463,2.24396314055671,0.005448128411626458,0.008856221104004166,0.1046768173180365,0.1412261028235463,0.10552578766818582,2.4107288033283734,7.683019038548116,3.2430265428498304,0.0,2.206306788506674,0.0,0.8275629347522006,1.446363275895677,0.06491685733708322,28.379096877448127,0.3049564489074615,0.4999999999999999,1.1273760333534366,0.793540281345032,1.7880187066964615,0.41038715573464046,0.4648848938141147,0.45524972793543994,8.03692406989309,3.812159597514625,4.603068840689948,Auto Parts,Consumer Cyclical,XPEL
2013Q1,2013,Q1,2013-03-31,2013-03-31,262323.0,3156582.0,402478.0,0.01,1059212.0,0.3355566242220224,5174695.0,3257234.0,4147031.0,1889993.0,1917461.0,1590677.0,-5543029.0,9968274.0,8573347.0,0.12416883003015367,2.1942044229793445,0.006532172427553701,0.01037751662913994,0.08013741717552349,0.12416883003015367,0.08053550957653027,3.1579328526868617,9.5,3.0603493639081503,0.0,1.3185392131777853,0.0,0.6100034881282859,1.2805602983714754,0.05069342251089195,-7260.214129643117,0.3355566242220224,-0.2857142857142857,1.4545454561500122,0.5606527214816313,-0.21613169429554763,0.15728369190292998,-0.2717134195095949,0.4889056592605746,7.330402254178003,2.0883824749254205,4.271207473318459,Auto Parts,Consumer Cyclical,XPEL
2012Q4,2012,Q4,2012-12-31,2012-12-31,360192.0,3014596.0,270318.0,0.014,915257.0,0.3036085100623765,5395678.0,2994911.0,4302426.0,2400767.0,2400767.0,1899534.0,-5805352.0,6033429.0,4637129.0,0.11416883003015367,1.7921047731829036,0.0,0.0,0.09025910953614315,0.11416883003015367,0.12026801464217134,2.0014054951310225,4.18764783781983,2.0145603659006897,0.0,1.1051863246459395,0.0,0.5587056899985506,0.9583408135816596,0.06675565146771174,10.739976823378838,0.3036085100623765,0.076923076923077,1.5348382441971462,0.5032755658979455,-0.3620333110645875,-0.13515727686,0.05806565322758317,-0.20593963428067857,28.027682367406836,2.2391295563537064,4.106947861094006,Auto Parts,Consumer Cyclical,XPEL
2012Q3,2012,Q3,2012-09-30,2012-09-30,340425.0,3207876.0,340425.0,0.013,1058293.0,0.3299045848405612,3919099.0,2634718.0,2906367.0,1284380.0,1284381.0,988133.0,-4000415.0,6188388.0,5359491.0,0.10218045798033348,2.2628560083464397,0.0,0.0,0.12920737627328618,0.10218045798033348,0.12920737627328618,1.9291231955349895,4.544604538444591,2.3487857144483772,0.0,2.1753984534470563,0.0,0.8185238494868335,1.4042627571279527,0.08686307745734415,23.841472623322186,0.3299045848405612,0.6249999999999999,-0.1808878708044928,0.5047729976594898,0.0,0.04956690078685806,0.5561645463729492,0.5518585377861656,1.531504016239606,2.2184197470881912,3.4805573562572807,Auto Parts,Consumer Cyclical,XPEL
2012Q2,2012,Q2,2012-06-30,2012-06-30,218759.0,2454769.0,219366.0,0.008,1008314.0,0.4107571832624577,3268647.0,2294293.0,2243407.0,974354.0,974354.0,648602.0,2165130.0,3803280.125,3233947.125,0.08897798909829183,2.3024557809584607,0.0,0.0,0.09561376859886685,0.08897798909829183,0.09534919907788587,1.549343390355671,4.3464270327163685,1.657713345679911,0.0,2.230111840543199,0.0,0.7510046205662465,1.575803044889229,0.06692646835219587,14.051769827312294,0.4107571832624577,-0.15056275217668286,1.9426644307298253,1.109736667338106,0.0,0.29521932872526135,-0.09913067112518582,-0.09968972649965525,2.3619280409233174,0.3240288114925324,1.0436870410699663,Auto Parts,Consumer Cyclical,XPEL
2012Q1,2012,Q1,2012-03-31,2012-03-31,242831.0,1993597.0,243656.0,0.009418,778489.0,0.39049466868178473,3278885.0,2075534.0,2265174.0,1203351.0,1203351.0,1118025.0,-6724729.0,2836344.5,2537673.5,0.08049400910220884,1.882388430308364,0.0003049817239701911,0.0004818037189465458,0.11733783313925994,0.08049400910220884,0.11699687887550866,1.4227271108453714,2.920080735161491,1.3665613283135811,0.0,1.0868343731133026,0.0,0.608010649961801,0.9093323560623625,0.07405901701340548,-22.488539056801244,0.39049466868178473,-0.27553846153846157,1.6278365316005103,1.0257782938322948,0.0,0.6842427507307143,-0.27242955931878376,0.903071864284989,10.729614882508322,0.5633674677428527,1.006168928358558,Auto Parts,Consumer Cyclical,XPEL
2011Q4,2011,Q4,2011-12-31,2011-12-31,333756.0,1808260.0,128033.0,0.013,462219.0,0.2556153429263491,3236738.0,1832704.0,2231200.0,1404034.0,1404034.0,1161548.0,-6967559.0,2191720.75,1766925.75,0.07107650005138656,1.589135305840172,0.0,0.0,0.1838559867773671,0.07107650005138656,0.18211124109512503,1.212060627343413,1.6417088756456815,1.1958945634428693,0.0,1.1588337287826245,0.0,0.5586673990913074,0.7252737469320544,0.10311492620039064,9.319808604912232,0.2556153429263491,0.771358495707862,1.5041822479858689,-0.08263866335705417,-0.6028299546651689,-0.38970194067333364,0.7637211072006088,-0.32723623160228893,1.5722125981235395,1.3130053455490032,0.7923809721731082,Auto Parts,Consumer Cyclical,XPEL
2011Q3,2011,Q3,2011-09-30,2011-09-30,189234.0,1693140.0,190309.0,0.007339,757366.0,0.44731445716243196,2578364.0,1498948.0,1777878.0,1079416.0,1079416.0,821744.0,-5136185.0,1547097.0,1353444.0,0.05813267041433084,1.6470739733337285,0.05817642505092376,0.10007018255469836,0.11541237200930533,0.05813267041433084,0.12624453950370526,0.9137442857649102,2.0438940676622592,1.0321218614655079,0.0,1.138765844350552,0.0,0.656672215404807,0.8320452911574406,0.07339305078724338,29.232427632076185,0.44731445716243196,-0.08262500000000002,-0.5446754361278325,-0.20577000069292312,0.0,0.024500374702064513,-0.0844682693656776,-0.08308239341276685,-0.25380739344754344,-0.2832140889314942,-0.04461466370814364,Auto Parts,Consumer Cyclical,XPEL
2011Q2,2011,Q2,2011-06-30,2011-06-30,206693.0,1477388.0,207553.0,0.008,739254.0,0.5003790473457209,1905186.0,1309715.0,1127830.0,595471.0,595471.0,403662.0,-5325418.0,773548.5,632819.5,0.05079377699006591,1.8940133104718786,0.026244156738502174,0.03817624445012846,0.1526444879993234,0.05079377699006591,0.15781524988260806,0.5235919744846986,0.9356249365000266,0.590623532600604,0.0,1.828594219916663,0.0,0.775456044711645,1.045224704477632,0.1084896697750246,-8.077148376318263,0.5003790473457209,1.6666666666666667,1.8906702772495747,0.2697323599431595,0.0,0.32811253638029536,1.3976915492140827,1.3834749655489205,1.0685130999625836,-0.4590933915356873,0.0027466424461941945,Auto Parts,Consumer Cyclical,XPEL
2011Q1,2011,Q1,2011-03-31,2011-03-31,86205.0,1063065.0,87080.0,0.003,556620.0,0.5235992154760057,1603513.0,1103022.0,852387.0,500491.0,500491.0,224541.0,-7697241.0,1418172.25,1181673.25,0.042777744381897194,1.7031015542737031,0.0,0.0,0.07894674811563142,0.042777744381897194,0.0781534729135049,1.334040957044019,4.11279000638014,1.2857152894502557,0.0,2.2554678210215506,0.0,0.6629600134205336,1.1479147477177412,0.05376008800677014,18.027766125136655,0.5235992154760057,-0.7272727272727273,1.2228819557907433,0.08022534240010837,0.0,0.025827211641596296,-0.6818146585611622,-0.15665917719067174,1.1519649681205966,-0.46528902888934487,-0.7299473788844364,Auto Parts,Consumer Cyclical,XPEL
2010Q4,2010,Q4,2010-12-31,2010-12-31,270927.0,951575.0,103256.0,0.011,542606.0,0.570218847699866,1680653.0,1000817.0,1013819.0,663851.0,679836.0,359375.0,-7783446.0,319733.38,161900.38,0.03881399808803197,1.527178538557598,0.0,0.0,0.10317170871398068,0.03881399808803197,0.270705833334166,0.33600439271733706,0.29503646738789413,0.3194723710728335,0.0,1.138000695652174,0.0,0.5661936164098121,0.7877294754395188,0.1612034131971323,-0.9348874567984983,0.570218847699866,2.4374999999999996,1.4092707963304556,-0.5172496687887742,-0.7831103477365305,-0.07220986360302101,2.320590758671406,0.0033914116629578162,1.4092707963304556,-0.5172496687887742,-0.7831103477365305,Auto Parts,Consumer Cyclical,XPEL
2010Q3,2010,Q3,2010-09-30,2010-09-30,81590.0,1160767.0,102907.0,0.0032,584837.0,0.5038366872938325,1593388.0,729890.0,979390.0,847513.0,863498.0,275700.0,-5894414.0,1028838.0,826161.0,0.028377256672090262,1.155604692789373,0.0,0.0,0.1409897381797257,0.028377256672090262,0.11178396744714957,0.8863432540725228,3.1524635371981864,1.409579525681952,0.0,2.0889735219441423,0.0,0.728489859343738,0.7886392303126913,0.05120535613422468,16.32661546273962,0.5038366872938325,1.0,-0.8031940916518157,-0.4541444148073965,0.0,0.027916140847942014,0.9235212296956409,0.16901248452214612,-0.8031940916518157,-0.4541444148073965,0.0,Auto Parts,Consumer Cyclical,XPEL
2010Q2,2010,Q2,2010-06-30,2010-06-30,42417.0,1015463.0,88029.0,0.0016,568954.0,0.5602902321404128,1467548.0,648300.0,861826.0,803264.0,819248.0,203162.0,-5976004.0,900233.2500000001,755784.2500000001,0.025205134336017915,1.072905047406581,0.014729330829383434,0.03334258830788216,0.1314030415753617,0.025205134336017915,0.06542804257288293,0.8865249152357103,5.305851722186859,1.3886059694585842,0.0,2.197797816520806,0.0,0.6919453401183471,0.7631637917297427,0.028903313554309636,8.982570844142886,0.5602902321404128,0.33333333333333354,1.1832358421289868,-0.1250947691205159,0.0,0.06754203434798679,0.3737854644383988,1.6109743437639032,1.1832358421289868,-0.1250947691205159,0.0,Auto Parts,Consumer Cyclical,XPEL
2010Q1,2010,Q1,2010-03-31,2010-03-31,30876.0,1002159.0,33715.0,0.0012,532957.0,0.5318088247473705,1549698.0,605884.0,956514.0,927829.0,943814.0,185818.0,-8178380.0,591581.85,507709.85,0.023556050612438498,1.0309162571982553,0.04448802282767352,0.11378910814611377,0.04996095295535004,0.023556050612438498,0.050960249816796616,0.5903073763744077,4.789981296152352,0.9763945738788283,0.0,2.525062157595066,0.0,0.6466801918825474,0.7299567053842896,0.01992388194344963,7.168951163354338,0.5318088247473705,3.352941176470588,1.080028149457566,0.020870046761617293,0.0,0.1345207380727344,3.3628989056401624,1.0277259878510856,1.080028149457566,0.020870046761617293,0.0,Auto Parts,Consumer Cyclical,XPEL
2009Q4,2009,Q4,2009-12-31,2009-12-31,-13067.0,912539.0,16627.0,-0.00051,469764.0,0.5147878611215521,1570231.0,575007.0,984140.0,979239.0,995224.0,222888.0,-8209256.0,1157442.75,1165869.75,0.02235558950971873,1.0050049068715605,0.08350427421188347,0.2280337456761396,0.023546722407268936,0.02235558950971873,-0.022724940739851863,1.2683762009075776,-22.144385666181986,2.0129194079376425,0.0,1.986535838627472,0.0,0.5811495251335631,0.7212396565087787,-0.008321705532498084,11.40629865778426,0.5147878611215521,0.9796,0.9802114647890743,-0.5359013772853886,-0.8750786758964977,-0.2117670155091439,0.9795477880870992,-0.715056896078969,0.9802114647890743,-0.5359013772853886,-0.8750786758964977,Auto Parts,Consumer Cyclical,XPEL
2009Q3,2009,Q3,2009-09-30,2009-09-30,-638904.0,994250.0,58352.0,-0.025,595971.0,0.5994176514961026,1945663.0,586574.0,1353925.0,1326145.0,1359089.0,151711.0,-7166594.0,2572095.0,2619174.0,0.022805300737336685,1.0209479355575748,0.09639079326687099,0.3197277751826709,0.07537868903707187,0.022805300737336685,-1.0892129552281553,2.586970077948202,-1.0064481518350175,4.384945462976538,0.0,2.6252480044294746,0.0,0.5110083298083995,0.8632479857029208,-0.3283734130730759,61.442238784577896,0.5994176514961026,-13.500000000000002,-2.5411212411727946,-0.532449737477249,0.0,-0.41820501656634446,-10.843224255869847,-0.3823551204022228,-2.5411212411727946,-0.532449737477249,0.0,Auto Parts,Consumer Cyclical,XPEL
2009Q2,2009,Q2,2009-06-30,2009-06-30,64908.0,1849413.0,94475.0,0.002,1024366.0,0.5538870982306278,2986150.0,1119838.0,1114333.0,1725877.0,1866312.0,330679.0,-6529190.0,1350349.875,1402011.875,0.043537971964488095,0.6456618866813799,0.0769539373440718,0.20520468139141554,0.08061012716550883,0.043537971964488095,0.05796195521137879,0.7301505261399157,5.201014801719356,1.2058439479639018,0.0,2.495008754713786,0.0,0.6193302412805787,0.4242776281276128,0.021736349480099795,24.44027936145952,0.5538870982306278,1.0,1.280393993938946,0.5934220230146442,0.0,0.3300656225573321,2.143092344196407,5.0650317776208515,1.280393993938946,0.5934220230146442,0.0,Auto Parts,Consumer Cyclical,XPEL
2009Q1,2009,Q1,2009-03-31,2009-03-31,20651.0,1272029.0,15577.0,0.001,770162.0,0.6054594667259945,2912434.0,1032008.0,990728.0,1685286.0,1880426.0,312026.0,-6595598.0,128604.75,234733.75,0.04012324583656513,0.5878693586726526,0.09630467162517674,0.2717818078929621,0.020242158542175148,0.04012324583656513,0.020010503794544228,0.10110205820779243,1.5568828386034574,0.1246160397981411,0.0,1.608414042419542,0.0,0.4367580518562824,0.376979931002809,0.007090632783438183,8.676612467953042,0.6054594667259945,1.0442086648983202,1.0535257583381332,0.29577871845898024,0.0,1.074650144790895,1.0354934903106605,1.032777605932248,1.0535257583381332,0.29577871845898024,0.0,Auto Parts,Consumer Cyclical,XPEL
2008Q4,2008,Q4,2008-12-31,2008-12-31,-581825.0,779839.0,-475233.0,-0.02262,371225.0,0.47602774418822347,3057409.0,1019959.0,1027138.0,1797065.0,2037450.0,363574.0,-6620283.0,3215118.75,3407123.75,0.03965479502117923,0.5715641893865832,0.10565776446657939,0.31671763276759163,-0.34522074969122135,0.03965479502117923,-0.5704395961014119,4.122798103198225,-1.381480148670133,3.1522039121180363,0.0,1.1238812456336262,0.0,0.2550653183790589,0.31446664422266307,-0.19030002201210242,13.266482428233664,0.47602774418822347,-3.2620000000000005,0.1188899901203909,-0.6033898761158264,-0.778412038790338,-0.7381001262142567,-3.279324772194843,-2.81915028001179,0.1188899901203909,-0.6033898761158264,-0.778412038790338,Auto Parts,Consumer Cyclical,XPEL
2008Q3,2008,Q3,2008-09-30,2008-09-30,255262.0,2377614.0,261239.0,0.01,1417431.0,0.59615690351756,4377605.0,1579232.0,1968112.0,2348471.0,2798373.0,415093.0,-6306514.0,4282409.34,4575643.34,0.060847354680951635,0.8380397288278203,0.11582840388751384,0.3210744209843772,0.12864647895150066,0.060847354680951635,0.16163679560697858,1.801137333478016,4.194131265131513,2.711703752203603,0.0,2.3131756016121687,0.0,0.5431312327174334,0.4551880776896968,0.05831088003600142,-77.27888369575025,0.59615690351756,1.0854700854700854,-0.38980290092145453,0.10804354137363824,0.0,-0.00230308516276801,1.0843898512130574,1.0857896759066175,-0.38980290092145453,0.10804354137363824,0.0,Auto Parts,Consumer Cyclical,XPEL
2008Q2,2008,Q2,2008-06-30,2008-06-30,-3024795.0,2738521.0,-3045110.0,-0.117,1420703.0,0.5187847747013807,4127227.0,1309572.0,1661859.0,2304734.0,2817655.0,359868.0,0.0,11504562.305,11744223.305,0.05065464678710348,0.7210632550220546,0.134895899837833,0.4251358459099614,-1.620728621810431,0.05065464678710348,-2.3097584554342947,4.201012993875161,-0.9508547112283642,8.784978836596995,0.0,3.661948269921193,0.0,0.6635256553613358,0.5167155949450132,-0.7328879656970649,-150.42182873094322,0.5187847747013807,-4.318181818181818,-11.999999675040087,1.3474151361323818,0.0,0.23245531090217933,-4.338803109247257,-4.374659352451956,-11.999999675040087,1.3474151361323818,0.0,Auto Parts,Consumer Cyclical,XPEL
2008Q1,2008,Q1,2008-03-31,2008-03-31,-566568.0,1985655.0,-566568.0,-0.022,1152742.0,0.5805348864732293,6836044.0,4079424.0,1828449.0,2322138.0,2756620.0,462964.0,0.0,36054327.4,35893796.4,0.15840521823186196,0.7873989401146702,0.043934474383137384,0.07362264868765786,,0.15840521823186196,-0.1388843130794936,18.15739763453369,-15.909090965250419,8.838092681711927,0.0,1.799088050042768,0.0,0.29046843466776984,0.5172694301544525,-0.08287951335597021,-135.00510149442633,0.5805348864732293,0.14296844565640826,-0.4666666834284353,1.0202041864904292,0.0,0.346241300902639,0.14306586786497005,0.1850393191112313,-0.4666666834284353,1.0202041864904292,0.0,Auto Parts,Consumer Cyclical,XPEL
2007Q4,2007,Q4,2007-12-31,2007-12-31,-661157.0,1968718.0,-695209.0,-0.02567,856267.0,0.434936339282721,6996960.0,4608705.0,2131153.0,1898988.0,2388255.0,448151.0,-3724918.0,47128156.53,46708958.53,0.17895735311928188,1.122257223321053,0.047631114083830695,0.07231380615595921,-0.13668646534252055,0.17895735311928188,-0.14345830336287527,23.938500348958055,-17.82033485616881,10.225900015297139,0.0,2.482312881149434,0.0,0.28136762251034736,0.8013673598779982,-0.09449203654158378,177.63430149636275,0.434936339282721,-2.833571428571428,0.0,0.0,0.0,-0.29734007982878824,-2.719698486972671,-2.8039056438785543,0.0,0.0,0.0,Auto Parts,Consumer Cyclical,XPEL
2007Q3,2007,Q3,2007-09-30,2007-09-30,384461.0,1972063.0,385391.0,0.014,1218608.0,0.6179356339021623,,,,,,,,47467195.38,,,0.0,0.0,0.0,0.0,,0.0,24.06981692775535,30.866066636147746,0.0,0.0,0.0,0.0,0.0,0.0,0.0,-604.8856980107809,0.6179356339021623,2.555555555555556,0.0,0.0,0.0,0.6564353299867741,2.8053117706997996,2.809678767473857,0.0,0.0,0.0,Auto Parts,Consumer Cyclical,XPEL
2007Q2,2007,Q2,2007-06-30,2007-06-30,-212961.0,1067760.0,-212961.0,-0.009,735681.0,0.688994717914138,,,,,,,,47324666.0,,,0.0,0.0,0.0,0.0,,0.0,44.32144489398367,-55.555554772939644,0.0,0.0,0.0,0.0,0.0,0.0,0.0,-604.1086828869769,0.688994717914138,0.4,0.0,0.0,0.0,0.23799290874425538,0.3628843587887201,0.3628843587887201,0.0,0.0,0.0,Auto Parts,Consumer Cyclical,XPEL
2007Q1,2007,Q1,2007-03-31,2007-03-31,-334258.0,850491.0,-334258.0,-0.015,594253.0,0.6987175643246077,,,,,,,,44567734.0,,,0.0,0.0,0.0,0.0,,0.0,52.402358167223404,-33.33333383195017,0.0,0.0,0.0,0.0,0.0,0.0,0.0,-107.78900143177772,0.6987175643246077,0.0,0.0,0.0,0.0,0.0,0.0,0.0,0.0,0.0,0.0,Auto Parts,Consumer Cyclical,XPEL
