Quarters,Year,Quarter,FillingDate,Date,NetIncome,Revenue,OperatingIncome,EPSDiluted,GrossProfit,GrossProfitRatio,TotalAssets,CommonStockEquity,CurrentAssets,CurrentLiability,TotalLiability,Inventory,RetainedEarnings,MarketCap,EnterpriseValue,bookValuePerShare,currentRatio,debtToAssets,debtToEquity,roic,shareholdersEquityPerShare,roe,priceToSalesRatio,peRatio,pbRatio,payoutRatio,inventoryTurnover,dividendYield,assetTurnover,quickRatio,returnOnAssets,priceToFreeCashFlowsRatio,grossProfitMargin,epsdilutedGrowth,fiveYNetIncomeGrowthPerShare,fiveYRevenueGrowthPerShare,fiveYShareholdersEquityGrowthPerShare,grossProfitGrowth,netIncomeGrowth,operatingIncomeGrowth,threeYNetIncomeGrowthPerShare,threeYRevenueGrowthPerShare,threeYShareholdersEquityGrowthPerShare,Industry,Sector,Symbol
2023Q2,2023,Q2,2023-05-02,2023-04-01,218500000.0,1026500000.0,272100000.0,0.87,585800000.0,0.570677058,9448700000.0,5300800000.0,4211400000.0,955000000.0,4147900000.0,687600000.0,2006200000.0,19991811000.0,20233511000.0,21.39748920195374,4.409842931937173,0.29886651073692677,0.5327309085421068,0.026136009986834897,21.39748920195374,0.04122019317838817,19.475704822211398,22.873925629290618,3.771470532749774,0.0,0.6409249563699826,0.0,0.1086392837109867,3.45151832460733,0.02312487432133521,114.7635533869116,0.5706770579639552,0.16,1.3586981829055371,0.4547779687785032,1.4245763095805561,-0.05195015374656093,0.16595517609391675,0.036966463414634144,1.4109884731555673,0.44261251507691973,1.7000777827256115,Medical Instruments & Supplies,Healthcare,HOLX
2023Q1,2023,Q1,2023-02-01,2022-12-31,187400000.0,1074200000.0,262400000.0,0.75,617900000.0,0.5752187675,9290300000.0,5092500000.0,4021200000.0,956200000.0,4197800000.0,677700000.0,1787700000.0,18501934390.0,18887434390.0,20.590815909816875,4.205396360594018,0.3042743506668245,0.5550908198330878,0.025901349939185206,20.590815909816875,0.0367992145311733,17.22391955874139,24.682409805229458,3.633173174275896,0.0,0.6733067729083665,0.0,0.11562597547980151,3.2577912570591927,0.020171576805915848,82.48744712438697,0.5752187674548501,0.5957446808510639,-0.48418748834122405,0.5200232176729638,0.7848124388003321,0.20073843762145355,0.5787700084245998,0.3340111845449924,-0.4742567944060754,0.3680901434366034,1.450744378233771,Medical Instruments & Supplies,Healthcare,HOLX
2022Q4,2022,Q4,2022-11-15,2022-09-24,118700000.0,953300000.0,196700000.0,0.47,514600000.0,0.5398090842,9071200000.0,4876200000.0,3862000000.0,937700000.0,4195000000.0,623700000.0,1600300000.0,15762508440.0,16246408440.0,19.483134754153383,4.118588034552629,0.31124878737102035,0.5790164472335015,0.020880160634657426,19.483134754153383,0.02434272589311349,16.534677897828594,33.19820648694187,3.2325393626184318,0.0,0.70338303671637,0.0,0.10509083693447394,3.1535672389890155,0.013085369080165799,115.05480613138685,0.5398090842337144,-0.4777777777777778,0.6031389104988769,0.3261543705185859,0.9558207126729267,-0.06402328119316116,-0.48029772329246934,-0.2546419098143236,2.196217014699704,0.1829610555067847,1.298669666352209,Medical Instruments & Supplies,Healthcare,HOLX
2022Q3,2022,Q3,2022-07-27,2022-06-25,228400000.0,1002700000.0,263900000.0,0.9,549800000.0,0.5483195372,9357400000.0,4997900000.0,3909000000.0,1000900000.0,4359500000.0,581200000.0,1481600000.0,17786123080.0,18255323080.0,19.931327665140614,3.9054850634429013,0.3039840126530874,0.5691390383961263,0.030852915888827135,19.931327665140614,0.04569919366133776,17.738229859379675,19.46817324868652,3.558719278096801,0.0,0.7792498279421886,0.0,0.10715583388548101,3.07543211110001,0.024408489537692094,58.315157639344264,0.5483195372494265,-0.5,3.2989463124017173,0.3930444725919197,0.9532367253752957,-0.41918444960912743,-0.49879306561334213,-0.5557986870897156,1.6086850870953453,0.26159140652613005,1.418304449195396,Medical Instruments & Supplies,Healthcare,HOLX
2022Q2,2022,Q2,2022-04-27,2022-03-26,455700000.0,1435700000.0,594100000.0,1.8,946600000.0,0.6593299436,9514500000.0,4792700000.0,3881400000.0,1305100000.0,4721800000.0,526100000.0,1253200000.0,19132202700.0,19934502700.0,19.05085581180885,2.9740249789288176,0.3250932786799096,0.6453773447117491,0.05959174475222867,19.05085581180885,0.09508210403321718,13.326044925820158,10.496051514154049,3.991946648027208,0.0,0.9296711651777229,0.0,0.15089600084082191,2.3782085663933796,0.047895317673025385,18.970949628160636,0.6593299435815282,-0.07692307692307689,-0.03648409794168253,1.2353235263656732,0.9085251014643798,-0.040251444793673326,-0.08713942307692307,-0.07360049898643381,2.789035418624297,0.8774303801447905,1.3748296900140553,Medical Instruments & Supplies,Healthcare,HOLX
2022Q1,2022,Q1,2022-02-02,2021-12-25,499200000.0,1471100000.0,641300000.0,1.95,986300000.0,0.6704506832,9285100000.0,4519100000.0,3506200000.0,1278700000.0,4766000000.0,518300000.0,797500000.0,19296343880.0,20968443880.0,17.826894780650022,2.742003597403613,0.3331035745441622,0.6844061870726472,0.0674085859072639,17.826894780650022,0.1104644730145383,13.116949140099246,9.66363375400641,4.26995284016729,0.0,0.9353656183677407,0.0,0.15843663503893335,1.8740908735434425,0.05376355666605637,35.21230635036496,0.6704506831622595,0.5234374999999999,5.343975937062333,1.2019760199859326,1.229065772350479,0.19103972950126796,0.5182481751824818,0.45915813424345847,4.404221661695926,0.8903119385405922,1.0146088618009061,Medical Instruments & Supplies,Healthcare,HOLX
2021Q4,2021,Q4,2021-11-16,2021-09-25,328800000.0,1316600000.0,439500000.0,1.28,828100000.0,0.6289685554,8919900000.0,4218600000.0,3168700000.0,1326800000.0,4701300000.0,501200000.0,298300000.0,19492916480.0,21347816480.0,16.55157802225396,2.388227313837805,0.3391517842128275,0.7171099416868155,0.04779749608008378,16.55157802225396,0.07794054899729769,14.805496339055143,14.821256447688565,4.620707457450339,0.0,0.9746608140462889,0.0,0.1476025515981121,1.5925535122098282,0.036861399791477484,45.99555563945257,0.6289685553698922,0.23076923076923075,2.8833954014267977,0.9726482716323719,1.1439650574035394,0.18030216647662486,0.22503725782414308,0.22559955382041272,5.966721926826309,0.7317465813642263,0.8585088760824687,Medical Instruments & Supplies,Healthcare,HOLX
2021Q3,2021,Q3,2021-07-28,2021-06-26,268400000.0,1168300000.0,358600000.0,1.04,701600000.0,0.6005306856,8590600000.0,3877100000.0,2418200000.0,1464600000.0,4713500000.0,502900000.0,-30500000.0,16882994700.0,19196694700.0,15.131327323108145,1.6510992762529018,0.3656671245314646,0.8102189781021898,0.04043796701135864,15.131327323108145,0.06922699956152795,14.450907044423522,15.72559118852459,4.3545419772510385,0.0,0.9280174985086498,0.0,0.13599748562382138,1.2090673221357366,0.031243452145368195,26.896598215708142,0.6005306856115724,-0.5630252100840336,2.4321935665112195,0.7659488409172391,1.0581997800497223,-0.35384048627739917,-0.5670269398290047,-0.5499497991967871,1.5396823678294733,0.514669914564016,0.6909096129116431,Medical Instruments & Supplies,Healthcare,HOLX
2021Q2,2021,Q2,2021-04-28,2021-03-27,619900000.0,1537600000.0,796800000.0,2.38,1085800000.0,0.7061654527,8044000000.0,3794400000.0,2662400000.0,1036400000.0,4249000000.0,456200000.0,-298900000.0,18977087660.0,20934287660.0,14.680063294812225,2.5688923195677345,0.3448035803083043,0.7309719586759434,0.09588687407220549,14.680063294812225,0.16337233818258487,12.342018509365245,7.653285876754315,5.001340833860426,0.0,0.9903551074090311,0.0,0.19114868224763798,1.9574488614434582,0.07706364992541025,37.13715784735812,0.706165452653486,-0.04800000000000004,8.832539748616382,1.4237368533612085,1.028338974339067,-0.0801423246357167,-0.0527200488997555,-0.10016939582156974,1.9753551709693404,1.0885484342664253,0.6634163640327915,Medical Instruments & Supplies,Healthcare,HOLX
2021Q1,2021,Q1,2021-01-27,2020-12-26,654400000.0,1609800000.0,885500000.0,2.5,1180400000.0,0.7332587899,7550700000.0,3267900000.0,2596300000.0,1056000000.0,4281700000.0,420200000.0,-918800000.0,19335895850.0,21250395850.0,12.636646623228476,2.458617424242424,0.3686015866078642,0.8516784479329232,0.11451281422936485,12.636646623228476,0.20025092567092015,12.01136529382532,7.386879527047677,5.916917852443465,0.0,1.0218943360304618,0.0,0.21319877627239858,1.9742424242424241,0.08666746129497928,31.949596579643092,0.7332587899117903,0.3297872340425533,7.4342852765183975,1.5338146653854423,0.6506798295964091,0.26679544966731056,0.32202020202020204,0.3993362831858407,0.7226067343307198,1.178499983543307,0.09534484581106539,Medical Instruments & Supplies,Healthcare,HOLX
2020Q4,2020,Q4,2020-11-17,2020-09-26,495000000.0,1347000000.0,632800000.0,1.88,931800000.0,0.6917594655,7195800000.0,2705200000.0,2222300000.0,1239300000.0,4488500000.0,395100000.0,-1573200000.0,16725079799.999998,19062879800.0,10.408298320944334,1.793189703865085,0.42230189832958115,1.123318054117995,0.08648724705650208,10.408298320944334,0.18298092562472276,12.416540311804008,8.447009999999999,6.182566834245157,0.0,1.0508731966590736,0.0,0.18719252897523556,1.3958686355200516,0.06879012757441841,43.588949179046125,0.6917594654788418,2.5471698113207544,20.317927882173695,1.0800614891190121,0.41202843592988186,0.9991418150611456,2.589557650471356,2.313089005235602,5.4376693034661185,0.8044095296753434,0.044840355345905115,Medical Instruments & Supplies,Healthcare,HOLX
2020Q3,2020,Q3,2020-07-29,2020-06-27,137900000.0,822900000.0,191000000.0,0.53,466100000.0,0.5664114716,6803100000.0,2255100000.0,1982800000.0,1345700000.0,4544500000.0,413600000.0,-2068100000.0,13908242400.0,16480542400.0,8.67780043868088,1.4734339005721928,0.48749834634210876,1.4706664892909405,0.027668961276071373,8.67780043868088,0.06115028158396523,16.901497630331754,25.214362581580858,6.167461487295464,0.0,0.8626692456479691,0.0,0.12095956255236583,1.0940031210522405,0.020270170951478,73.98001276595744,0.5664114716247418,0.4722222222222224,4.075179347915715,0.28317128732978686,0.09072399023291067,0.17761495704901464,0.43198338525441327,0.22122762148337596,1.5045250226923417,0.10315418222695272,-0.14959009268840062,Medical Instruments & Supplies,Healthcare,HOLX
2020Q2,2020,Q2,2020-04-29,2020-03-28,96300000.0,756100000.0,156400000.0,0.36,395800000.0,0.5234757307,6821800000.0,2086100000.0,1936600000.0,1480900000.0,4730600000.0,401300000.0,-2206000000.0,8755295880.0,11531095880.0,7.924767700711904,1.3077182794246742,0.5241431880148935,1.7140117923397729,0.021946721141311444,7.924767700711904,0.046162695939791956,11.57954752016929,22.729220872274144,4.196968448300656,0.0,0.8978320458509843,0.0,0.11083584977571902,0.9433452630157336,0.014116508839309273,101.68752473867596,0.5234757307234493,-0.7482517482517482,1.1455161040611037,0.22840034623895264,0.02444596868125684,-0.0875979714153988,-0.7505827505827506,0.2532051282051282,-0.8054087455368563,0.12505330355354283,-0.2060924595992328,Medical Instruments & Supplies,Healthcare,HOLX
2020Q1,2020,Q1,2020-01-29,2019-12-28,386100000.0,850500000.0,124800000.0,1.43,433800000.0,0.5100529101,6311900000.0,2250800000.0,1637600000.0,1043300000.0,4054200000.0,380800000.0,-2302300000.0,14026877480.0,16748277480.0,8.401861937415312,1.5696348126138215,0.48990003010187105,1.3738226408388128,0.09216403276906635,8.401861937415312,0.17153900835258576,16.49250732510288,9.08241225071225,6.231951963746223,0.0,1.0942752100840336,0.0,0.13474548075856715,0.9130643151538388,0.06117017063007969,170.22909563106796,0.5100529100529101,8.533333333333333,12.754580851616849,0.35526612283580733,0.11365832760724047,0.12179984484096198,8.676691729323307,0.6421052631578947,3.6430315709906527,0.20464641447057114,0.050564503753909695,Medical Instruments & Supplies,Healthcare,HOLX
2019Q4,2019,Q4,2019-11-27,2019-09-28,39900000.0,865800000.0,76000000.0,0.15,386700000.0,0.4466389466,6611100000.0,2279100000.0,1792600000.0,1070100000.0,4332000000.0,444900000.0,-2688700000.0,13339831340.0,15793031340.0,8.475830624707134,1.6751705448088963,0.4621016169775075,1.3404414023079285,0.014174374913992711,8.475830624707134,0.01750691062261419,15.407520605220606,83.58290313283207,5.853113658900443,0.0,1.076871207012812,0.0,0.1309615646412851,1.1685823754789273,0.006035304261015565,61.672821729079985,0.44663894663894665,-0.5714285714285714,0.4620455121997771,0.35430386160088323,0.1415666108715467,-0.1306205035971223,-0.5750798722044729,-0.4769442532690984,-0.5533158628240914,0.22959253576112568,0.09789439214861635,Medical Instruments & Supplies,Healthcare,HOLX
2019Q3,2019,Q3,2019-07-31,2019-06-29,93900000.0,852400000.0,145300000.0,0.35,444800000.0,0.5218207414,6522400000.0,2216500000.0,1591800000.0,1015200000.0,4305900000.0,467900000.0,-2565200000.0,12914114640.0,15561214640.0,8.24186039593652,1.5679669030732861,0.47145222617441435,1.3873223550642906,0.02246742675394791,8.24186039593652,0.04236408752537785,15.150298732989206,34.382626837060705,5.826354450710579,0.0,0.8711263090403932,0.0,0.13068809027351894,0.9995074862096138,0.01439654115049675,96.80745607196401,0.5218207414359456,1.3465346534653464,7.5541766389213905,0.38709216502052796,0.12327148013206028,9.49056603773585,1.3444607483492297,1.5756735340729002,0.14404300122581318,0.22759377446550852,0.12107780711418704,Medical Instruments & Supplies,Healthcare,HOLX
2019Q2,2019,Q2,2019-05-01,2019-03-30,-272600000.0,818400000.0,-252400000.0,-1.01,42400000.0,0.0518084066,6525300000.0,2159800000.0,1511000000.0,1045200000.0,4365500000.0,443400000.0,-2659100000.0,13030974000.0,15762174000.0,8.021988225899307,1.4456563337160353,0.48000858198090507,1.450226872858598,-0.03660791022863392,8.021988225899307,-0.12621539031391796,15.9225,-11.95063646368305,6.0334169830539865,0.0,1.7501127649977446,0.0,0.12541952094156592,0.9170493685419059,-0.041775857048718064,125.0573320537428,0.05180840664711633,-3.805555555555556,-15.583412842224082,0.3354623948550937,0.11244199163450827,-0.9023266528449666,-3.764705882352941,-2.79644128113879,-5.1510082146148495,0.2384868044921449,0.1083951781073571,Medical Instruments & Supplies,Healthcare,HOLX
2019Q1,2019,Q1,2019-01-30,2018-12-29,98600000.0,830700000.0,140500000.0,0.36,434100000.0,0.5225713254,6931500000.0,2394400000.0,1401900000.0,1077700000.0,4537100000.0,418600000.0,-2386500000.0,10945365500.0,13783765500.0,8.848811855574855,1.3008258327920572,0.45437495491596336,1.3153608419645841,0.023862609055644215,8.848811855574855,0.041179418643501504,13.17607499699049,27.751940922920895,4.571235173738724,0.0,0.9474438604873388,0.0,0.11984418956935729,0.8255544214530945,0.014224915242011109,133.48006707317074,0.5225713253882268,1.0,19.570692533972824,0.36697674178224954,0.23717171555340955,0.03087152695321776,0.9524752475247524,0.4163306451612903,0.2145267521902037,0.24960371512261648,0.1558885582066889,Medical Instruments & Supplies,Healthcare,HOLX
2018Q4,2018,Q4,2018-11-20,2018-09-29,50500000.0,813500000.0,99200000.0,0.18,421100000.0,0.5176398279,7230900000.0,2428800000.0,1723200000.0,1402600000.0,4802100000.0,384100000.0,-2494000000.0,11176065600.0,13813665600.0,8.905837488999707,1.2285755026379581,0.4569693952343415,1.3604660737812913,0.01213235073304624,8.905837488999707,0.020792160737812912,13.738249047326368,55.327057425742574,4.60147628458498,0.0,1.0216089560010413,0.0,0.11250328451506728,0.8882789105946101,0.006983916248323169,55.79663305042436,0.517639827904118,-0.5609756097560975,1.045033573581582,0.2989032604146292,0.24263467500347444,-0.034174311926605506,-0.5527015057573074,-0.25469571750563486,1.0726874938887259,0.19720575018786687,0.20819901510057967,Medical Instruments & Supplies,Healthcare,HOLX
2018Q3,2018,Q3,2018-07-31,2018-06-30,112900000.0,824000000.0,133100000.0,0.41,436000000.0,0.5291262136,7091400000.0,2449500000.0,1595400000.0,1235200000.0,4641900000.0,370500000.0,-2544500000.0,10880727750.0,13575527750.0,8.948631675854585,1.2916126943005182,0.46115012550413176,1.33504796897326,0.0248496304485253,8.948631675854585,0.04609103898754848,13.204766686893205,24.09372841009743,4.442019902020821,0.0,1.0472334682860998,0.0,0.11619708379163494,0.9124838082901554,0.01592069266999464,51.986276875298614,0.529126213592233,1.1666666666666667,11.148572603330251,0.2953397040749107,-0.1954206511621035,0.05034931341845338,1.1656882888171411,0.053840063341250986,2.9447220291840854,0.21983226972081527,0.1247651196385927,Medical Instruments & Supplies,Healthcare,HOLX
2018Q2,2018,Q2,2018-05-02,2018-03-31,-681400000.0,789300000.0,126300000.0,-2.46,415100000.0,0.5259090333,7234400000.0,2445600000.0,1635200000.0,1299600000.0,4788800000.0,361900000.0,-2657400000.0,10352979040.0,13112979040.0,8.82524881456729,1.2582333025546322,0.46641048324671014,1.3797023225384364,0.02131421039738686,8.82524881456729,-0.2786228328426562,13.116659115672114,-3.7984220135016145,4.233308406934904,0.0,1.0339872893064384,0.0,0.10910372663938958,0.8913511849799939,-0.09418887537321685,147.05936136363636,0.5259090333206639,-2.6965517241379313,-11.903486056630328,0.24675256883217977,-0.2086071052662364,-0.022143698468786808,-2.6754364396360955,-0.058165548098434,-15.421078339343628,0.21812795563372042,0.1408524403662109,Medical Instruments & Supplies,Healthcare,HOLX
2018Q1,2018,Q1,2018-02-08,2017-12-30,406700000.0,791100000.0,134100000.0,1.45,424500000.0,0.5365946151,8048300000.0,3194000000.0,1638400000.0,1309900000.0,4854300000.0,358200000.0,-1976000000.0,11835594000.0,14524894000.0,11.536683329962147,1.2507825024811055,0.4166966937117155,1.05,0.08662960221950823,11.536683329962147,0.12733249843456482,14.960932878270762,7.275383575116794,3.705571070757671,0.0,1.0234505862646566,0.0,0.09829404967508666,0.9255668371631423,0.05053241057117652,80.35026476578412,0.5365946150929086,4.0,124.48362013691609,0.20542979822437168,0.0296043075120018,0.015793251974156496,3.917775090689238,0.22577696526508226,13.019391280903262,0.21980125226227182,0.5291757421251339,Medical Instruments & Supplies,Healthcare,HOLX
2017Q4,2017,Q4,2017-11-21,2017-09-30,82700000.0,802900000.0,109400000.0,0.29,417900000.0,0.5204882302,7979600000.0,2784700000.0,1478600000.0,1865500000.0,5194900000.0,331600000.0,-2382700000.0,10256432670.0,13038732670.0,9.961615923131683,0.7926025194317877,0.4164243821745451,1.1932703702373684,0.020266592954053867,9.961615923131683,0.029697992602434733,12.774234238385851,31.004935519951626,3.6831373828419576,0.0,1.161037394451146,0.0,0.10061907865055893,0.5757705708925221,0.010363928016441927,77.11603511278196,0.5204882301656495,0.38095238095238093,2.0078729648631874,0.29293056280318347,-0.10868525204813398,0.020263671875,0.3899159663865546,-0.04869565217391304,1.914915676835569,0.20807106714869603,0.34167949215790305,Medical Instruments & Supplies,Healthcare,HOLX
2017Q3,2017,Q3,2017-08-02,2017-07-01,59500000.0,806100000.0,115000000.0,0.21,409600000.0,0.5081255427,8118000000.0,2865600000.0,1536000000.0,1812800000.0,5252400000.0,357000000.0,-2465400000.0,12743793120.0,15401093120.0,10.204256046491754,0.8473080317740512,0.39981522542498155,1.132642378559464,0.014968080308973555,10.204256046491754,0.02076353992183138,15.809196278377373,53.54534924369748,4.447163986599665,0.0,1.1106442577030813,0.0,0.09929785661492979,0.6115953221535746,0.007329391475732939,-29.23558871300757,0.5081255427366331,-0.8858695652173914,1.3762152628876654,0.6152911950463773,-0.10122756447243036,0.05376897350141497,-0.8870539104024298,0.07476635514018691,4.190842455035611,0.2562007817264091,0.39072360393783123,Medical Instruments & Supplies,Healthcare,HOLX
2017Q2,2017,Q2,2017-05-10,2017-04-01,526800000.0,715400000.0,107000000.0,1.84,388700000.0,0.5433324015,8706600000.0,2797100000.0,2051800000.0,2375400000.0,5909500000.0,384000000.0,-2524900000.0,11923148250.0,14096948250.0,9.981978123940547,0.8637703123684433,0.37998759561711803,1.1827964677701905,0.009502188017039568,9.981978123940547,0.18833792141861214,16.666407953592397,5.65828979214123,4.26268215294412,0.0,0.85078125,0.0,0.08216755105322399,0.6720973309758357,0.06050582316863069,203.1200724020443,0.5433324014537322,5.133333333333334,13.319123098284964,0.4299601167996739,-0.11587210703739201,-0.03977272727272727,5.090173410404624,-0.2671232876712329,31.79172110499554,0.12164420141825845,0.3842418253367177,Medical Instruments & Supplies,Healthcare,HOLX
2017Q1,2017,Q1,2017-02-03,2016-12-31,86500000.0,734400000.0,146000000.0,0.3,404800000.0,0.5511982571,7337800000.0,2228600000.0,2338100000.0,1290700000.0,5109200000.0,258300000.0,-3051700000.0,11179959560.0,13856859560.0,7.997473650969091,1.8114976369411948,0.4528469023413012,1.4910257560800502,0.01959414868978385,7.997473650969091,0.038813604953782645,15.223256481481481,32.31202184971098,5.016584205330701,0.0,1.2760356174990322,0.0,0.10008449399002425,0.8258309444487487,0.011788274414674699,77.1563806763285,0.55119825708061,-0.09090909090909098,2.9184215671538305,0.464690374938337,-0.2910855010001907,-0.0032011819748830337,-0.06182212581344902,-0.007477906186267845,16.81975402499145,0.1734970913601569,0.11814426143879737,Medical Instruments & Supplies,Healthcare,HOLX
2016Q4,2016,Q4,2016-11-17,2016-09-24,92200000.0,726800000.0,147100000.0,0.33,406100000.0,0.5587506879,7317000000.0,2142700000.0,1326600000.0,901900000.0,5174300000.0,274700000.0,-3138200000.0,10671759050.0,13468759050.0,7.720078256452014,1.47089477769154,0.4572092387590543,1.5613011620852195,0.022822548710839042,7.720078256452014,0.04302982218696038,14.683212782058337,28.936439940347075,4.980519461427171,0.0,1.1674554058973425,0.0,0.0993303266365997,1.1036700299368,0.012600792674593412,54.72696948717949,0.5587506879471656,0.10000000000000009,2.1919214777953893,0.48524631302210486,-0.30366978385875604,0.03307046553039939,0.08726415094339622,0.055236728837876614,1.0807891940127663,0.1402799541575248,0.07718526719772198,Medical Instruments & Supplies,Healthcare,HOLX
2016Q3,2016,Q3,2016-07-27,2016-06-25,84800000.0,717400000.0,139400000.0,0.3,393100000.0,0.5479509339,7306700000.0,2042700000.0,1220000000.0,910800000.0,5264000000.0,280500000.0,-3230300000.0,9477565830.0,12458265830.0,7.351729151745707,1.339481774264383,0.46836465162111485,1.6753316688696334,0.021395638479751154,7.351729151745707,0.04151368287071033,13.210992235851686,27.940936998820753,4.639724790718167,0.0,1.156149732620321,0.0,0.09818385865027988,0.9526789635485288,0.011605786469952235,42.1225148,0.5479509339280736,0.25,1.2073097508498931,0.49842111438103004,-0.3387040190590438,0.021038961038961038,0.23076923076923078,0.024246877296105803,8.509527187161005,0.11102430231413044,-0.3389995623907204,Medical Instruments & Supplies,Healthcare,HOLX
2016Q2,2016,Q2,2016-04-27,2016-03-26,68900000.0,693300000.0,136100000.0,0.24,385000000.0,0.5553151594,7286300000.0,2044400000.0,1092600000.0,841000000.0,5241900000.0,285100000.0,-3315200000.0,9702981900.0,12792381900.0,7.237480263670284,1.299167657550535,0.4674114433937664,1.665867736255136,0.018722220887861837,7.237480263670284,0.033701819604774017,13.99535828645608,35.20675580551524,4.74612693210722,0.0,1.0813749561557349,0.0,0.09515117412129613,0.8785969084423305,0.009456102548618641,78.18680016116035,0.5553151593826626,-0.17241379310344826,-0.22834062693950172,0.4593948610335745,-0.3389045351491674,0.01556317594302295,-0.18845700824499412,0.07930214115781126,2.2799828091858143,0.07433408950358279,-0.3509882183729295,Medical Instruments & Supplies,Healthcare,HOLX
2016Q1,2016,Q1,2016-01-27,2015-12-26,84900000.0,695200000.0,126100000.0,0.29,379100000.0,0.545310702,7679500000.0,2166300000.0,1387700000.0,915400000.0,5513200000.0,286400000.0,-3384100000.0,11058702080.0,14040802080.0,7.655419540879792,1.5159493117762726,0.47299954424116153,1.6767760697964271,0.016096398602043635,7.655419540879792,0.039191247749619164,15.907223935558113,32.563904829210834,5.104880247426488,0.0,1.1037011173184357,0.0,0.09052672700045576,1.1588376665938387,0.011055407253076372,76.47788437067773,0.5453107019562716,2.2222222222222223,6.120091941053366,0.4745095725083154,-0.27831550619844797,-0.0007907221929362151,2.369047619047619,0.0031821797931583136,24.628600647152663,0.03639339982860808,-0.3167834541639233,Medical Instruments & Supplies,Healthcare,HOLX
2015Q4,2015,Q4,2015-11-19,2015-09-26,25200000.0,702800000.0,125700000.0,0.09,379400000.0,0.5398406375,7670100000.0,2079200000.0,1266400000.0,944000000.0,5590900000.0,283100000.0,-3469000000.0,11282880000.0,14429980000.0,7.371167645140248,1.3415254237288134,0.47454400855269163,1.7505771450557908,0.021592417255447287,7.371167645140248,0.012120046171604464,16.05418326693227,111.93333333333334,5.426548672566372,0.0,1.1423525256093254,0.0,0.09162853157064445,0.9627118644067797,0.0032854851957601597,56.0779324055666,0.5398406374501992,-0.10000000000000009,1.169058659728513,0.5078554559291512,-0.2919874148587437,0.0018484288354898336,-0.14285714285714285,0.08362068965517241,1.3043613283408642,0.12159003035947583,-0.3404653941251656,Medical Instruments & Supplies,Healthcare,HOLX
2015Q3,2015,Q3,2015-07-29,2015-06-27,29400000.0,693900000.0,116000000.0,0.1,378700000.0,0.5457558726,8130500000.0,2237100000.0,1628800000.0,1189200000.0,5893400000.0,295000000.0,-3494100000.0,10755288000.0,13812588000.0,7.956000341413452,1.3696602758156744,0.48487792878666747,1.7622368244602387,0.011817949519225272,7.956000341413452,0.013142014214831702,15.49976653696498,91.4565306122449,4.807692101381252,0.0,1.0684745762711865,0.0,0.08534530471680708,1.0660948536831483,0.0036160137752905726,48.03612326931666,0.5457558726041216,-0.411764705882353,-0.012981786895912865,0.5199179465499737,-0.26907946678250955,0.12708333333333333,-0.38493723849372385,0.056466302367941715,0.1726266555781335,0.38868072791580077,-0.2992498648278482,Medical Instruments & Supplies,Healthcare,HOLX
2015Q2,2015,Q2,2015-04-30,2015-03-28,47800000.0,655500000.0,109800000.0,0.17,336000000.0,0.5125858124,8031800000.0,2168600000.0,1416300000.0,1044200000.0,5863200000.0,298200000.0,-3523500000.0,9108181620.0,12377481620.0,7.735661950930663,1.3563493583604673,0.4905251624791454,1.8167481324356727,0.014131855529400411,7.735661950930663,0.022041870331089182,13.895013913043478,47.636933158995824,4.200028414645393,0.0,1.0714285714285714,0.0,0.08161308797529819,1.006990997893124,0.005951343409945467,65.43233922413793,0.5125858123569794,0.7000000000000001,1.139030172466427,0.4464905914216233,-0.2828420011820653,-0.00767867690490254,0.636986301369863,0.06086956521739131,2.117303949871862,0.3096555681386445,-0.3148337517446477,Medical Instruments & Supplies,Healthcare,HOLX
2015Q1,2015,Q1,2015-01-29,2014-12-27,29200000.0,652800000.0,103500000.0,0.1,338600000.0,0.5186887255,8078100000.0,2102400000.0,1336600000.0,607800000.0,5975700000.0,310300000.0,-3571300000.0,7504610030.0,10915410030.0,7.544380290737106,2.199078644290885,0.4895705673363786,1.8810882800608828,0.011313909437512046,7.544380290737106,0.013888888888888888,11.496032521446079,64.2517982020548,3.5695443445585995,0.0,1.0125684821140832,0.0,0.08081108181379285,1.5539651201052977,0.0036147113801512734,56.68134463746224,0.5186887254901961,0.0,0.036081401363155435,0.46547789247616767,-0.2940765609186826,-0.01855072463768116,0.03546099290780142,0.12622415669205658,0.32271242875476513,0.30190962405749455,-0.33124874085407585,Medical Instruments & Supplies,Healthcare,HOLX
2014Q4,2014,Q4,2014-11-20,2014-09-27,28200000.0,660600000.0,91900000.0,0.1,345000000.0,0.5222524977,8414700000.0,2063000000.0,1565800000.0,619600000.0,6351700000.0,330600000.0,-3600600000.0,6768547800.0,10294647800.0,7.424735923413291,2.527114267269206,0.507171972857024,2.068686379059622,0.010521287624570797,7.424735923413291,0.013669413475521086,10.2460608537693,60.00485638297872,3.2809247697527875,0.0,0.9546279491833031,0.0,0.07850547256586687,1.8360232408005164,0.003351278120432101,61.92632936870997,0.522252497729337,1.5,-0.24505681181364267,0.5341674081112885,-0.23203034705682332,0.10294117647058823,1.4955752212389382,0.20603674540682415,-0.02480416693932393,0.34847712691297955,-0.33030886493654665,Medical Instruments & Supplies,Healthcare,HOLX
2014Q3,2014,Q3,2014-07-31,2014-06-28,11300000.0,632600000.0,76200000.0,0.04,312800000.0,0.4944672779,8412000000.0,2031300000.0,1432400000.0,597900000.0,6380700000.0,329800000.0,-3628700000.0,7081643940.0,10713743940.0,7.3373717233233275,2.3957183475497574,0.5076676176890157,2.1023482498892334,0.00604589165000476,7.3373717233233275,0.005562939989169497,11.194505121719887,156.67353849557523,3.486261970166888,0.0,0.9696785930867192,0.0,0.07520209224916785,1.7061381501923398,0.001343319067998098,51.19532076399231,0.49446727790072714,1.6546644844517184,-0.7445868720344533,0.45426472953247854,-0.23327328060021038,0.10877949183303086,1.6740232627497764,0.5164179104477612,-0.7047924799088873,0.3261212758090949,-0.33999548525922507,Medical Instruments & Supplies,Healthcare,HOLX
2014Q2,2014,Q2,2014-05-02,2014-03-29,-16765000.0,625008000.0,50250000.0,-0.0611,282112000.0,0.4513734224,8362395000.0,1980103000.0,1264560000.0,550683000.0,6382292000.0,310980000.0,-3640024000.0,5769114890.0,9552190890.0,7.2111519398082224,2.296348352863626,0.5110324255192442,2.15819833614716,0.011465013622576856,7.2111519398082224,-0.008466731276100283,9.230465674039372,-86.02915135699374,2.9135428258024962,0.0,1.1026303942375715,0.0,0.07474031064067173,1.5944054928152858,-0.0020048084310774605,120.96355628708615,0.451373422420193,-2.11734693877551,0.993194900699686,0.4515608378091361,-0.23022171781595407,-0.07684655558318826,-2.1330592412633154,-0.18006037366402872,-1.1931547159160683,0.35341982289950485,-0.3413094516212306,Medical Instruments & Supplies,Healthcare,HOLX
2014Q1,2014,Q1,2014-02-06,2013-12-28,-5351000.0,612448000.0,61285000.0,-0.0196,305596000.0,0.4989746068,8484308000.0,1950531000.0,1226939000.0,628257000.0,6533777000.0,301709000.0,-3623259000.0,6097750880.0,9950878880.0,7.152452439972425,1.9529253155953694,0.5070260297009491,2.205432777023282,0.036963000271515535,7.152452439972425,-0.002743355527289748,9.956356915199331,-284.88837974210423,3.12620044490449,0.0,1.0170462266621147,0.0,0.07218596967483971,1.3419794765517934,-0.0006306937466202311,45.88880938584147,0.498974606823763,0.9952311435523116,-1.1047511117861835,0.34053360436192576,-0.6098144796008227,0.051491410069813615,0.9951961662695641,-0.34406841339155747,-1.465655339704944,0.34790343059381656,-0.32573074656232903,Medical Instruments & Supplies,Healthcare,HOLX
2013Q4,2013,Q4,2013-11-26,2013-09-28,-1113902000.0,622118000.0,93432000.0,-4.11,290631000.0,0.4671637856,9000823000.0,1941513000.0,1624143000.0,1088406000.0,7059310000.0,289363000.0,-3616392000.0,5664519000.0,9681433000.0,7.166899224806201,1.492221652581849,0.5376623893170658,2.492594177839654,0.013822187779833276,7.166899224806201,-0.5737288393124331,9.105216373742602,-1.271323464721313,2.91757974322088,0.0,1.145574935288893,0.0,0.06911790177409333,1.1317127983491455,-0.12375557212934861,93.02108547499795,0.4671637856483818,-100.23152709359606,-6.2939297496691555,0.3290683219157795,-0.6046237537133526,-0.061748203436230865,-100.7262100456621,0.04978595746115212,-6.780989645827007,0.3897980529468195,-0.3116077273120602,Medical Instruments & Supplies,Healthcare,HOLX
2013Q3,2013,Q3,2013-08-07,2013-06-29,-10950000.0,626136000.0,89001000.0,-0.0406,309758000.0,0.4947136085,10333203000.0,2996634000.0,1751345000.0,1258923000.0,7336569000.0,306019000.0,-2502490000.0,5199999000.0,9240284000.0,11.122124485023939,1.3911454473387173,0.4843290120207645,1.6700971823719546,0.017593567139499496,11.122124485023939,-0.003654099900087899,8.304903407566407,-118.7214383561644,1.7352799841422077,0.0,1.0338508393269699,0.0,0.06059457072506947,1.0841115779122312,-0.001059690785132161,23.62433215817402,0.49471360854510843,0.7863157894736842,-1.1692927355855198,0.3834313334292832,-0.40451094963098294,0.10894796760774149,0.7857310582341891,0.8466087100856899,-1.3836512424574812,0.4313194853033193,0.021793465340745326,Medical Instruments & Supplies,Healthcare,HOLX
2013Q2,2013,Q2,2013-05-09,2013-03-30,-51104000.0,612663000.0,48197000.0,-0.19,279326000.0,0.4559211181,10309206000.0,2990564000.0,1607248000.0,1010306000.0,7318642000.0,319998000.0,-2491540000.0,6060755000.0,10313276000.0,11.151539106926448,1.5908526723586716,0.4854589189506932,1.673495701814106,0.004177265342673174,11.151539106926448,-0.017088415429330386,9.892477593717917,-29.649122377896056,2.026626081234175,0.0,1.041684635528972,0.0,0.0594287280708136,1.141709541465655,-0.004957122789087734,-612.6306479328819,0.45592111813509223,-20.0,-1.8688164205016682,0.352846693677924,-0.39271383632436757,-0.008332357023924906,-17.389993585631814,-0.2377390121621408,-3.3906037137543588,0.4132801255202468,0.03383724888613525,Medical Instruments & Supplies,Healthcare,HOLX
2013Q1,2013,Q1,2013-02-07,2012-12-29,3118000.0,631362000.0,63229000.0,0.01,281673000.0,0.4461354975,10468555000.0,2984376000.0,1660236000.0,1551753000.0,7484179000.0,345309000.0,-2440436000.0,5302909040.0,9618366040.0,11.204968011293666,1.0699099663412928,0.4810618084348795,1.6874623036775527,-0.0033429658349458497,11.204968011293666,0.0010447745190284333,8.399157757356319,425.185137908916,1.7768903918273031,0.0,1.0126842914606917,0.0,0.0603103293625529,0.7257714339846613,0.00029784435387691997,39.998408785771396,0.44613549754340615,1.0344827586206897,1.007080076330268,0.3840905845626978,-0.47282171708841997,0.026815691335207077,1.0400941273290727,1.4206194249837296,-0.8842460031936593,0.4829497089239637,0.04844258222775255,Medical Instruments & Supplies,Healthcare,HOLX
2012Q4,2012,Q4,2012-11-28,2012-09-29,-77767000.0,588548000.0,26121000.0,-0.29,274317000.0,0.466091126,10477108000.0,2961031000.0,1563014000.0,661349000.0,7516077000.0,367191000.0,-2443554000.0,5357046360.0,9826534360.0,11.176316723157871,2.363372440269812,0.4806301509920486,1.7006285986198726,0.0025823103993473247,11.176316723157871,-0.026263487278586413,9.10214011431523,-17.221463988581274,1.809182801530953,0.0,0.8557698854274751,0.0,0.056174661939153436,1.4749534663241344,-0.0074225635547519415,96.07328479196556,0.466091125957441,-4.222222222222222,-2.0082919478180026,0.20962535849222944,0.5299895057784291,0.12130886200130804,-4.2960498431804695,-0.6756243247606393,-3.183405856772193,0.4334747056202777,0.15601041755580342,Medical Instruments & Supplies,Healthcare,HOLX
2012Q3,2012,Q3,2012-08-02,2012-06-23,23594000.0,470228000.0,80527000.0,0.09,244640000.0,0.5202582577,6026794000.0,3004251000.0,1534984000.0,557107000.0,3022543000.0,228496000.0,-2365787000.0,4686225390.0,5322765390.0,11.35354806525855,2.755276813969309,0.2558816511730781,0.5133212903981724,0.007597273807009212,11.35354806525855,0.007853538203032969,9.96585781790961,49.65484222683733,1.5598648015761667,0.0,0.9872733001890623,0.0,0.07802290902924507,2.2294514339256195,0.003914850914101262,90.27422684980063,0.5202582576962665,1.6,-0.6122373404724891,-0.0013049757816134024,0.7454421863488647,0.08195126265976738,1.5858515630819656,0.3644250156729189,-0.44204999903677483,0.13097161408311458,0.18640147860475526,Medical Instruments & Supplies,Healthcare,HOLX
2012Q2,2012,Q2,2012-05-03,2012-03-24,-40273000.0,471165000.0,59019000.0,-0.15,226110000.0,0.479895578,6048256000.0,2979483000.0,1491031000.0,593822000.0,3068773000.0,234372000.0,-2389381000.0,5565651000.0,6237581000.0,11.290197044334976,2.5109056249179047,0.2524739362884111,0.5125140838192398,0.008999297071594149,11.290197044334976,-0.013516774554511638,11.812530642131737,-34.549518287686546,1.8679921986465435,0.0,1.045581383441708,0.0,0.07790096847752476,1.9894631724658232,-0.0066586136565648015,67.68970969193535,0.47989557798223553,-2.8749999999999996,-1.752101482435599,0.05120503918388864,0.8287094688958798,-0.09327505313389742,-2.935085527580242,-0.3802543289475066,0.9829906140173045,0.13858755751754678,0.2052094531985,Medical Instruments & Supplies,Healthcare,HOLX
2012Q1,2012,Q1,2012-02-02,2011-12-24,20812000.0,472711000.0,95231000.0,0.08,249370000.0,0.5275316208,6046084000.0,2963788000.0,1437297000.0,511745000.0,3082296000.0,241333000.0,-2349108000.0,4545004100.0,5258927100.0,11.281295081780014,2.8086195273036374,0.2493403995048696,0.5086507536976329,0.01110810255881412,11.281295081780014,0.0070220946977314165,9.614762719716698,54.5959554583894,1.533511877367747,0.0,0.9254474108389652,0.0,0.07818465638254447,2.184353535452227,0.003442228060344514,46.82915975477822,0.5275316208000237,-0.20000000000000004,-0.48175674890874426,0.1601430003329969,0.8929242011847568,0.023027031018596388,-0.24509412746200443,0.29705397638277875,-0.577090725461305,0.0740237749261476,-0.384575007075757,Medical Instruments & Supplies,Healthcare,HOLX
2011Q4,2011,Q4,2011-11-23,2011-09-24,27569000.0,467045000.0,73421000.0,0.1,243757000.0,0.521913306,6008780000.0,2936895000.0,1342900000.0,509450000.0,3071885000.0,230544000.0,-2369920000.0,4132440000.0,4908688000.0,11.086806342015855,2.6359799784080873,0.24773414902858817,0.5068550288655196,0.010993233491016491,11.086806342015855,0.009387124837626132,8.848055326574528,37.473611665276216,1.4070778832746829,0.0,0.9685266153098758,0.0,0.07772709268770034,2.023837471783296,0.004588119385299512,41.135587652674225,0.5219133059983513,-0.28571428571428575,8.681932149199437,0.2451734897472,0.991324028083079,0.04044271433571508,-0.23834125317714663,-0.006696790951891336,1.1846131584880055,0.02037618400321742,-0.3883742833105405,Medical Instruments & Supplies,Healthcare,HOLX
2011Q3,2011,Q3,2011-08-04,2011-06-25,36196000.0,451082000.0,73916000.0,0.14,234282000.0,0.5193778515,5937223000.0,2910293000.0,1207796000.0,467138000.0,3026930000.0,232835000.0,-2397489000.0,5219972960.0,6076628960.0,11.117153836750909,2.5855229075776323,0.24766747012871168,0.5052608105094573,0.013747790527042543,11.117153836750909,0.012437235701010173,11.57211540252105,36.05352083103105,1.7936245457072537,0.0,0.9311314879635794,0.0,0.07597524970849166,1.939737293904585,0.006096452836620757,49.67807072975751,0.519377851477115,-0.5483870967741935,0.04878778635196062,0.31231736616689576,2.5877810070191325,0.06294689847918405,-0.5609679180059434,-0.648544557185922,-0.42404621735629944,0.025763596942968443,-0.4047770828345639,Medical Instruments & Supplies,Healthcare,HOLX
2011Q2,2011,Q2,2011-05-05,2011-03-26,82445000.0,438651000.0,210314000.0,0.31,220408000.0,0.5024677933,5836243000.0,2855436000.0,1158921000.0,406780000.0,2980807000.0,217227000.0,-2433685000.0,5693809750.0,6573462750.0,10.947708233489887,2.849011750823541,0.24888802608116214,0.508703749620023,0.031242746998712715,10.947708233489887,0.028872998729440966,12.980273041666381,17.26547925889987,1.9940246428216215,0.0,1.0046771349786168,0.0,0.07515982456522115,2.111300948915876,0.014126382331921409,81.84406488522187,0.5024677933026483,6.75,1.5589276378665486,0.5051360727904615,2.7723400209174294,-0.0192494237632045,6.536106032906764,1.9324316787506972,0.4411411581380508,-0.004101384966458356,-0.40381397846448325,Medical Instruments & Supplies,Healthcare,HOLX
2011Q1,2011,Q1,2011-02-03,2010-12-25,10940000.0,432571000.0,71720000.0,0.04,224734000.0,0.5195308978,5665579000.0,2754016000.0,1185200000.0,436215000.0,2911563000.0,203513000.0,-2516130000.0,4895210520.0,5722333520.0,10.607709610821804,2.717008814460759,0.2533119739394685,0.5211149826290044,0.014949018885494167,10.607709610821804,0.003972380697860869,11.316548081124255,111.86495703839122,1.7774807844253628,0.0,1.021246799958725,0.0,0.07635071366933548,2.0230230505599303,0.0019309588658105376,41.87018252732778,0.5195308978179305,1.0754716981132075,-0.34609647688382283,0.6802755398934373,3.0077565760517073,1.3248745668028759,1.0798691722516682,2.683133463190256,1.0254845654132032,-0.027159692042209246,-0.5009219006585934,Medical Instruments & Supplies,Healthcare,HOLX
2010Q4,2010,Q4,2010-11-24,2010-09-25,-136974000.0,428299000.0,-42611000.0,-0.53,96665000.0,0.2256951335,5625834000.0,2698549000.0,1098881000.0,441912000.0,2927285000.0,192482000.0,-2527070000.0,4318272000.0,5251062000.0,10.411068672839507,2.486651188471913,0.2574578275860966,0.536738447217375,-0.008154859579675777,10.411068672839507,-0.05075838904537216,10.082377030999371,-7.881554163563888,1.6002199700653943,0.0,1.7229351315967207,0.0,0.07613075679090425,1.8074367747424827,-0.024347323436845095,40.56238962990795,0.22569513353988685,-6.3,-6.164033796882572,0.9562139106151245,3.4256863442113645,-0.5394470410550338,-5.9903089478286216,-1.5409272094853632,-2.8152579529856854,-0.10024284010772035,0.4252303516397045,Medical Instruments & Supplies,Healthcare,HOLX
2010Q3,2010,Q3,2010-08-05,2010-06-26,27448000.0,420693000.0,78774000.0,0.1,209889000.0,0.4989125086,5730870000.0,2820355000.0,1048571000.0,393939000.0,2910515000.0,188202000.0,-2390096000.0,3689683680.0,4628349680.0,10.884904691884048,2.6617598156059694,0.249531746488753,0.5070404257620051,0.011119936459981416,10.884904691884048,0.009732108192053838,8.770489834630004,33.60612503643253,1.3082337790810024,0.0,1.1200943666911085,0.0,0.07340822597616069,1.911174065020219,0.004789499674569481,34.9521018529044,0.49891250864644765,0.25000000000000006,0.13433308084620774,0.9152974138487744,3.791635511959277,-0.017552974878182356,0.3312639441264914,0.27258041065572447,-0.5393187029752645,-0.08753723426616684,0.6733951126465285,Medical Instruments & Supplies,Healthcare,HOLX
2010Q2,2010,Q2,2010-05-06,2010-03-27,20618000.0,418112000.0,61901000.0,0.08,213639000.0,0.5109611779,5739874000.0,2789974000.0,1000948000.0,445890000.0,2949900000.0,195676000.0,-2417544000.0,4723003780.0,5750512780.0,10.786551866786777,2.2448316849447174,0.25415610168446207,0.5228808583879276,0.009766074292794557,10.786551866786777,0.007390033025397369,11.296025419026481,57.26796706761083,1.6928486717080518,0.0,1.0449569696845806,0.0,0.07284341084839145,1.565679876202651,0.0035920649129231757,57.500837371253255,0.5109611778662176,-0.20000000000000004,0.11392555473138335,0.9732213452288534,3.8741477133870728,-0.01296403243318164,-0.20988695152328032,-0.13989356528505328,-0.6071462815969385,-0.048236787029818894,0.7471324422479461,Medical Instruments & Supplies,Healthcare,HOLX
2010Q1,2010,Q1,2010-02-04,2009-12-26,26095000.0,412448000.0,71969000.0,0.1,216445000.0,0.5247813058,5682224000.0,2757567000.0,878842000.0,338232000.0,2924657000.0,194337000.0,-2438162000.0,3839397120.0,5007952120.0,10.68725002325365,2.5983407838406776,0.26637404650010277,0.5488885673494062,0.010700120633054533,10.68725002325365,0.009463052031011394,9.3088028551478,36.78288101168806,1.392313267456421,0.0,1.0085727370495583,0.0,0.07258566364156006,1.7983750798268645,0.004592391992994292,34.88141291905151,0.5247813057646055,0.055966209081309386,0.8260723749326063,0.994920231731701,4.101750824651445,0.04659877761015048,-0.2531482541499714,-0.0494247863586533,-0.33838519981654275,0.03065446785034228,0.7932475009719525,Medical Instruments & Supplies,Healthcare,HOLX
2009Q4,2009,Q4,2009-11-24,2009-09-26,34940000.0,402767000.0,75711000.0,0.0947,206808000.0,0.5134680845,5689828000.0,2512715000.0,821516000.0,329290000.0,3177113000.0,182780000.0,-2393881000.0,4231172000.0000005,5841314000.0,9.66800692574067,2.4948100458562363,0.33451415403066664,0.7574786635173507,0.009941911988314798,9.66800692574067,0.013905277757326239,10.505259864884662,30.27455638236978,1.6839044619067423,0.0,1.0721030747346536,0.0,0.07078720130028535,1.6897476388593642,0.00614078316602892,30.236263461414783,0.5134680845252962,-0.21083333333333326,1.2216827821714982,1.0864933003105932,4.006257081980284,-0.020540386937886287,-0.14780487804878048,-0.03854164021029639,10.92311519460308,0.0944620261680801,0.7364905547182582,Medical Instruments & Supplies,Healthcare,HOLX
2009Q3,2009,Q3,2009-08-06,2009-06-27,41000000.0,403120000.0,78746000.0,0.12,211145000.0,0.5237770391,5718245000.0,2455173000.0,794098000.0,296445000.0,3263072000.0,183401000.0,-2428821000.0,3699537520.0,5462511520.0,9.569735262476808,2.6787363591897315,0.35092847543258465,0.8173334424906107,0.011926737101908105,9.569735262476808,0.016699434215022728,9.177261162929153,22.5581556097561,1.5068337424694715,0.0,1.046750017720732,0.0,0.07049715428422532,1.7660341716001282,0.007170032064033632,27.785361442616058,0.5237770390950586,1.0133779264214047,2.9140508625123043,1.1605460823395968,3.870725563184364,0.004204298467143217,1.0178247694735607,0.042744776079874994,0.21219313970648407,0.19668169388055595,2.0883906907372625,Medical Instruments & Supplies,Healthcare,HOLX
2009Q2,2009,Q2,2009-05-07,2009-03-28,-2300170000.0,402014000.0,75518000.0,-8.97,210261000.0,0.5230190988,5783360000.0,2401668000.0,795088000.0,307152000.0,3381692000.0,178947000.0,-2469821000.0,3458485260.0,5356056260.0,9.367829811135294,2.588581549200396,0.3656696107453107,0.8805542647859738,0.016851702770107634,9.367829811135294,-0.9577385383824908,8.602897560781466,-0.37589452736102114,1.4400347008828864,0.0,1.0715630885122411,0.0,0.06951218668732363,1.6826913059332187,-0.3977220854313064,34.21126557986784,0.5230190988373539,-60.80000000000001,-281.15714205766216,1.2780614307528981,3.8649264688024934,-0.08845728654108773,-48.92719771633363,-0.19422541372797986,-73.63214232878055,0.4033727998271994,2.2279485854021397,Medical Instruments & Supplies,Healthcare,HOLX
2009Q1,2009,Q1,2009-02-05,2008-12-27,47993000.0,429233000.0,93721000.0,0.15,230665000.0,0.5373887842,8139365000.0,4696597000.0,746819000.0,315452000.0,3442768000.0,181396000.0,-169651000.0,3174466680.0,5174247680.0,18.3309017532356,2.3674568555596416,0.26676036766995953,0.4623049412159485,0.009011613395067238,18.3309017532356,0.010218675351536442,7.395672466935208,16.536092138436857,0.675907828583121,0.0,1.0946658140201548,0.0,0.052735440663983,1.5533742059013733,0.005896405923557919,29.811117705613885,0.5373887841801539,1.2678571428571428,13.393911577431671,1.6840062160143052,8.680318933408067,-0.04002380536203295,1.3324236526220277,-0.6914423238372418,1.906829932387277,0.6895131589358972,5.925697887839917,Medical Instruments & Supplies,Healthcare,HOLX
2008Q4,2008,Q4,2008-11-26,2008-09-27,-144373000.0,442513000.0,303739000.0,-0.56,240282000.0,0.5429942171,8134632000.0,4642269000.0,693578000.0,340875000.0,3492363000.0,174667000.0,-217644000.0,5122000000.0,7227239000.0,18.12678250683327,2.0346989365603227,0.27055925824302807,0.4741000575365193,0.05861138467348126,18.12678250683327,-0.031099662686500933,11.574801192281356,-8.86938693523027,1.103339767686879,0.0,1.1578088591433986,0.0,0.05439865011717801,1.2927290062339567,-0.017747944836349082,52.841712145753164,0.542994217119045,-3.3333333333333335,-21.071349559187695,1.743104009610345,9.11459054649489,-0.018307505627893104,-3.3521562749474576,1.822302338762881,-6.5088676314803555,1.0456000939074863,6.705592607824126,Medical Instruments & Supplies,Healthcare,HOLX
2008Q3,2008,Q3,2008-08-07,2008-06-28,61379000.0,429492000.0,107621000.0,0.24,244763000.0,0.5698895439,7813580000.0,4775336000.0,695440000.0,303909000.0,3038244000.0,178500000.0,-73268000.0,5629985520.0,7247421520.0,18.67729470110609,2.2883165684464757,0.22234353522968986,0.3638066515110141,0.010686810768697354,18.67729470110609,0.012853336393501944,13.108475873823028,22.93123674220825,1.1789715990665368,0.0,1.0348963585434174,0.0,0.0549673773097607,1.5407441043207013,0.00785542606590065,62.169941032266614,0.569889543926313,0.09090909090909087,16.541741578022975,1.5210423520175298,9.119168534649255,0.021386424523656515,0.0963276533419069,0.014230381393069522,1.5706259298257406,0.9815963700904121,7.221917517006598,Medical Instruments & Supplies,Healthcare,HOLX
2008Q2,2008,Q2,2008-05-08,2008-03-29,55986000.0,431048000.0,106111000.0,0.22,239638000.0,0.5559427256,7790482000.0,4687187000.0,658435000.0,274735000.0,3103295000.0,158393000.0,-134649000.0,7096033400.0,8825511400.0,18.362906606386606,2.3966185597029863,0.23455300968540843,0.38984597798210313,0.01042394857489654,18.362906606386606,0.011944477572582447,16.4622812308606,31.68664219626335,1.5139215482548487,0.0,1.208449868365395,0.0,0.05533008098857041,1.6313465703314103,0.00718646163356773,77.64477246118327,0.555942725636124,1.1333333333333333,43.852069823234515,1.627536496834801,9.026232521940567,0.4278189888878958,1.1561207673023672,-0.747435342057534,2.0650371069749096,1.061367724440905,7.297695162645336,Medical Instruments & Supplies,Healthcare,HOLX
2008Q1,2008,Q1,2008-02-07,2007-12-29,-358607000.0,371445000.0,420134000.0,-1.65,167835000.0,0.4518434762,7898628000.0,4609742000.0,752879000.0,250400000.0,3288886000.0,150070000.0,-190635000.0,7552915650.000001,9434840650.0,21.254608496786272,3.006705271565495,0.25784072879492487,0.44180086434338406,0.06436249528301648,21.254608496786272,-0.07779329081757722,20.333873520978884,-5.265454696924489,1.6384681940984984,0.0,1.3567668421403345,0.0,0.04702652156804954,2.0532787539936104,-0.04540117600170561,232.88467100394675,0.4518434761539393,-6.689655172413794,-140.233549042029,1.7247808328574143,10.663630549389255,0.7205199438231042,-12.16807848022423,8.035528409824078,-30.854928957820363,1.1374080641605877,9.146269263859756,Medical Instruments & Supplies,Healthcare,HOLX
2007Q4,2007,Q4,2007-11-27,2007-09-29,32110000.0,202564000.0,46498000.0,0.29,97549000.0,0.4815712565,1066349000.0,805723000.0,399180000.0,178612000.0,260626000.0,105289000.0,168453000.0,3364150000.0,3274946000.0,7.304832275611967,2.2349002306675922,0.010502190183514028,0.013899317755605834,0.038290713022411514,7.304832275611967,0.039852405851638836,16.60783752295571,26.192385549673,4.1753183165926755,0.0,0.997397638879655,0.0,0.18996032255856196,1.4172955904418516,0.03011209275762438,77.99661504219605,0.48157125649177546,0.2608695652173912,8.763070414022364,2.1411309735044957,3.3292758467628456,0.08251861551607426,0.29747858412801037,0.1644295302013423,3.810943109265779,1.4726129858665846,2.782565382229381,Medical Instruments & Supplies,Healthcare,HOLX
2007Q3,2007,Q3,2007-08-08,2007-06-30,24748000.0,191505000.0,39932000.0,0.23,90113000.0,0.4705516827,933909000.0,700060000.0,350617000.0,165734000.0,233849000.0,92545000.0,136343000.0,2976341720.0,2892141720.0,6.504682970341188,2.1155405650017496,0.010279374114608596,0.013713110304831015,0.03435172295475668,6.504682970341188,0.03535125560666229,15.541848620140467,30.066487392920642,4.251552324086507,0.0,1.0955967367226755,0.0,0.20505745206438744,1.3598115051830042,0.026499369852951413,182.75461869090017,0.4705516827236887,0.15,24.935796295812647,1.8772341515645243,2.4493533519172295,0.07857758414324699,0.14394009429601554,0.14733938627743937,4.6319107290265356,1.4467091862773067,2.3107003229523877,Medical Instruments & Supplies,Healthcare,HOLX
2007Q2,2007,Q2,2007-05-08,2007-03-31,21634000.0,181086000.0,34804000.0,0.2,83548000.0,0.4613719448,871507000.0,658257000.0,309247000.0,135970000.0,213250000.0,92410000.0,111595000.0,3072788400.0,3027139400.0,6.173860438942037,2.274376700742811,0.010157118646207088,0.01344763519415669,0.03292135479100167,6.173860438942037,0.03286558289543446,16.968669030184554,35.50878709438847,4.66806794306783,0.0,1.0554918298885403,0.0,0.20778490591584461,1.2676987570787674,0.024823667509268427,67.12222634832565,0.4613719448217974,0.3333333333333335,2.474458942710165,1.7941343590881704,2.2822507291628487,0.12363660816353977,0.34489618301628744,0.3125164988497945,5.335981348734625,1.4674276698003332,2.206225739541022,Medical Instruments & Supplies,Healthcare,HOLX
2007Q1,2007,Q1,2007-02-08,2006-12-30,16086000.0,163212000.0,26517000.0,0.15,74355000.0,0.4555731196,867995000.0,627165000.0,300186000.0,165446000.0,240830000.0,98817000.0,89960000.0,,,,,,,,,,,,,,,,,,,,,,,,,,,,,,,Medical Instruments & Supplies,Healthcare,HOLX
