Quarters,Year,Quarter,FillingDate,Date,NetIncome,Revenue,OperatingIncome,EPSDiluted,GrossProfit,GrossProfitRatio,TotalAssets,CommonStockEquity,CurrentAssets,CurrentLiability,TotalLiability,Inventory,RetainedEarnings,MarketCap,EnterpriseValue,bookValuePerShare,currentRatio,debtToAssets,debtToEquity,roic,shareholdersEquityPerShare,roe,priceToSalesRatio,peRatio,pbRatio,payoutRatio,inventoryTurnover,dividendYield,assetTurnover,quickRatio,returnOnAssets,priceToFreeCashFlowsRatio,grossProfitMargin,epsdilutedGrowth,fiveYNetIncomeGrowthPerShare,fiveYRevenueGrowthPerShare,fiveYShareholdersEquityGrowthPerShare,grossProfitGrowth,netIncomeGrowth,operatingIncomeGrowth,threeYNetIncomeGrowthPerShare,threeYRevenueGrowthPerShare,threeYShareholdersEquityGrowthPerShare,Industry,Sector,Symbol
2023Q1,2023,Q1,2023-05-02,2023-03-31,447900000.0,14297700000.0,544300000.0,0.75,14297700000.0,1.0,80407100000.0,16868400000.0,70840900000.0,6278700000.0,63538700000.0,0.0,16080100000.0,83675794000.0,89791394000.0,28.839801675500084,11.28273368690971,0.07946188831583281,0.3787733276422186,0.018907295460329508,28.839801675500084,0.026552607241943516,5.852395420242416,46.704506586291586,4.960505679258258,0.1605269033266354,0.0,0.0008592688107626442,0.17781638686135925,11.326325513243187,0.005570403608636551,34.77363337904667,1.0,-0.4680851063829787,-0.3792767946905192,0.9163010189705562,0.6259265126260315,0.06200744321220909,-0.4580106485963214,-0.49990812201396545,-0.353620837859629,0.533876118706598,0.1749734898557572,Insurance—Property & Casualty,Financial Services,PGR
2022Q4,2022,Q4,2023-02-27,2022-12-31,826400000.0,13462900000.0,1088400000.0,1.41,13462899993.2,0.9999999995,75465000000.0,15891000000.0,65966100000.0,5532800000.0,59574000000.0,0.0,15721200000.0,75789553000.0,81974353000.0,27.196645558788294,11.922733516483516,0.08465248790830186,0.40200742558681013,0.03937552367678953,27.196645558788294,0.0520042791517211,5.629511695102838,22.92762372942885,4.769338178843371,0.0707889641819942,0.0,0.0007718741922122168,0.17839925793414166,11.922733516483516,0.01095077188100444,85.87078291411738,0.9999999994949083,6.05,0.4283307539830849,0.8847107599305983,0.7047699159071587,0.05389685568011028,5.65914585012087,4.293774319066148,-0.22771223685183795,0.25499463706041464,0.16299612806245176,Insurance—Property & Casualty,Financial Services,PGR
2022Q3,2022,Q3,2022-11-01,2022-09-30,124100000.0,12774400000.0,205600000.0,0.2,12774400000.0,1.0,75524200000.0,14776200000.0,65936100000.0,5931900000.0,60748000000.0,0.0,14987500000.0,67924745000.0,73961245000.0,25.280068434559453,11.115511050422294,0.08457421594667669,0.4322762279882514,0.008460391940746988,25.280068434559453,0.008398641057917463,5.317255213552104,136.83469983883964,4.596902112857162,0.5793714746172441,0.0,0.0010585244007909047,0.16914313557773536,11.115511050422294,0.0016431819204970062,35.39590672225117,1.0,1.2150537634408602,-0.4490152602957351,0.8721578492629493,0.5819432666274905,0.10953419089227241,1.2285872167986738,1.3588758945714785,-0.8526611943546163,0.3402828355665643,0.04551259072781685,Insurance—Property & Casualty,Financial Services,PGR
2022Q2,2022,Q2,2022-08-02,2022-06-30,-542900000.0,11513300000.0,-572900000.0,-0.93,11513300000.0,1.0,73057200000.0,15652700000.0,15399700000.0,5931200000.0,57404500000.0,226100000.0,14967700000.0,67936561000.0,74096961000.0,26.788807119630327,2.5963885891556515,0.0874178041315572,0.4080126751295304,-0.02219289778430851,26.788807119630327,-0.03468411200623535,5.9007027524688835,-31.284104347025234,4.340245516747909,-0.10775465094860932,0.0,0.0008610974582596255,0.15759295456163117,10.7117278122471,-0.007431163526661301,51.2380730070141,1.0,-2.7222222222222223,-2.4672721579181918,0.7333307808508824,0.7295114867314025,-0.02724784129505399,-2.7295316979929916,-2.2888638920134983,-1.5536548885127064,0.2175876856521657,0.17276891371982622,Insurance—Property & Casualty,Financial Services,PGR
2022Q1,2022,Q1,2022-05-02,2022-03-31,313900000.0,11835800000.0,444500000.0,0.54,11835800000.0,1.0,73929600000.0,17051200000.0,62663000000.0,6688700000.0,56878400000.0,0.0,15569600000.0,66604357000.0,72717257000.0,29.182269382166695,9.36848714996935,0.08637406397437562,0.3744956366707329,0.015257293545426579,29.182269382166695,0.018409261518250914,5.627364183240677,53.04584023574387,3.9061389814206624,0.2290538388021663,0.0,0.0010795089576497226,0.16009555036142492,9.36848714996935,0.004245931264337964,27.41709834108591,1.0,-0.6727272727272727,-0.26525782728024855,0.8611400591207891,0.9869376529668695,-0.0520059911414406,-0.6738023485399564,-0.645957785742732,-0.7093191572913594,0.27177203080335266,0.40601733875781476,Insurance—Property & Casualty,Financial Services,PGR
2021Q4,2021,Q4,2022-02-28,2021-12-31,962300000.0,12485100000.0,1255500000.0,1.65,12485100000.0,1.0,71132300000.0,18231600000.0,59382800000.0,6010600000.0,52900700000.0,0.0,15339700000.0,60019455000.0,64731155000.0,31.18111852231914,9.879679233354407,0.06886885423359008,0.2686983040435288,0.04338640292531788,31.18111852231914,0.052781982930735646,4.807286685729389,15.59270887457134,3.2920563746462186,0.9716304686688143,0.0,0.015578282075370395,0.17551941944798635,9.879679233354407,0.013528312735564575,151.22059712773998,1.0,7.684210526315789,1.4923237850504498,1.024002677713088,1.2739946812911482,0.053363818908931375,7.120675105485232,0.0,2.6279752114895074,0.551847897338693,0.6812529022688664,Insurance—Property & Casualty,Financial Services,PGR
2021Q3,2021,Q3,2021-11-02,2021-09-30,118500000.0,11852600000.0,0.0,0.19,11852600000.0,1.0,72618100000.0,18558100000.0,0.0,0.0,54060000000.0,0.0,15390000000.0,52851033000.0,57478633000.0,31.739524542500426,0.0,0.0674515031376475,0.2639386575134308,0.0,31.739524542500426,0.006385351948744753,4.459024433457638,111.50006962025317,2.8478687473394366,0.6067510548523207,0.0,0.0013604275246616277,0.16321826101206174,0.0,0.0016318245726616367,23.16605286227755,1.0,-0.8582089552238806,-0.406887457028923,0.9877461130005546,1.2800762871340503,-0.0039162296624983195,-0.8500189849386154,0.0,-0.8727976476408653,0.3912906359920412,0.5595693452048268,Insurance—Property & Casualty,Financial Services,PGR
2021Q2,2021,Q2,2021-08-03,2021-06-30,790100000.0,11899200000.0,0.0,1.34,11899200000.0,1.0,69824300000.0,18675600000.0,17195900000.0,6521700000.0,51148700000.0,0.0,15401000000.0,57413566000.0,62711566000.0,31.945945945945947,2.6367204869895886,0.07730116879080778,0.2890134721240549,0.0,31.945945945945947,0.04230653901347212,4.824993781094527,18.166550436653587,3.074255499153976,0.07404126059992407,0.0,0.0010189229493252519,0.17041631638269197,9.04463560114694,0.011315544874778552,25.226752493519047,1.0,-0.4661354581673306,3.123240705612018,1.0395052393442563,1.37449032211332,0.04017622993810972,-0.46614864864864863,0.0,0.11699239099395126,0.47860386941918875,0.6901080412825014,Insurance—Property & Casualty,Financial Services,PGR
2021Q1,2021,Q1,2021-05-04,2021-03-31,1480000000.0,11439600000.0,0.0,2.51,11439600000.0,1.0,65413300000.0,17836500000.0,16325400000.0,6270300000.0,47576800000.0,0.0,14679600000.0,55922289000.0,61196189000.0,30.494956402803897,2.6036074828955553,0.08250309952257416,0.30257057158074735,0.0,30.494956402803897,0.08297592016370925,4.888482901500052,9.446332601351351,3.1352725590782944,1.8296621621621623,0.0,0.048422552946643514,0.1748818665317298,8.74277147823868,0.02262536823551174,21.810565132605305,1.0,-0.12791545449148017,4.715330790025612,1.054199044494543,1.3524991830732194,0.0025678553587548092,-0.12129668111381584,0.0,1.0510612722885277,0.533233816391138,0.7192406062492122,Insurance—Property & Casualty,Financial Services,PGR
2020Q4,2020,Q4,2021-03-01,2020-12-31,1684300000.0,11410300000.0,0.0,2.8781613123718386,11410300000.0,1.0,64098300000.0,17038600000.0,14837900000.0,0.0,47059700000.0,0.0,13354900000.0,57864576000.0,63184176000.0,29.115857826384143,0.0,0.08418475997023322,0.31669855504560235,0.0,29.115857826384143,0.09885201835831582,5.07125807384556,8.588816719111797,3.3960874719753966,0.03479190168022324,0.0,0.001012709399270462,0.17801252139292306,0.0,0.02627682793459421,38.571241167844285,1.0,6.379900800953432,4.080338006583705,1.107943972453146,1.329460351242521,0.04275074251770619,0.10027436634439509,0.0,1.906628290474423,0.5949046415422964,0.8250720807077774,Insurance—Property & Casualty,Financial Services,PGR
2020Q3,2020,Q3,2020-11-03,2020-09-30,1530800000.0,10942500000.0,0.0,0.39,10942500000.0,1.0,62890800000.0,18087200000.0,15306700000.0,5905500000.0,44803600000.0,0.0,14427700000.0,55400884000.0,60706184000.0,30.907723855092275,2.591939717212768,0.08578997246020086,0.2982993498164448,0.0,30.907723855092275,0.08463443761333982,5.0629092072195565,9.04770120198589,3.062988411694458,0.04696890514763522,0.0,0.0012978132262293864,0.17399206243202503,9.081872830412328,0.024340603077079637,39.180257425742575,1.0,-0.5125,4.500538986704995,1.0764545144028235,1.4239077995175555,-0.0022521701072288278,-0.14499553172475424,0.0,5.788384618201348,0.6017646524679192,0.9341033734111072,Insurance—Property & Casualty,Financial Services,PGR
2020Q2,2020,Q2,2020-08-04,2020-06-30,1790400000.0,10967200000.0,0.0,0.8,10967200000.0,1.0,59406100000.0,16670600000.0,13786000000.0,6075700000.0,42735500000.0,0.0,13001800000.0,46856339000.0,52143039000.0,28.50162420926654,2.269038958473921,0.09081053965838524,0.3236056290715391,0.0,28.50162420926654,0.10739865391767543,4.272406721861551,6.542719364387846,2.8107170107854547,0.03267426273458445,0.0,0.0012484970283316416,0.1846140379523315,8.352387379232022,0.030138319128843672,21.254860058970287,1.0,-0.31623931623931617,3.934899060995415,1.0809080727073728,1.2681868120556827,0.1769781393202477,1.584668687743612,0.0,3.83387225590863,0.6494215203796928,0.8400926267562951,Insurance—Property & Casualty,Financial Services,PGR
2020Q1,2020,Q1,2020-05-05,2020-03-31,692700000.0,9318100000.0,0.0,1.17,9318100000.0,1.0,56265200000.0,14351500000.0,10462000000.0,36519700000.0,41913700000.0,0.0,11266200000.0,43174248000.0,48198748000.0,24.545065845732854,0.2864755186926508,0.09586742782394801,0.37584921436783614,0.0,24.545065845732854,0.04826673170051911,4.63337461499662,15.581870939800782,3.0083439361739193,2.0049083297242674,0.0,0.03216732344706965,0.16561035951174083,1.225053875031832,0.01231133986904872,27.61561212741461,1.0,-0.3611327979081061,1.3549920815712715,0.9149930452160635,1.002621626369795,-0.131972649700041,-0.3531004856182294,0.0,0.6202858249491178,0.4642377469414181,0.6712036642784468,Insurance—Property & Casualty,Financial Services,PGR
2019Q4,2019,Q4,2020-03-02,2019-12-31,1070800000.0,10734800000.0,0.0,1.8313665127415768,10734800000.0,1.0,54895300000.0,13673200000.0,9532300000.0,36815000000.0,41222100000.0,0.0,10679600000.0,42326433000.0,46507333000.0,23.384983752351634,0.2589243514871656,0.08028191848846805,0.32231664862651027,0.0,23.384983752351634,0.07831378170435596,3.942917706897194,9.881965119536796,3.095576236725858,0.05463205080313784,0.0,0.0013821150485324384,0.1955504387443005,1.1582941735705554,0.01950622366577831,40.468910029639545,1.0,0.28969472728280066,1.9068367446973271,1.0861374415980374,0.9832313097713563,0.12706045398231947,0.2721872401093026,0.0,1.7733350400415895,0.7402555001333154,0.7054336468675337,Insurance—Property & Casualty,Financial Services,PGR
2019Q3,2019,Q3,2019-11-06,2019-09-30,841700000.0,9524600000.0,0.0,1.42,9524600000.0,1.0,54008100000.0,14123300000.0,9200500000.0,35478300000.0,39884800000.0,0.0,10995200000.0,45121725000.0,49482325000.0,24.17959253552474,0.2593275326044371,0.08158961340984038,0.3120021524714479,0.0,24.17959253552474,0.0595965532134841,4.73738792180249,13.40196180349293,3.194842919147791,0.08530355233456101,0.0,0.0015912512210027431,0.17635502822724738,1.1841942821386595,0.015584699332137216,26.846983399773904,1.0,-0.14457831325301204,1.8703607434224094,1.0175260729878812,1.0563095579791058,0.008481126581608343,-0.14059628343884012,0.0,3.2171783947137302,0.5989685370859241,0.7369924838978142,Insurance—Property & Casualty,Financial Services,PGR
2019Q2,2019,Q2,2019-08-07,2019-06-30,979400000.0,9444500000.0,0.0,1.66,9444500000.0,1.0,51324200000.0,13330800000.0,39808100000.0,33587400000.0,37993400000.0,0.0,10276400000.0,47709300000.0,52023400000.0,22.84235777930089,1.1852093344528007,0.08584644280865557,0.33051279743151196,0.0,22.84235777930089,0.07346895910222942,5.0515432262163165,12.178195834184194,3.5788774867224773,0.05962834388401062,0.0,0.0012240800011737753,0.18401650683303392,1.1852093344528007,0.019082615997911317,34.602045256744994,1.0,-0.09289617486338805,2.3815758428633034,1.020376331514933,0.9891006185003661,0.016215111149368397,-0.0918026706231454,0.0,4.119885567839795,0.6215470703861173,0.6978353864673394,Insurance—Property & Casualty,Financial Services,PGR
2019Q1,2019,Q1,2019-05-01,2019-03-31,1078400000.0,9293800000.0,0.0,1.83,9293800000.0,1.0,48850300000.0,12110700000.0,37754400000.0,32334200000.0,36739600000.0,0.0,9358100000.0,42455460000.0,77109460000.0,20.755269922879176,1.1676305583561677,0.09018163655085025,0.36376097170270916,0.0,20.755269922879176,0.0890452244709224,4.568148658245282,9.842233864985165,3.505615695211673,1.373609050445104,0.0,0.03489068308292973,0.19025062282114952,1.1676305583561677,0.022075606495763588,23.682412004239417,1.0,3.0340196448809977,2.4161868651107015,1.0111508130511206,0.914477496225568,0.15755779194898367,3.074046089913109,0.0,3.174459925248756,0.6728837676550322,0.601142001749115,Insurance—Property & Casualty,Financial Services,PGR
2018Q4,2018,Q4,2019-02-27,2018-12-31,264700000.0,8028800000.0,0.0,0.45364181662382175,8028800000.0,1.0,46575000000.0,10821800000.0,8362500000.0,31348300000.0,35753200000.0,0.0,8386600000.0,35202555000.0,39537955000.0,18.546358183376178,0.2667608769853549,0.09457648953301127,0.4070394943539892,0.0,18.546358183376178,0.024459886525346985,4.384535048824233,33.24759633547412,3.252929734424957,0.0,0.0,0.0,0.17238432635534084,1.1635080690180968,0.005683306494900698,35.84416556358823,1.0,-0.7110561677555275,-0.10134131123119493,0.7709180080709415,0.7795754301812927,-0.05432273262661955,-0.7148858250753986,0.0,-0.19926178131049382,0.48756549861195864,0.48383078066027196,Insurance—Property & Casualty,Financial Services,PGR
2018Q3,2018,Q3,2018-10-31,2018-09-30,928400000.0,8490000000.0,0.0,1.57,8490000000.0,1.0,45543700000.0,11858800000.0,35350900000.0,29825000000.0,33684900000.0,0.0,9602100000.0,41196890000.0,73387290000.0,20.351467307362277,1.1852774518021794,0.0847515682739874,0.32548824501635915,0.0,20.351467307362277,0.07828785374574156,4.852401648998822,11.093518418785006,3.4739509899821233,0.014541146057733736,0.0,0.0003276946390856203,0.18641436686083915,1.1852774518021794,0.020384817219505663,24.88636583303129,1.0,0.31932773109243706,3.1058993875918004,0.9303680417437402,0.7943782602213096,0.059686961731446116,0.3183754615166146,0.0,2.350280926123518,0.6179789103405662,0.5960437775755032,Insurance—Property & Casualty,Financial Services,PGR
2018Q2,2018,Q2,2018-07-31,2018-06-30,704200000.0,8011800000.0,0.0,1.19,8011800000.0,1.0,43363500000.0,11000800000.0,33405400000.0,28503000000.0,32362700000.0,0.0,8720400000.0,34425300000.0,65150400000.0,18.90171821305842,1.171995930252956,0.08900342453907088,0.3508381208639372,0.0,18.90171821305842,0.06401352628899716,4.296824683591702,12.221421471172963,3.129345138535379,0.0,0.0,0.0,0.18475907156940746,1.171995930252956,0.016239464065400624,20.613952095808383,1.0,-0.024590163934426253,1.2346715915755686,0.7982882940763659,0.7369334399252783,0.0791611104376288,-0.019220055710306407,0.0,0.9506657661773565,0.5277273995208693,0.5042170109769718,Insurance—Property & Casualty,Financial Services,PGR
2018Q1,2018,Q1,2018-05-02,2018-03-31,718000000.0,7424100000.0,0.0,1.22,7424100000.0,1.0,41330900000.0,10323200000.0,28654000000.0,27149000000.0,31007700000.0,0.0,8017900000.0,35461260000.0,64602860000.0,17.73745704467354,1.0554348226454013,0.09337323890841961,0.3738375697458152,0.0,17.73745704467354,0.06955207687538748,4.776506243180991,12.347235376044567,3.435103456292622,0.9121169916434541,0.0,0.01846804089871595,0.17962589733105255,1.167866219750267,0.01737199044782475,20.72182551276807,1.0,0.23206663196251945,1.400992844305176,0.7285303457677484,0.6672065950469387,0.04342876417759413,0.24587888252646192,0.0,1.4523294690977404,0.5328291695654923,0.4471916798969956,Insurance—Property & Casualty,Financial Services,PGR
2017Q4,2017,Q4,2018-02-27,2017-12-31,576300000.0,7115100000.0,0.0,0.9902061855670103,7115100000.0,1.0,38701200000.0,9284800000.0,8556900000.0,26110000000.0,29416400000.0,0.0,6031700000.0,32778240000.0,58890640000.0,15.953264604810997,0.32772500957487555,0.08543145948962823,0.3560981388936757,0.0,15.953264604810997,0.062069188350853004,4.60685584180124,14.219260801665799,3.5303119076339824,0.0,0.0,0.0,0.18384701249573657,1.1014400612792035,0.014891011131437785,65.010392701309,1.0,1.6058057514921324,1.3874662185931208,0.6141952192526289,0.5950608825785725,0.04849690539345712,1.5727678571428572,0.0,0.5717049017805923,0.3891210030938001,0.3529628325761252,Insurance—Property & Casualty,Financial Services,PGR
2017Q3,2017,Q3,2017-11-02,2017-09-30,224000000.0,6786000000.0,0.0,0.38,6786000000.0,1.0,38932600000.0,9289400000.0,10056300000.0,26331000000.0,29643200000.0,0.0,6116500000.0,28146546000.0,54205346000.0,15.980388783760537,0.3819186510197106,0.08507523258143561,0.3565569358623808,0.0,15.980388783760537,0.02411350571619265,4.147737400530504,31.41355580357143,3.0299638297414258,0.0,0.0,0.0,0.17430122827656,1.0905890395351487,0.005753533028875544,24.83372683959767,1.0,-0.3968253968253968,-0.16267844821857647,0.6169184901699432,0.46745735955595574,0.02832204391507933,-0.3906420021762786,0.0,-0.23243695654030522,0.44435233759708537,0.35902315756520486,Insurance—Property & Casualty,Financial Services,PGR
2017Q2,2017,Q2,2017-08-02,2017-06-30,367600000.0,6599100000.0,0.0,0.63,6599100000.0,1.0,36689800000.0,8991500000.0,8982000000.0,24315000000.0,27698300000.0,0.0,5908800000.0,25594245000.000004,50934445000.0,15.489233419465977,0.3694016039481801,0.09221636531133993,0.37628871712172607,0.0,15.489233419465977,0.04088305621976311,3.878444787925627,17.40631460826986,2.8464933548351223,0.0,0.0,0.0,0.17986197798843276,1.125646720131606,0.010019133383120105,29.094287825395025,1.0,-0.13698630136986298,2.2292403623671517,0.671165357027986,0.4901359036829165,0.04483921531373201,-0.13363186424699505,0.0,0.27599095108170746,0.41922440241215064,0.34879437895308507,Insurance—Property & Casualty,Financial Services,PGR
2017Q1,2017,Q1,2017-05-03,2017-03-31,424300000.0,6315900000.0,0.0,0.73,6315900000.0,1.0,34810500000.0,8522900000.0,8106000000.0,23176000000.0,26287600000.0,0.0,5543400000.0,22736154000.0,46148454000.0,14.687058418059625,0.34975837072833965,0.08938969563781043,0.36509873399899095,0.0,14.687058418059625,0.049783524387239084,3.5998280530090723,13.3962726844214,2.66765467153199,0.9318878152250766,0.0,0.01739080409114048,0.18143663549791011,1.1037409389023127,0.01218885106505221,20.978182321461524,1.0,0.1054775574112735,0.7206420592047592,0.6243117253861987,0.4244360061800435,0.03165580438084971,0.10725469728601253,0.0,0.3515218176802955,0.3742788143381959,0.3547423344338227,Insurance—Property & Casualty,Financial Services,PGR
2016Q4,2016,Q4,2017-03-01,2016-12-31,383200000.0,6122100000.0,0.0,0.6603480958125107,6122100000.0,1.0,33427500000.0,7957100000.0,8293600000.0,22322000000.0,25470400000.0,0.0,5140400000.0,20600650000.0,43354050000.0,13.71204549371015,0.3715437684795269,0.09417994166479694,0.39564665518844805,0.0,13.71204549371015,0.048158248608161265,3.3649646363176036,13.439881263048017,2.588964572520139,0.0,0.0,0.0,0.18314561364146287,1.0992473792670907,0.011463615286814749,52.90356959424756,1.0,0.9422002818015021,0.5594196169908221,0.626940929281934,0.4314915491220648,0.03235978550470473,0.9285354806240563,0.0,0.30814120781537746,0.35780224870517036,0.3157094787485996,Insurance—Property & Casualty,Financial Services,PGR
2016Q3,2016,Q3,2016-11-03,2016-09-30,198700000.0,5930200000.0,0.0,0.34,5930200000.0,1.0,33620800000.0,8094700000.0,10763200000.0,22372000000.0,25526100000.0,0.0,5183100000.0,18317250000.0,21327750000.0,13.920378331900258,0.48110137672090114,0.09380799980964165,0.38962531038827874,0.0,13.920378331900258,0.02454692576624211,3.088808134632896,23.0463638651233,2.262869531915945,0.0,0.0,0.0,0.17638485699328987,1.103169139996424,0.005910031885023557,28.102562135624424,1.0,0.030303030303030328,0.4214551639497193,0.6775193825033825,0.5003842952165932,0.020267015346500585,0.040859088528025146,0.0,-0.11942502845184949,0.35112978610845874,0.22735249874496724,Insurance—Property & Casualty,Financial Services,PGR
2016Q2,2016,Q2,2016-08-03,2016-06-30,190900000.0,5812400000.0,0.0,0.33,5812400000.0,1.0,31958200000.0,7835500000.0,9823300000.0,21459000000.0,24122700000.0,0.0,5031200000.0,19510400000.0,22039800000.0,13.453811813186814,0.45777063236870313,0.08336201663422846,0.3400038287282241,0.0,13.453811813186814,0.02436347393274201,3.356685706420756,25.550550026191722,2.4900006381213706,0.0,0.0,0.0,0.18187507431582506,1.091048045109278,0.005973427790050754,28.882901554404146,1.0,-0.24999999999999997,-0.13964015694745707,0.6585795553376311,0.3637094705042968,0.046770039800457436,-0.2606506584043377,0.0,-0.394623951795278,0.30372601092579526,0.23630959732759468,Insurance—Property & Casualty,Financial Services,PGR
2016Q1,2016,Q1,2016-05-05,2016-03-31,258200000.0,5552700000.0,0.0,0.44,5552700000.0,1.0,30721600000.0,7559900000.0,8415700000.0,20460000000.0,23161700000.0,0.0,4877600000.0,20493648000.0,22985348000.0,12.962791495198903,0.4113245356793744,0.08793812822248841,0.35735922432836414,0.0,12.962791495198903,0.03415389092448313,3.690753687395321,19.84280402788536,2.7108358576171643,2.0100697134004646,0.0,0.025324920189904697,0.18074253945107024,1.0939442815249267,0.008404510181761367,26.6082160477798,1.0,-0.22334140435835353,-0.20481878753721836,0.5938992707588516,0.3367635187435757,0.029326165538974883,-0.2185230024213075,0.0,-0.13835548301235645,0.290157925977177,0.2184188193709446,Insurance—Property & Casualty,Financial Services,PGR
2015Q4,2015,Q4,2016-02-29,2015-12-31,330400000.0,5394500000.0,0.0,0.5665294924554184,5394500000.0,1.0,29819300000.0,7289400000.0,6384100000.0,19822000000.0,22529900000.0,0.0,4686600000.0,18545760000.0,38533460000.0,12.498971193415638,0.322071435778428,0.09081031412541542,0.37148462150519934,0.0,12.498971193415638,0.04532608993881527,3.4379015664102326,14.032808716707022,2.544209399950613,0.0,0.0,0.0,0.18090632576888122,1.0955655332458885,0.011080072302166717,207.67928331466965,1.0,0.2053818988413158,0.2341708662514763,0.5720270748100192,0.34682825371031323,0.023663137120953356,0.18720804886812792,0.0,0.365947864988857,0.2213263166313244,0.24968904590734683,Insurance—Property & Casualty,Financial Services,PGR
2015Q3,2015,Q3,2015-11-05,2015-09-30,278300000.0,5269800000.0,0.0,0.47,5269800000.0,1.0,29935000000.0,7462000000.0,6466300000.0,19759000000.0,22473000000.0,0.0,4910900000.0,17930528000.0,38204428000.0,12.751196172248804,0.32725846449719115,0.09067312510439285,0.36374966496917716,0.0,12.751196172248804,0.03729563119807022,3.4025063569774945,16.107193675889327,2.4029118198874295,0.0,0.0,0.0,0.17604142308334725,1.1178905815071614,0.009296809754468014,25.74375879396985,1.0,-0.24193548387096778,0.19218200317307027,0.5693343061694184,0.24567770739770084,-0.0014779445202364712,-0.2339664189375172,0.0,0.0333643223582421,0.2472812987289821,0.17092499558730592,Insurance—Property & Casualty,Financial Services,PGR
2015Q2,2015,Q2,2015-08-05,2015-06-30,363300000.0,5277600000.0,0.0,0.62,5277600000.0,1.0,29304200000.0,7359800000.0,5800400000.0,19205000000.0,21944400000.0,0.0,4694900000.0,16300030999.999998,36033531000.0,12.565818678504353,0.3020255141890133,0.09346783054988704,0.37215685208837196,0.0,12.565818678504353,0.04936275442267453,3.0885309610428977,11.216646710707403,2.2147383081061984,0.0,0.0,0.0,0.18009705093467832,1.1137412132257225,0.012397540284327845,25.976145019920317,1.0,0.24,0.933153240158334,0.6142754252462816,0.31625585370749526,0.0792638036809816,0.2290257104194858,0.0,2.163131647146249,0.32464097772886036,0.20888988272825257,Insurance—Property & Casualty,Financial Services,PGR
2015Q1,2015,Q1,2015-05-11,2015-03-31,295600000.0,4890000000.0,0.0,0.5,4890000000.0,1.0,26880700000.0,7201900000.0,6145500000.0,17119000000.0,19678800000.0,0.0,4368600000.0,15982720000.0,34928120000.0,12.25646698434309,0.358987090367428,0.09523933528516743,0.35547563837320706,0.0,12.25646698434309,0.04104472430886294,3.268449897750511,13.51718538565629,2.219236590344215,1.3653585926928282,0.0,0.02525227245425059,0.1819149054898124,1.1896314037034874,0.010996737436153077,21.34159433836293,1.0,-0.20637493246893576,0.12559564329475845,0.5014492200309252,0.30506757843427834,-0.05439638002049775,-0.20151269584008644,0.0,0.18383919850830208,0.24197763905804107,0.18870316874260543,Insurance—Property & Casualty,Financial Services,PGR
2014Q4,2014,Q4,2015-03-02,2014-12-31,370200000.0,5171300000.0,0.0,0.6300204220558203,5171300000.0,1.0,25787600000.0,6928600000.0,5794900000.0,16694000000.0,18859000000.0,0.0,4133400000.0,15859324000.0,33613824000.0,11.79135466303608,0.3471247154666347,0.0839434456870744,0.31242963946540425,0.0,11.79135466303608,0.05343070750223711,3.066796356815501,10.70997028633171,2.288965158906561,0.0,0.0,0.0,0.20053436535389102,1.1587456571223194,0.014355736865780453,472.00369047619046,1.0,0.26004084411164063,0.3662147775335067,0.49228137983135534,0.356643700054285,0.08481225089154605,0.2502532928064843,0.0,0.48780046688834555,0.35719384740348,0.2309778698283831,Insurance—Property & Casualty,Financial Services,PGR
2014Q3,2014,Q3,2014-10-29,2014-09-30,296100000.0,4767000000.0,0.0,0.5,4767000000.0,1.0,25926000000.0,6935300000.0,17065600000.0,16827000000.0,18990700000.0,0.0,4203500000.0,14910144000.0,32924344000.0,11.758731773482536,1.0141795923218637,0.08347990434313045,0.31207013395238853,0.0,11.758731773482536,0.04269462027597941,3.1277835116425425,12.588774062816617,2.1498917134082163,0.0,0.0,0.0,0.18386947465864384,1.172918523801034,0.01142096736866466,25.38328907048008,1.0,0.02040816326530614,0.2401128559351132,0.4921320916522932,0.42630566796099384,0.0066518847006651885,0.009202453987730062,0.0,1.0884239098516857,0.329499900341971,0.26739489861186694,Insurance—Property & Casualty,Financial Services,PGR
2014Q2,2014,Q2,2014-07-30,2014-06-30,293400000.0,4735500000.0,0.0,0.49,4735500000.0,1.0,25452700000.0,6789200000.0,16191000000.0,16456000000.0,18663500000.0,0.0,3989500000.0,14992832000.0,32692032000.0,11.483761840324764,0.9838964511424404,0.0867491464559752,0.3252224120662228,0.0,11.483761840324764,0.043215695516408414,3.1660504698553478,12.775078391274711,2.2083355918223058,0.0,0.0,0.0,0.18605098869668052,1.1734139523578027,0.011527264298090183,42.581175802328886,1.0,-0.09259259259259267,0.32790780845983647,0.49582207807434947,0.5603925733086969,0.006803444243648347,-0.08683473389355742,0.0,0.30263053330301737,0.3311702265604206,0.164020650513114,Insurance—Property & Casualty,Financial Services,PGR
2014Q1,2014,Q1,2014-05-12,2014-03-31,321300000.0,4703500000.0,0.0,0.54,4703500000.0,1.0,24315400000.0,6438600000.0,16118800000.0,16016000000.0,17876800000.0,0.0,3735200000.0,14384258000.0,30527958000.0,10.841219060447887,1.0064185814185813,0.07654819579361227,0.28908458360513156,0.0,10.841219060447887,0.049902152641878667,3.0582030402891465,11.192233115468408,2.234066101326375,2.778089013383131,0.0,0.06205394814247631,0.19343708102683896,1.1233578921078922,0.01321384801401581,22.321939788950964,1.0,0.06973315543695814,0.5557536024854843,0.5267574977206855,0.6843908311796663,0.019287030014086035,0.07171447631754503,0.0,-0.02831658928322944,0.32581216685807013,0.11798034737207423,Insurance—Property & Casualty,Financial Services,PGR
2013Q4,2013,Q4,2014-02-26,2013-12-31,299800000.0,4614500000.0,0.0,0.5047987876746927,4614500000.0,1.0,24408200000.0,6189500000.0,16926200000.0,16358000000.0,18218700000.0,0.0,3500000000.0,16195653000.0,32794453000.0,10.421788179828255,1.034735297713657,0.07624077154398931,0.3006543339526618,0.0,10.421788179828255,0.04843686889086356,3.5097308484126124,13.505381087391596,2.6166334922045396,0.0,0.0,0.0,0.1890553174752747,1.112532094388067,0.012282757433977106,138.30617421007685,1.0,0.29435586583254525,1.118697234396105,0.48108511611936855,0.6530276794138428,0.020816741881249448,0.29001721170395867,0.0,0.09969201138490867,0.32049774676953136,0.12300113005869778,Insurance—Property & Casualty,Financial Services,PGR
2013Q3,2013,Q3,2013-11-12,2013-09-30,232400000.0,4520400000.0,0.0,0.39,4520400000.0,1.0,24508900000.0,6792600000.0,17399400000.0,15705000000.0,17716300000.0,0.0,4198700000.0,16308047000.0,18217747000.0,11.341793287694106,1.1078892072588347,0.08203550546944172,0.29599858669728824,0.0,11.341793287694106,0.034213703147542913,3.6076557384302275,17.543079819277107,2.4008549009215914,0.0,0.0,0.0,0.1844391221148236,1.1808659662527858,0.009482269706106761,28.376626065773447,1.0,-0.2777777777777778,1.3778927449032181,1.275518872967483,0.7737024990824257,-0.014991719689706267,-0.2840418977202711,0.0,-0.027218095560515312,0.3153708286438471,0.10799166364811481,Insurance—Property & Casualty,Financial Services,PGR
2013Q2,2013,Q2,2013-08-06,2013-06-30,324600000.0,4589200000.0,0.0,0.54,4589200000.0,1.0,23841800000.0,6523900000.0,16448200000.0,15254000000.0,17317900000.0,0.0,4000000000.0,15341205000.0,17308205000.0,10.882235195996664,1.078287662252524,0.08656645051967553,0.3163598461043241,0.0,10.882235195996664,0.049755514339582155,3.34289309683605,11.815469038817007,2.351538956758994,0.0,0.0,0.0,0.19248546670133967,1.1804313622656353,0.013614743853232558,41.096182694883474,1.0,0.058823529411764754,0.6768656014582918,0.44460148579960956,0.5113523607966233,0.035399228391579995,0.05184705119896306,0.0,0.6874675726704769,0.37140012846973425,0.13990231314218135,Insurance—Property & Casualty,Financial Services,PGR
2013Q1,2013,Q1,2013-05-02,2013-03-31,308600000.0,4432300000.0,0.0,0.51,4432300000.0,1.0,23543500000.0,6389800000.0,15528800000.0,15090000000.0,17153700000.0,0.0,3720000000.0,15201186000.0,17154486000.0,10.639027639027638,1.0290788601722995,0.08764627179476289,0.322936555134746,0.0,10.639027639027638,0.048295721305831166,3.4296383367551835,12.314635450421257,2.378976806785815,0.5690213869086196,0.0,0.011551730239995747,0.18826002930745217,1.182935719019218,0.01310765179348865,21.89110887096774,1.0,0.22965074267362506,0.4412272494979262,0.381947876342589,0.5041492040607756,-0.02558972893354145,0.23885989562424728,0.0,0.1496624710427147,0.33145777088601497,0.13284277235013764,Insurance—Property & Casualty,Financial Services,PGR
2012Q4,2012,Q4,2013-02-26,2012-12-31,249100000.0,4548700000.0,0.0,0.41475191475191475,4548700000.0,1.0,22694700000.0,6007000000.0,15136900000.0,14625000000.0,16687700000.0,0.0,3454400000.0,12672660000.0,14556660000.0,10.001665001665001,1.0350017094017094,0.09090668746447408,0.34344930913933747,0.0,10.001665001665001,0.04146828699850175,2.785995998856816,12.718446407065436,2.1096487431330115,2.413890004014452,0.0,0.047448601950971614,0.20043005635677053,1.1710700854700855,0.01097613099093621,-728.3137931034482,1.0,-0.09836540271322884,0.17960995661122717,0.40701832865340953,0.3607776412963325,0.0467369293078056,-0.10072202166064982,0.0,-0.10060027404289704,0.2842061372287492,0.15073256655554945,Insurance—Property & Casualty,Financial Services,PGR
2012Q3,2012,Q3,2012-11-01,2012-09-30,277000000.0,4345600000.0,0.0,0.46,4345600000.0,1.0,23429300000.0,6554600000.0,15843400000.0,14812000000.0,16874700000.0,0.0,3996200000.0,12573691000.0,16838291000.0,10.889848812095032,1.0696327302187416,0.08803933536213203,0.3146950233423855,0.0,10.889848812095032,0.04226039727824734,2.89343036634757,11.34809657039711,1.9183002776675924,0.005054151624548736,0.0,0.00011134359831174475,0.1854771589420085,0.40438158250067513,0.011822803071367903,25.172554554554555,1.0,1.4210526315789473,0.08069211312128349,0.36743429431270824,0.4317647739250302,0.05626990107192339,1.3355817875210794,0.0,0.13679720283077895,0.33288380811026763,0.3209122703994901,Insurance—Property & Casualty,Financial Services,PGR
2012Q2,2012,Q2,2012-08-02,2012-06-30,118600000.0,4114100000.0,0.0,0.19,4114100000.0,1.0,22719000000.0,6286600000.0,15463500000.0,14369000000.0,16432400000.0,0.0,3794300000.0,12597983999.999998,16174483999.999998,10.394510582010582,1.0761709235159023,0.09079624983493992,0.3281264912671396,0.0,10.394510582010582,0.018865523494416697,3.0621482219683522,26.555615514333894,2.0039423535774503,0.0,0.0,0.0,0.18108631541881245,0.3629062565244624,0.005220300189268894,31.299339130434777,1.0,-0.5476190476190476,-0.5010805344344293,0.33572252794586094,0.3634188769730939,0.012851128782097048,-0.5395962732919255,0.0,-0.47529506715832187,0.27031546336346113,0.4123871028388795,Insurance—Property & Casualty,Financial Services,PGR
2012Q1,2012,Q1,2012-05-07,2012-03-31,257600000.0,4061900000.0,0.0,0.42,4061900000.0,1.0,22269300000.0,6250400000.0,15276200000.0,14020000000.0,16018900000.0,0.0,3715000000.0,14051716000.0,17495816000.0,10.310788518640713,1.0896005706134093,0.09340212759269488,0.33277870216306155,0.0,10.310788518640713,0.041213362344809934,3.459394864472291,13.637146739130435,2.2481306796365033,0.9743788819875776,0.0,0.017862587032074943,0.18239908753306122,0.34547788873038515,0.011567494263402981,20.691674274775437,1.0,-0.008165173354109838,-0.13748995365178796,0.3409184529741084,0.0976394206927421,0.0333257014932967,0.003506038176860148,0.0,0.22200600958553734,0.29174126552011787,0.6019782965545467,Insurance—Property & Casualty,Financial Services,PGR
2011Q4,2011,Q4,2012-02-28,2011-12-31,256700000.0,3930900000.0,0.0,0.42345760475090727,3930900000.0,1.0,21844800000.0,5806700000.0,14844800000.0,13596000000.0,16038100000.0,0.0,3495000000.0,11826962000.0,15665162000.0,9.578851864071263,1.0918505442777287,0.11179319563465905,0.4205658980143627,0.0,9.578851864071263,0.04420755334355141,3.0087160701111704,11.518272302298405,2.03677854891763,0.0,0.0,0.0,0.1799467150076906,0.35637687555163283,0.011751080348641325,-514.2157391304348,1.0,0.7644066864621137,-0.22068590475126118,0.2952134261055634,0.03223160478365577,0.031434493978116554,0.7033842070338421,0.0,0.7772991496324958,0.2360748107051559,0.5193272973022196,Insurance—Property & Casualty,Financial Services,PGR
2011Q3,2011,Q3,2011-11-07,2011-09-30,150700000.0,3811100000.0,0.0,0.24,3811100000.0,1.0,22144300000.0,5816300000.0,15071900000.0,13884000000.0,16328000000.0,0.0,3632400000.0,11133744000.000002,15107044000.000002,9.277875259211996,1.085558916738692,0.11036248605736014,0.4201812148616818,0.0,9.277875259211996,0.025909942747107267,2.9213990711343185,18.470046449900465,1.9142313842133316,0.0,0.0,0.0,0.17210297909620081,0.35695764909248057,0.006805363005378359,24.935596864501683,1.0,-0.368421052631579,-0.5520872796698039,0.24595996739652048,0.054627485117974814,-0.015906215301985695,-0.3853996737357259,0.0,1.2341001682858386,0.8327784228222571,0.45093373825586835,Insurance—Property & Casualty,Financial Services,PGR
2011Q2,2011,Q2,2011-08-09,2011-06-30,245200000.0,3872700000.0,0.0,0.38,3872700000.0,1.0,21807600000.0,6349500000.0,14920800000.0,13499000000.0,15458100000.0,0.0,3835600000.0,13760168000.0,16913068000.0,9.865599751398385,1.105326320468183,0.08983565362534163,0.30854397984093235,0.0,9.865599751398385,0.03861721395385463,3.5531200454463296,14.02953507340946,2.167126230411843,0.0,0.0,0.0,0.17758487866615308,0.3315653011334173,0.011243786569819695,40.530686303387334,1.0,-0.30909090909090914,-0.2615381821410411,0.259469023616131,0.1922040339224712,-0.005342237061769616,-0.3243317718379719,0.0,0.17989499321536773,0.1355286072338038,0.37015945772204384,Insurance—Property & Casualty,Financial Services,PGR
2011Q1,2011,Q1,2011-05-09,2011-03-31,362900000.0,3893500000.0,0.0,0.55,3893500000.0,1.0,21526100000.0,6320600000.0,14974300000.0,13247000000.0,15205500000.0,0.0,3839200000.0,13772534000.0,16704134000.0,9.697146363915312,1.1303917868196574,0.09099186568862916,0.3098914660000633,0.0,9.697146363915312,0.05741543524348954,3.5373144985231795,9.48782998071094,2.17899155143499,0.7263709010746762,0.0,0.019139542512655986,0.18087345129865606,0.31798897863667247,0.016858604206056834,20.994716463414633,1.0,0.19816176470588243,-0.0037894989554280024,0.2746771231687981,0.19941904391941637,0.015201293283270755,0.21290106951871657,0.0,0.5616887544626115,0.11859703976266311,0.37098572161216364,Insurance—Property & Casualty,Financial Services,PGR
2010Q4,2010,Q4,2011-03-01,2010-12-31,299200000.0,3835200000.0,0.0,0.45903651426818043,3835200000.0,1.0,21150300000.0,6048900000.0,3988100000.0,13143000000.0,15101400000.0,0.0,3595700000.0,12951266000.0,15841366000.0,9.280300705737956,0.3034390930533364,0.09258497515401673,0.32372828117508967,0.0,9.280300705737956,0.04946353882524095,3.3769467042136005,10.821579211229947,2.1410944138603716,2.190842245989305,0.0,0.05061281267792662,0.18133076126579764,0.3034390930533364,0.014146371446267902,-544.1708403361345,1.0,0.14759128567045102,0.27343510279226757,0.27718570353958577,0.18702757451043656,0.0191597353245994,0.1437308868501529,0.0,0.30556128475681127,0.09312908174606625,0.2626323419923083,Insurance—Property & Casualty,Financial Services,PGR
2010Q3,2010,Q3,2010-11-08,2010-09-30,261600000.0,3763100000.0,0.0,0.4,3763100000.0,1.0,22025000000.0,6713000000.0,4829500000.0,13353000000.0,15311000000.0,0.0,4274000000.0,13686546000.0,15489546000.0,10.236352546508082,0.36167902344042535,0.08889897843359819,0.29167287352897364,0.0,10.236352546508082,0.03896916430805899,3.6370402062129625,13.0796502293578,2.038812155519142,0.0,0.0,0.0,0.17085584562996595,0.023964652138096308,0.011877412031782065,29.509586028460543,1.0,0.25000000000000006,0.023321742836002857,0.2406195815814337,0.37976272513985526,0.02083389848899981,0.2345445965077867,0.0,-0.06327333395306062,0.08681446383469141,0.34584503811384526,Insurance—Property & Casualty,Financial Services,PGR
2010Q2,2010,Q2,2010-08-05,2010-06-30,211900000.0,3686300000.0,0.0,0.32,3686300000.0,1.0,21496600000.0,6304600000.0,4568900000.0,13014000000.0,15192000000.0,0.0,4097900000.0,12362688000.0,16035888000.0,9.54663840096911,0.35107576456124173,0.10132299991626582,0.34547790502173015,0.0,9.54663840096911,0.033610379722742126,3.353684724520522,14.585521472392637,1.9608996605653013,0.0,0.0,0.0,0.17148293218462454,0.35107576456124173,0.009857372793837166,23.70147239263804,1.0,-0.2727272727272727,-0.35843046882644625,0.225811472160191,0.34631423223755414,0.005564799912709021,-0.2831529093369418,0.0,-0.1836405318915679,0.09606623982566617,0.25220585469834156,Insurance—Property & Casualty,Financial Services,PGR
2010Q1,2010,Q1,2010-05-10,2010-03-31,295600000.0,3665900000.0,0.0,0.44,3665900000.0,1.0,21048900000.0,6211500000.0,4267200000.0,12659000000.0,14837400000.0,0.0,3942500000.0,12626126000.0,16037926000.0,9.391442394919867,0.33708823761750534,0.10345908812336986,0.35059164453030667,0.0,9.391442394919867,0.047589149158818324,3.44420906189476,10.67838802435724,2.0327016018675037,0.36603518267929636,0.0,0.008569532729199756,0.17416112005853038,0.33708823761750534,0.0140434892084622,19.33556814701378,1.0,-0.045849180327868895,-0.13797703090176872,0.2635142097049768,0.41187356394126584,-0.06017023022099164,-0.03081967213114754,0.0,-0.0928596711822573,0.10918885046264981,-0.00022996580788412865,Insurance—Property & Casualty,Financial Services,PGR
2009Q4,2009,Q4,2010-03-01,2009-12-31,305000000.0,3900600000.0,0.0,0.46114302993649836,3900600000.0,1.0,20049300000.0,5748600000.0,0.0,12124000000.0,14300700000.0,0.0,3683100000.0,11898585999.999998,14993085999.999998,8.691563350468703,0.0,0.10859231993136917,0.378735692168528,0.0,8.691563350468703,0.053056396339978426,3.050450187150694,9.752939344262293,2.0698232613157983,0.0,0.0,0.0,0.19455043318220586,0.3046436819531508,0.01521250118458001,214.77592057761728,1.0,0.15285757484124585,-0.11228572713554365,0.27016482513051726,0.3419879014185297,0.08010965580261956,0.13004816598740274,0.0,-0.15133118611337365,0.17796530650507078,-0.06338395116177238,Insurance—Property & Casualty,Financial Services,PGR
2009Q3,2009,Q3,2009-11-09,2009-09-30,269900000.0,3611300000.0,0.0,0.4,3611300000.0,1.0,20047400000.0,5496400000.0,19073400000.0,12374000000.0,14551000000.0,0.0,3561900000.0,11053885999.999998,14286085999.999998,8.24418779061047,1.5414094068207531,0.10858265909793789,0.3960410450476676,0.0,8.24418779061047,0.04910486864129248,3.060916013623902,10.238871804371987,2.0111138199548795,0.0,0.0,0.0,0.18013807276754093,0.32620817843866173,0.0134630924708441,23.271338947368417,1.0,0.08108108108108115,-0.1006096390989141,0.36106174188164236,0.1617971376753296,0.007757778707967071,0.07916833266693322,0.0,-0.24568830152242388,0.11015885373087277,-0.06287304005095097,Insurance—Property & Casualty,Financial Services,PGR
2009Q2,2009,Q2,2009-08-10,2009-06-30,250100000.0,3583500000.0,0.0,0.37,3583500000.0,1.0,19087600000.0,4925000000.0,18098600000.0,11987000000.0,14162600000.0,0.0,3353300000.0,10111612000.0,13264512000.0,7.359533771667663,1.5098523400350379,0.11402166851778117,0.44190862944162435,0.0,7.359533771667663,0.05078172588832487,2.821713966792242,10.107568972411034,2.0531191878172588,0.0,0.0,0.0,0.18773968440243927,0.32058897138566783,0.013102747333347304,27.358257575757577,1.0,0.0571428571428572,-0.1629535438128278,0.37585694288058064,0.11296032637328919,0.03324491090479211,0.0756989247311828,0.0,-0.2755951087167464,0.12083361389561165,-0.11064039982696643,Insurance—Property & Casualty,Financial Services,PGR
2009Q1,2009,Q1,2009-05-11,2009-03-31,232500000.0,3468200000.0,0.0,0.35,3468200000.0,1.0,18215100000.0,4303300000.0,17218100000.0,11736000000.0,13911800000.0,0.0,2925000000.0,8985984000.0,12321184000.0,6.4362847741549505,1.4671182685753237,0.11945583609203353,0.5056352101875305,0.0,6.4362847741549505,0.05402830385982851,2.590964765584453,9.662348387096774,2.0881611786303536,0.0,0.0,0.0,0.19040246828181015,0.336153715064758,0.0127641352504241,17.274094579008075,1.0,0.46898932831136203,-0.345641119015724,0.3688045666864936,0.005313815097716408,-0.01120456165359943,0.4595103578154426,0.0,-0.37779271993947744,0.10690953948864201,-0.2039098678620866,Insurance—Property & Casualty,Financial Services,PGR
2008Q4,2008,Q4,2009-02-25,2008-12-31,159300000.0,3507500000.0,0.0,0.23825904875860007,3507500000.0,1.0,18250500000.0,4215300000.0,0.0,11859000000.0,14035200000.0,0.0,2697800000.0,9901966000.0,13228166000.0,6.3046664672449895,0.0,0.11920221363798252,0.5160961260171281,0.0,6.3046664672449895,0.03779090456195289,2.8230836778332145,15.53980853735091,2.3490536853841957,0.0,0.0,0.0,0.19218651543793322,0.30062399865081374,0.008728527985534643,112.907251995439,1.0,1.2313194648141748,-0.4235968904263716,0.43230166204607695,0.08482473145296039,0.5870322609836659,1.232826658871675,0.0,-0.3390342013841677,0.13870622651936498,-0.19358077049336292,Insurance—Property & Casualty,Financial Services,PGR
2008Q3,2008,Q3,2008-11-10,2008-09-30,-684200000.0,2210100000.0,0.0,-1.03,2210100000.0,1.0,18639600000.0,4260600000.0,17638600000.0,12204000000.0,14379000000.0,0.0,2540600000.0,11593620000.0,14495920000.0,6.394416929311121,1.4453130121271713,0.11669241829223803,0.5105149509458762,0.0,6.394416929311121,-0.16058771065108202,5.245744536446314,-4.23619555685472,2.7211237853823405,0.0,0.0,0.0,0.11857014099015001,0.27246804326450347,-0.03670679628318204,24.42819216182048,1.0,-4.21875,-3.7858282655835946,-0.06582908075907369,0.20853853128642386,-0.3750777582989312,-4.174941995359629,0.0,-3.634262994663443,-0.2828559558688956,-0.13809356526349373,Insurance—Property & Casualty,Financial Services,PGR
2008Q2,2008,Q2,2008-08-07,2008-06-30,215500000.0,3536600000.0,0.0,0.32,3536600000.0,1.0,18914400000.0,4805500000.0,17912400000.0,11934000000.0,14108900000.0,0.0,3224800000.0,12493728000.0,15171728000.0,7.200329637398862,1.5009552538964304,0.11497589138434208,0.4525439600457809,0.0,7.200329637398862,0.04484444906877536,3.532694678504779,14.493883990719258,2.599880969722193,0.0,0.0,0.0,0.18697923275388065,0.25461706049941346,0.011393435689210337,27.69,1.0,-0.08571428571428563,-0.018345624912142578,0.5790179450328021,0.43066404519745444,-0.01374829192113556,-0.0998329156223893,0.0,-0.3543741498857978,0.1636967197701981,0.015426149025178885,Insurance—Property & Casualty,Financial Services,PGR
2008Q1,2008,Q1,2008-05-06,2008-03-31,239400000.0,3585900000.0,0.0,0.35,3585900000.0,1.0,18716800000.0,4749600000.0,17716800000.0,11793000000.0,13967200000.0,0.0,3063000000.0,10791005000.0,14490105000.0,7.073119880863738,1.502314932587128,0.11616836211318174,0.45778591881421593,0.0,7.073119880863738,0.05040424456796362,3.0092877659722803,11.268802213868003,2.271981851103251,0.41060985797827904,0.0,0.009109438833547015,0.19158723713455292,0.3430000847960655,0.012790647974012652,24.682079139981703,1.0,-0.004553155442609199,0.06599898591131974,0.7111988305374273,0.5593209450022343,-0.007912574353299211,0.01397712833545108,0.0,-0.31236697259624197,0.21735113308972748,0.06334581573761716,Insurance—Property & Casualty,Financial Services,PGR
2007Q4,2007,Q4,2008-02-27,2007-12-31,236100000.0,3614500000.0,0.0,0.3516008935219658,3614500000.0,1.0,18843100000.0,4935500000.0,0.0,11734000000.0,13907600000.0,0.0,2927700000.0,12865940000.0,15416440000.0,7.349962769918093,0.0,0.11536849032271759,0.4404619592746429,0.0,7.349962769918093,0.0478370985715733,3.5595352054226033,13.623401101228293,2.6068159254381524,0.0,0.0,0.0,0.19182087873014525,0.2371995909323334,0.0125297854387017,168.62306684141546,1.0,-0.162855015423891,1.0135041970679723,0.8409917285054568,0.7001665473090791,-0.02563618718999353,-0.2108957219251337,0.0,-0.3231576511644867,0.15929794978988718,0.13484314793319674,Insurance—Property & Casualty,Financial Services,PGR
2007Q3,2007,Q3,2007-11-01,2007-09-30,299200000.0,3709600000.0,0.0,0.42,3709600000.0,1.0,19665500000.0,5343900000.0,18675500000.0,12148000000.0,14321600000.0,0.0,3110500000.0,13693673999.999998,16233573999.999998,7.605892399658412,1.537331247942048,0.11052350563169001,0.406725425251221,0.0,7.605892399658412,0.055989071651789894,3.691415246926892,11.441906751336896,2.5624869477348002,4.7008689839572195,0.0,0.1027116608734807,0.18863491902061988,0.2758561080013171,0.015214461874856982,30.876378804960538,1.0,0.07692307692307684,1.0793732124218889,0.902707852269967,0.8739529103183717,0.009167822846105716,0.05463517800493479,0.0,-0.05391699068449203,0.3266722687426883,0.07184652312915804,Insurance—Property & Casualty,Financial Services,PGR
2007Q2,2007,Q2,2007-08-02,2007-06-30,283700000.0,3675900000.0,0.0,0.39,3675900000.0,1.0,21073600000.0,5502900000.0,20086600000.0,13398000000.0,15570700000.0,0.0,3278200000.0,17272674000.0,19709774000.0,7.6238570241064005,1.499223764741006,0.10311954293523651,0.3949008704501263,0.0,7.6238570241064005,0.051554634828908395,4.6988965967518155,15.220897074374339,3.1388311617510767,0.0,0.0,0.0,0.17443151620985498,0.24554411106135243,0.013462341507858173,32.43694647887324,1.0,-0.20408163265306117,1.154397187966631,0.9822421692065806,0.9833984600072043,-0.0029564934360420962,-0.21953232462173314,0.0,-0.1196927863273906,0.30848459418064106,0.15293314291702054,Insurance—Property & Casualty,Financial Services,PGR
2007Q1,2007,Q1,2007-05-03,2007-03-31,363500000.0,3686800000.0,0.0,0.49,3686800000.0,1.0,20011700000.0,6930600000.0,19032700000.0,11895000000.0,13081100000.0,0.0,4714600000.0,16098796000.0,17868896000.0,9.393602602331255,1.6000588482555695,0.05925033855194711,0.17108186881366694,0.0,9.393602602331255,0.05244856145211093,4.3666041011175,11.072074277854195,2.32285747265749,0.0,0.0,0.0,0.18423222414887291,0.27217318200924756,0.018164373841302837,26.724428950863214,1.0,-0.09822399600897978,1.4662008628283798,1.1306052494321432,1.4587225851726167,-0.0018950674102550219,-0.09329009728111748,0.0,-0.07290299008804078,0.31860467674201554,0.4672312989602536,Insurance—Property & Casualty,Financial Services,PGR
