Year,Date,FillingDate,NetIncome,Revenue,OperatingIncome,EPSDiluted,GrossProfit,GrossProfitRatio,TotalAssets,CommonStockEquity,CurrentAssets,CurrentLiability,TotalLiability,Inventory,RetainedEarnings,EnterpriseValue,bookValuePerShare,currentRatio,debtToAssets,debtToEquity,roic,shareholdersEquityPerShare,roe,priceToSalesRatio,peRatio,pbRatio,payoutRatio,inventoryTurnover,dividendYield,assetTurnover,quickRatio,returnOnAssets,priceToFreeCashFlowsRatio,grossProfitMargin,epsdilutedGrowth,fiveYNetIncomeGrowthPerShare,fiveYRevenueGrowthPerShare,fiveYShareholdersEquityGrowthPerShare,grossProfitGrowth,netIncomeGrowth,operatingIncomeGrowth,threeYNetIncomeGrowthPerShare,threeYRevenueGrowthPerShare,threeYShareholdersEquityGrowthPerShare,Industry,Sector,Price,MarketCap,AvgVolume,Symbol
2022,2022-12-31,2022-12-31,-430000000.0,11727000000.0,-659000000.0,-2.2,2926000000.0,0.2495096785,7636000000.0,2401000000.0,4352000000.0,3516000000.0,5235000000.0,120000000.0,-3647000000.0,13466180764.452244,12.44461459743859,1.2377701934015928,0.22040335254059717,0.7009579341940858,-0.16509266326037184,12.44461459743859,-0.1790920449812578,1.2165243254414806,-33.17716456849359,5.941766249251247,0.0,73.34166666666667,0.0,1.535751702462022,1.1504550625711036,-0.05631220534311158,679.3419411643926,0.2495096785196555,-11.222222222222223,0.7001646054949962,1.4691360346448068,0.749266922490546,0.12929370899266693,-11.647058823529411,-2.9382352941176473,-1.1683469815069571,0.626134989512387,0.1055398443713006,Internet Content & Information,Communication Services,161.2,31178981600,1538990,SPOT
2021,2021-12-31,2021-12-31,-34000000.0,9668000000.0,340000000.0,-0.18,2591000000.0,0.2679975176,7170000000.0,2119000000.0,4372000000.0,3226000000.0,5051000000.0,0.0,-3220000000.0,38568524879.470535,11.07693547479125,1.3552386856788592,0.5114365411436541,1.730533270410571,-0.007293904605065978,11.07693547479125,-0.01604530438886267,4.0889041042067165,-1162.6919082197214,18.65574557785301,0.0,0.0,0.0,1.3483960948396094,1.2789832610043397,-0.004741980474198048,143.2301626067773,0.26799751758378154,0.9419354838709677,0.9446756527772916,1.8724100335125617,8.74365260555041,0.2858560794044665,0.9414802065404475,2.160409556313993,0.5963314271920641,0.7024489414715144,-0.0628806526933923,Internet Content & Information,Communication Services,161.2,31178981600,1538990,SPOT
2020,2020-12-31,2020-12-31,-581000000.0,7880000000.0,-293000000.0,-3.1,2015000000.0,0.2557106599,6326000000.0,2805000000.0,2366000000.0,2900000000.0,3521000000.0,0.0,-3290000000.0,47926812409.85545,14.95335616404289,0.8158620689655173,0.37211508061966486,0.8392156862745098,-0.041858954309308694,14.95335616404289,-0.2071301247771836,6.154925432722774,-83.47816249544829,17.290842213852212,0.0,0.0,0.0,1.2456528612077142,0.7637931034482759,-0.09184318684792918,267.96028955721243,0.25571065989847713,-2.009708737864078,-1.2593919949715298,2.6330199014198774,9.95571365102994,0.17015098722415795,-2.1236559139784945,-2.4504950495049505,0.5833157395298177,0.706478538412281,1.1019060986721265,Internet Content & Information,Communication Services,161.2,31178981600,1538990,SPOT
2019,2019-12-31,2019-12-31,-186000000.0,6764000000.0,202000000.0,-1.03,1722000000.0,0.2545830869,5122000000.0,2037000000.0,2231000000.0,2439000000.0,3085000000.0,0.0,-2709000000.0,23716373005.093807,11.256595283108593,0.914719147191472,0.4064818430300664,1.0220913107511045,0.060495498904312064,11.256595283108593,-0.09131075110456553,3.571758279877854,-129.8891021779237,11.860271480163872,0.0,0.0,0.0,1.3205778992581023,0.8868388683886839,-0.03631393986723936,55.15838585637856,0.25458308693081017,-1.0196078431372548,0.2502117877911098,2.2326253117659203,7.247247858900014,0.2727272727272727,-1.3846153846153846,5.6976744186046515,0.6800532675175422,1.1244217834776034,8.86924899870043,Internet Content & Information,Communication Services,161.2,31178981600,1538990,SPOT
2018,2018-12-31,2019-02-12,-78000000.0,5259000000.0,-43000000.0,-0.51,1353000000.0,0.2572732458642327,4336000000.0,2094000000.0,2246000000.0,2147000000.0,2242000000.0,0.0,-2505000000.0,16672888449.6106,11.820197189000183,1.0461108523521192,0.0,0.0,-0.009258492472299054,11.820197189000183,-0.03724928366762178,3.3397772294372694,-225.17805704628975,8.387721322641166,0.0,0.0,0.0,1.212869003690037,1.0284117373078714,-0.017988929889298892,80.20040387950046,0.2572732458642327,0.8808411214953271,0.6788171937405088,1.5673611351261745,7.6601759685755315,0.5936395759717314,0.9368421052631579,0.8862433862433863,0.6788171937405088,1.5673611351261745,7.6601759685755315,Internet Content & Information,Communication Services,161.2,31178981600,1538990,SPOT
2017,2017-12-31,2017-12-31,-1235000000.0,4090000000.0,-378000000.0,-4.28,849000000.0,0.2075794621026895,3107000000.0,1182000000.0,1898000000.0,1860000000.0,1925000000.0,0.0,-2427000000.0,20124998248.232323,7.11418848515147,1.0204301075268818,0.000321853878339234,0.0008460236886632825,-0.31977461037680016,7.11418848515147,-1.044839255499154,5.036918887098367,-16.680970241483664,17.428932528115332,0.0,0.0,0.0,1.316382362407467,1.0048387096774194,-0.39748953974895396,154.89472367091972,0.2075794621026895,-0.33227083696491283,-4.422311830118218,1.1289572764273164,4.2122754950619266,1.1172069825436408,-1.2912801484230056,-0.0830945558739255,-4.422311830118218,1.1289572764273164,4.2122754950619266,Internet Content & Information,Communication Services,161.2,31178981600,1538990,SPOT
2016,2016-12-31,2016-12-31,-539000000.0,2952000000.0,-349000000.0,-3.21256,401000000.0,0.13584010840108401,2100000000.0,-240000000.0,1909000000.0,1220000000.0,2340000000.0,0.0,-1192000000.0,23997701292.43891,-1.4304535648786267,1.5647540983606558,0.5295238095238095,-4.633333333333334,-0.4004662252783514,-1.4304535648786267,2.245833333333333,8.008367646490147,-43.86029924385698,-98.50292205182879,0.0,0.0,0.0,1.4057142857142857,1.55,-0.25666666666666665,319.4689363843096,0.13584010840108401,-1.3434786129200036,-1.343478260869565,0.5216494845360826,-2.0480349344978164,0.7743362831858407,-1.3434782608695652,-0.4851063829787234,-1.343478260869565,0.5216494845360826,-2.0480349344978164,Internet Content & Information,Communication Services,161.2,31178981600,1538990,SPOT
2015,2015-12-31,2015-12-31,-230000000.0,1940000000.0,-235000000.0,-1.370851,226000000.0,0.11649484536082474,1051000000.0,229000000.0,871000000.0,798000000.0,822000000.0,0.0,-653000000.0,22420182469.678654,1.3648911098216896,1.0914786967418546,0.0,0.0,-1.0490053372149442,1.3648911098216896,-1.0043668122270741,11.858856943133327,-100.02688030295066,100.46367890689369,0.0,0.0,0.0,1.845861084681256,1.0576441102756893,-0.21883920076117983,-264.4388789618236,0.11649484536082474,0.0,0.0,0.0,0.0,0.0,0.0,0.0,0.0,0.0,0.0,Internet Content & Information,Communication Services,161.2,31178981600,1538990,SPOT
TTM,,,,,,,,,,,,,,,,27578868987.28,12.099453457044786,1.241110147441457,0.22605923761455704,0.726729291204099,-0.18951387212431714,12.099453457044786,-0.3389026624986526,2.338938634562273,-36.05727839518769,12.101204448598429,0.0,0.0,0.0,1.6081816974365786,1.1558253830586875,-0.10439633417452517,555.2915487701961,0.24950445986124875,,,,,,,,,,,Internet Content & Information,Communication Services,161.2,31178981600,1538990,SPOT
