Quarters,Year,Quarter,FillingDate,Date,NetIncome,Revenue,OperatingIncome,EPSDiluted,GrossProfit,GrossProfitRatio,TotalAssets,CommonStockEquity,CurrentAssets,CurrentLiability,TotalLiability,Inventory,RetainedEarnings,MarketCap,EnterpriseValue,bookValuePerShare,currentRatio,debtToAssets,debtToEquity,roic,shareholdersEquityPerShare,roe,priceToSalesRatio,peRatio,pbRatio,payoutRatio,inventoryTurnover,dividendYield,assetTurnover,quickRatio,returnOnAssets,priceToFreeCashFlowsRatio,grossProfitMargin,epsdilutedGrowth,fiveYNetIncomeGrowthPerShare,fiveYRevenueGrowthPerShare,fiveYShareholdersEquityGrowthPerShare,grossProfitGrowth,netIncomeGrowth,operatingIncomeGrowth,threeYNetIncomeGrowthPerShare,threeYRevenueGrowthPerShare,threeYShareholdersEquityGrowthPerShare,Industry,Sector,Symbol
2023Q1,2023,Q1,2023-03-31,2023-03-31,-225000000.0,3042000000.0,-156000000.0,-1.16,766000000.0,0.251808021,7529000000.0,2342000000.0,4293000000.0,3459000000.0,5187000000.0,0.0,-3875000000.0,23718153982.774376,22977153982.774376,12.099453457044786,1.241110147441457,0.22605923761455704,0.726729291204099,-0.037121644774414625,12.099453457044786,-0.09607173356105893,7.796894800386054,-26.353504425304862,10.127307422192304,0.0,0.0,0.0,0.40403772081285694,1.1558253830586875,-0.029884446805684684,416.10796461007675,0.2518080210387903,0.15942028985507245,-0.15401685879929666,1.31500442522681,11.608904476992246,-0.04369538077403246,0.16666666666666666,0.3246753246753247,-216.1007094547082,0.5736805150582548,0.11225006688287613,Internet Content & Information,Communication Services,SPOT
2022Q4,2022,Q4,2022-12-31,2022-12-31,-270000000.0,3166000000.0,-231000000.0,-1.38,801000000.0,0.2530006317,7636000000.0,2401000000.0,4352000000.0,3516000000.0,5235000000.0,120000000.0,-3647000000.0,14276715570.265995,13476715570.265995,12.435431701164882,1.2377701934015928,0.22040335254059717,0.7009579341940858,-0.04620174539927064,12.435431701164882,-0.11245314452311538,4.5093858402608955,-13.219181083579626,5.946153923476049,0.0,19.708333333333332,0.0,0.41461498166579364,1.1504550625711036,-0.03535882661079099,-190.3562076035466,0.25300063171193937,-0.6235294117647058,0.5820912739319067,1.5418786704445853,0.8738663764132897,0.068,-0.6265060240963856,-0.013157894736842105,-0.22405479831820446,0.617150275967587,0.11682342276997747,Internet Content & Information,Communication Services,SPOT
2022Q3,2022,Q3,2022-09-30,2022-09-30,-166000000.0,3036000000.0,-228000000.0,-0.85,750000000.0,0.2470355731,7632000000.0,2233000000.0,4659000000.0,3558000000.0,5399000000.0,155000000.0,-3379000000.0,16951502956.045626,15905502956.045626,11.565314031112528,1.309443507588533,0.2365041928721174,0.8083296014330497,-0.05657196154398048,11.565314031112528,-0.07433945364979848,5.583498997379982,-25.529371921755462,7.591358242743227,0.0,14.748387096774193,0.0,0.3977987421383648,1.2130410342889264,-0.021750524109014676,484.3286558870179,0.24703557312252963,-0.32812499999999994,0.4811169597362348,1.5563967325519517,0.0,0.06534090909090909,-0.328,-0.17525773195876287,-1.641657129299392,0.633866912145156,0.07115291993056391,Internet Content & Information,Communication Services,SPOT
2022Q2,2022,Q2,2022-06-30,2022-06-30,-125000000.0,2864000000.0,-194000000.0,-0.64,704000000.0,0.2458100559,7388000000.0,2301000000.0,4522000000.0,3334000000.0,5087000000.0,154000000.0,-3214000000.0,17358416112.24653,16291416112.246529,11.925490901094031,1.3563287342531494,0.23267460747157553,0.7470664928292047,-0.058422472776332265,11.925490901094031,-0.054324206866579745,6.060899480533005,-34.716832224493054,7.543857502062811,0.0,14.025974025974026,0.0,0.3876556578234976,1.255248950209958,-0.016919328641039524,510.541650360192,0.24581005586592178,-1.9696969696969697,0.42183834113778806,1.473094246709025,0.0,0.04918032786885246,-1.9541984732824427,-3.086021505376344,-0.5378520061407273,0.6064068101481238,0.10615283259996237,Internet Content & Information,Communication Services,SPOT
2022Q1,2022,Q1,2022-03-31,2022-03-31,131000000.0,2661000000.0,93000000.0,0.66,671000000.0,0.2521608418,7039000000.0,2147000000.0,4368000000.0,3123000000.0,4892000000.0,103000000.0,-3089000000.0,26306294602.4082,25318294602.4082,11.154636186319353,1.398655139289145,0.24619974428185823,0.8071727992547741,0.017595701813297514,11.154636186319353,0.061015370284117375,9.88586794528681,50.20285229467214,12.25258248831309,0.0,19.320388349514563,0.0,0.37803665293365535,1.3121998078770414,0.0186105980963205,974.3072074966,0.2521608417888012,4.3,1.660063982747627,1.5715749111374075,0.0,-0.05758426966292135,4.358974358974359,6.153846153846154,1.8656784758319398,0.6525479826554804,-0.18169036642217634,Internet Content & Information,Communication Services,SPOT
2021Q4,2021,Q4,2021-12-31,2021-12-31,-39000000.0,2689000000.0,13000000.0,-0.2,712000000.0,0.264782447,7170000000.0,2119000000.0,4372000000.0,3226000000.0,5051000000.0,0.0,-3220000000.0,39666688697.215775,38703688697.215775,11.039190935560388,1.3552386856788592,0.24839609483960948,0.8404907975460123,0.014149363697253852,11.039190935560388,-0.018404907975460124,14.751464744223048,-254.2736454949729,18.719532183678986,0.0,0.0,0.0,0.37503486750348675,1.2789832610043397,-0.005439330543933054,385.1134824972405,0.26478244700632203,0.5121951219512194,0.641933424291531,1.4065363113622154,0.0,0.0658682634730539,-20.5,-0.8266666666666667,-1.0832319972552913,0.6966708096013936,-0.04544214036060038,Internet Content & Information,Communication Services,SPOT
2021Q3,2021,Q3,2021-09-30,2021-09-30,2000000.0,2501000000.0,75000000.0,-0.41,668000000.0,0.267093162734906,6989000000.0,2117000000.0,4037000000.0,3075000000.0,4872000000.0,0.0,-3285000000.0,37207672851.72258,36452672851.72258,11.055668959284446,1.3128455284552845,0.25139504936328516,0.8299480396787907,0.0002077930713478299,11.055668959284446,0.000944733112895607,14.877118293371684,4650.959106465323,17.57566029840462,0.0,0.0,0.0,0.3578480469308914,1.24,0.00028616397195593076,379.67013114002634,0.267093162734906,-1.157894736842105,1.0120274237360916,1.61745400221918,0.0,0.007541478129713424,1.1,5.25,-0.9561541761155877,0.7438281945271289,0.2519853180746361,Internet Content & Information,Communication Services,SPOT
2021Q2,2021,Q2,2021-06-30,2021-06-30,-20000000.0,2331000000.0,12000000.0,-0.19,663000000.0,0.28442728442728443,7481000000.0,2699000000.0,3751000000.0,2969000000.0,4782000000.0,0.0,-3287000000.0,44474340049.61838,43809340049.61838,14.118106439600506,1.2633883462445268,0.23726774495388317,0.6576509818451278,-0.005940594059405941,14.118106439600506,-0.007410151908114116,19.079510960797244,-555.9292506202297,16.478080789039783,0.0,0.0,0.0,0.31158935971126855,1.1956887841023913,-0.002673439379762064,1308.0688249887758,0.28442728442728443,0.24,0.9164757989994695,1.522308040508668,0.0,0.20985401459854014,-1.8695652173913044,-0.14285714285714285,0.9524503360423106,0.7152504742355635,1.5307606581877262,Internet Content & Information,Communication Services,SPOT
2021Q1,2021,Q1,2021-03-31,2021-03-31,23000000.0,2147000000.0,14000000.0,-0.25,548000000.0,0.25523986958546807,8037000000.0,3244000000.0,3717000000.0,2936000000.0,4793000000.0,0.0,-3267000000.0,43346530209.288734,42720530209.288734,17.023027533167525,1.266008174386921,0.22595495831778026,0.55980271270037,0.0006554187046728097,17.023027533167525,0.007090012330456227,20.18934802482009,471.15793705748627,13.362062333319583,0.0,0.0,0.0,0.26713947990543735,1.202656675749319,0.002861764339927834,1057.2324441289936,0.25523986958546807,0.6212121212121212,1.127032053301181,1.662819186825272,0.0,-0.04695652173913043,1.184,1.2028985507246377,1.1198214483284312,0.6595936090328272,16.739787076906786,Internet Content & Information,Communication Services,SPOT
2020Q4,2020,Q4,2020-12-31,2020-12-31,-125000000.0,2168000000.0,-69000000.0,-0.66,575000000.0,0.26522140221402213,6326000000.0,2805000000.0,2366000000.0,2900000000.0,3521000000.0,0.0,-3290000000.0,49087506501.73973,48513506501.73973,14.77463358592672,0.8158620689655173,0.09121087575086943,0.2057040998217469,-0.012170840500606073,14.77463358592672,-0.044563279857397504,22.641838792315372,-98.17501300347946,17.500002317910777,0.0,0.0,0.0,0.34271261460638636,0.7637931034482759,-0.019759721783117294,681.770923635274,0.26522140221402213,-0.13793103448275876,-0.16034398195020566,0.961726504530128,0.0,0.17586912065439672,-0.2376237623762376,-0.725,0.8032372719534873,0.7701836746059835,1.2263552859126836,Internet Content & Information,Communication Services,SPOT
2020Q3,2020,Q3,2020-09-30,2020-09-30,-101000000.0,1975000000.0,-40000000.0,-0.58,489000000.0,0.24759493670886076,5764000000.0,2466000000.0,2439000000.0,2664000000.0,3298000000.0,0.0,-3165000000.0,39094958382.332344,38504958382.332344,13.058478450661626,0.9155405405405406,0.10270645385149202,0.24006488240064883,-0.00954180444024563,13.058478450661626,-0.040957015409570155,19.794915636623973,-96.76969896616917,15.853592206947422,0.0,0.0,0.0,0.3426439972241499,0.8622372372372372,-0.017522553782095766,372.33293697459374,0.24759493670886076,0.6963350785340314,0.38411542631958145,1.095886705799402,0.0,0.020876826722338204,0.7162921348314607,0.7604790419161677,0.6772148401777472,0.7002954179177975,0.0,Internet Content & Information,Communication Services,SPOT
2020Q2,2020,Q2,2020-06-30,2020-06-30,-356000000.0,1889000000.0,-167000000.0,-1.91,479000000.0,0.25357331921651666,5534000000.0,2123000000.0,2264000000.0,2759000000.0,3411000000.0,0.0,-3064000000.0,42757517368.29478,42221517368.29478,11.380151483806921,0.8205871692642261,0.11058908565233104,0.2882713141780499,-0.039039060730127355,11.380151483806921,-0.167687235044748,22.635001253729367,-30.026346466499145,20.14014006985152,0.0,0.0,0.0,0.34134441633538126,0.7789054005074302,-0.06432959884351283,1710.300694731791,0.25357331921651666,-8.549999999999999,-0.5235503588760128,1.0946539757207607,0.0,0.014830508474576272,-357.0,-8.823529411764707,-0.7030510835764218,0.6870890770579589,0.0,Internet Content & Information,Communication Services,SPOT
2020Q1,2020,Q1,2020-03-31,2020-03-31,1000000.0,1848000000.0,-17000000.0,-0.2,472000000.0,0.2554112554112554,5026000000.0,2013000000.0,2143000000.0,2339000000.0,3013000000.0,0.0,-2708000000.0,20537408903.81305,20210408903.81305,10.878357140453112,0.9162035057716973,0.12415439713489852,0.30998509687034276,-0.0001271493855692928,10.878357140453112,0.0004967709885742673,11.113316506392342,5134.352225953262,10.202388923901166,0.0,0.0,0.0,0.36768802228412256,0.8764429243266353,0.00019896538002387584,-977.9718525625261,0.2554112554112554,0.8245614035087719,1.005687862168024,1.3603433454356382,0.0,-0.004219409282700422,1.0047846889952152,0.7792207792207793,1.0052409608082347,0.8576010357382253,0.0,Internet Content & Information,Communication Services,SPOT
2019Q4,2019,Q4,2019-12-31,2019-12-31,-209000000.0,1855000000.0,-77000000.0,-1.14,474000000.0,0.2555256064690027,5122000000.0,2037000000.0,2231000000.0,2439000000.0,3085000000.0,0.0,-2709000000.0,24423975635.30573,23980975635.30573,11.134644427784446,0.914719147191472,0.12143693869582195,0.30535100638193424,-0.02835206381812961,11.134644427784446,-0.10260186548846342,13.166563684800932,-29.215281860413555,11.990169678598788,0.0,0.0,0.0,0.3621632174931667,0.8868388683886839,-0.04080437329168294,142.83026687313293,0.2555256064690027,-4.166666666666667,-1.0133741931557998,0.7419054031091742,0.0,0.07482993197278912,-1.8672199170124482,-2.425925925925926,-1.0133741931557998,0.7419054031091742,0.0,Internet Content & Information,Communication Services,SPOT
2019Q3,2019,Q3,2019-09-30,2019-09-30,241000000.0,1731000000.0,54000000.0,0.36,441000000.0,0.25476603119584057,5036000000.0,1942000000.0,1978000000.0,2456000000.0,3094000000.0,0.0,-2500000000.0,18744347960.80704,18485347960.80704,10.7970709092239,0.8053745928338762,0.1227164416203336,0.31822863027806386,0.015166771554436752,10.7970709092239,0.12409886714727085,10.82862389416929,19.444344357683654,9.652084428839876,0.0,0.0,0.0,0.3437251787132645,0.7756514657980456,0.04785544082605242,416.54106579571203,0.25476603119584057,1.8571428571428572,2.542951299777022,0.9286569847235323,0.0,0.016129032258064516,4.171052631578948,19.0,2.542951299777022,0.9286569847235323,0.0,Internet Content & Information,Communication Services,SPOT
2019Q2,2019,Q2,2019-06-30,2019-06-30,-76000000.0,1667000000.0,-3000000.0,-0.42,434000000.0,0.26034793041391724,5113000000.0,1945000000.0,1992000000.0,2633000000.0,3168000000.0,0.0,-2741000000.0,23235308560.201355,22873308560.201355,10.781051722358928,0.7565514622104064,0.1069822022296108,0.2812339331619537,-0.0012716047317081335,10.781051722358928,-0.0390745501285347,13.938397456629486,-76.43193605329392,11.946174066941571,0.0,0.0,0.0,0.32603168394289067,0.7314849981010254,-0.014864071973401134,464.7061712040271,0.26034793041391724,0.4683544303797469,0.6636713352495701,0.9114344420925262,0.0,0.16353887399463807,0.4647887323943662,0.9361702127659575,0.6636713352495701,0.9114344420925262,0.0,Internet Content & Information,Communication Services,SPOT
2019Q1,2019,Q1,2019-03-31,2019-03-31,-142000000.0,1511000000.0,-47000000.0,-0.79,373000000.0,0.2468563864990073,5593000000.0,2462000000.0,2071000000.0,2507000000.0,3131000000.0,0.0,-2665000000.0,22577333553.06345,22197333553.06345,13.63131475985308,0.8260869565217391,0.10477382442338637,0.2380178716490658,-0.010867122801418555,13.63131475985308,-0.057676685621445976,14.941981173437094,-39.748826677928605,9.170322320496933,0.0,0.0,0.0,0.2701591274807795,0.8053450339050658,-0.025388878955837656,131.26356716897354,0.2468563864990073,-3.194444444444444,0.17250082809775108,0.9772784770467753,0.0,-0.06516290726817042,-1.3212669683257918,-1.5,0.17250082809775108,0.9772784770467753,0.0,Internet Content & Information,Communication Services,SPOT
2018Q4,2018,Q4,2019-02-06,2018-12-31,442000000.0,1495000000.0,94000000.0,0.36,399000000.0,0.26688963210702343,4336000000.0,2094000000.0,2246000000.0,2147000000.0,2242000000.0,0.0,-2505000000.0,17951899352.49288,17060899352.492882,11.564716401508264,1.0461108523521192,0.0,0.0,0.041250419473915174,11.564716401508264,0.2110792741165234,12.007959433105606,10.153789226523124,8.573017837866706,0.0,0.0,0.0,0.3447878228782288,1.0284117373078714,0.10193726937269372,211.19881591168095,0.26688963210702343,0.5652173913043477,5.302030319063456,0.4183872898288348,0.0,0.16666666666666666,9.279069767441861,16.666666666666668,5.302030319063456,0.4183872898288348,0.0,Internet Content & Information,Communication Services,SPOT
2018Q3,2018,Q3,2018-11-01,2018-09-30,43000000.0,1352000000.0,-6000000.0,0.23,342000000.0,0.2529585798816568,4133000000.0,1594000000.0,2160000000.0,2451000000.0,2539000000.0,0.0,-2947000000.0,28142545231.250916,27047545231.250916,8.830510070426698,0.8812729498164015,0.0,0.0,0.001973865409921351,8.830510070426698,0.026976160602258468,20.815492034948903,163.61944901890067,17.655298137547625,0.0,0.0,0.0,0.32712315509315265,0.8669930640554876,0.010404064843939027,907.8240397177715,0.2529585798816568,1.1045454545454545,1.2743117284738137,0.5009815820353511,0.0,0.03951367781155015,1.1091370558375635,0.9333333333333333,1.2743117284738137,0.5009815820353511,0.0,Internet Content & Information,Communication Services,SPOT
2018Q2,2018,Q2,2018-07-26,2018-06-30,-394000000.0,1273000000.0,-90000000.0,-2.2,329000000.0,0.2584446190102121,3360000000.0,999000000.0,2058000000.0,2280000000.0,2361000000.0,0.0,-2990000000.0,26055542321.614304,25245542321.614304,5.5786019882695905,0.9026315789473685,0.0,0.0,-0.09054973340687626,5.5786019882695905,-0.3943943943943944,20.46782586144093,-16.5327045187908,26.081623945559862,0.0,0.0,0.0,0.3788690476190476,0.8859649122807017,-0.11726190476190476,1042.221692864572,0.2584446190102121,-1.1782178217821784,-0.7565676399911418,0.47051878334724623,0.0,0.1625441696113074,-1.331360946745562,-1.1951219512195121,-0.7565676399911418,0.47051878334724623,0.0,Internet Content & Information,Communication Services,SPOT
2018Q1,2018,Q1,2018-05-02,2018-03-31,-169000000.0,1139000000.0,-41000000.0,-1.01,283000000.0,0.24846356453028973,3202000000.0,161000000.0,1938000000.0,1948000000.0,3041000000.0,0.0,-2596000000.0,20321102817.809006,20610102817.809006,0.9595959331060787,0.9948665297741273,0.31917551530293564,6.3478260869565215,-0.03253968253968254,0.9595959331060787,-1.049689440993789,17.84117894452064,-30.060802984924564,126.21802992427953,0.0,0.0,0.0,0.3557151780137414,0.9748459958932238,-0.05277951280449719,267.3829318132764,0.24846356453028973,0.6981644513630862,-0.060177915334369975,0.6045007478530251,0.0,0.0035460992907801418,0.7164429530201343,0.5287356321839081,-0.060177915334369975,0.6045007478530251,0.0,Internet Content & Information,Communication Services,SPOT
2017Q4,2017,Q4,2018-03-26,2017-12-31,-596000000.0,1149000000.0,-87000000.0,-3.346193,282000000.0,0.2454308093994778,3107000000.0,1182000000.0,1898000000.0,1860000000.0,1925000000.0,0.0,-2427000000.0,22084693913.320522,21608693913.320522,6.6362425078394125,1.0204301075268818,0.000321853878339234,0.0008460236886632825,-0.07347972972972973,6.6362425078394125,-0.5042301184433164,19.22079539888644,-9.263713889815655,18.684174207546974,0.0,0.0,0.0,0.36981010621177984,1.0048387096774194,-0.19182491149018346,311.0520269481764,0.2454308093994778,-1.0194991737791668,-4.897173684621369,0.10820505954941605,0.0,0.22608695652173913,-1.143884892086331,-0.1917808219178082,-4.897173684621369,0.10820505954941605,0.0,Internet Content & Information,Communication Services,SPOT
2017Q3,2017,Q3,2017-09-30,2017-09-30,-278000000.0,1032000000.0,-73000000.0,-1.656942,230000000.0,0.22286821705426357,,,,,,,,21219879479.67785,,,0.0,0.0,0.0,0.0,,0.0,20.56189872061807,-19.082625431364974,0.0,0.0,0.0,0.0,0.0,0.0,0.0,-235.77643866308722,0.22286821705426357,-0.4787233093147657,-0.9080324944912774,0.23266032697191552,0.0,-0.008620689655172414,-0.4787234042553192,0.0759493670886076,-0.9080324944912774,0.23266032697191552,0.0,Internet Content & Information,Communication Services,SPOT
2017Q2,2017,Q2,2017-06-30,2017-06-30,-188000000.0,1007000000.0,-79000000.0,-1.120522,232000000.0,0.23038728897715988,,,,,,,,21850648191.19248,,,0.0,0.0,0.0,0.0,,0.0,21.698756892941883,-29.056713020202764,0.0,0.0,0.0,0.0,0.0,0.0,0.0,326.12907748048474,0.23038728897715988,-0.08670483232294249,0.10539949531252811,0.24157876676763068,0.0,1.2095238095238094,-0.08670520231213873,0.4316546762589928,0.10539949531252811,0.24157876676763068,0.0,Internet Content & Information,Communication Services,SPOT
2017Q1,2017,Q1,2017-03-31,2017-03-31,-173000000.0,902000000.0,-139000000.0,-1.031119,105000000.0,0.1164079822616408,,,,,,,,23393443957.64384,,,0.0,0.0,0.0,0.0,,0.0,25.93508199295326,-33.80555485208647,0.0,0.0,0.0,0.0,0.0,0.0,0.0,259.92715508493154,0.1164079822616408,-0.8172059497374076,-0.085270883744651,0.27064062736034117,0.0,-0.3137254901960784,-1.035294117647059,-0.5977011494252874,-0.085270883744651,0.27064062736034117,0.0,Internet Content & Information,Communication Services,SPOT
2016Q4,2016,Q4,2016-12-31,2016-12-31,-85000000.0,872000000.0,-87000000.0,-0.56742,153000000.0,0.17545871559633028,,,,,,,,21107397628.8,,,0.0,0.0,0.0,0.0,,0.0,24.205731225688073,-62.08058126117646,0.0,,0.0,,0.0,0.0,0.0,0.0,0.17545871559633028,0.34659143251957614,0.0,0.0,0.0,0.35398230088495575,0.34615384615384615,-0.3181818181818182,0.0,0.0,0.0,Internet Content & Information,Communication Services,SPOT
2016Q3,2016,Q3,2016-09-30,2016-09-30,-130000000.0,747000000.0,-66000000.0,-0.8684,113000000.0,0.15127175368139223,,,,,,,,19882048166.1,,,0.0,0.0,0.0,0.0,,0.0,26.615860998795178,-38.23470801173077,0.0,,0.0,,0.0,0.0,0.0,0.0,0.15127175368139223,0.3066888083414502,0.0,0.0,0.0,0.08653846153846154,0.2972972972972973,0.2826086956521739,0.0,0.0,0.0,Internet Content & Information,Communication Services,SPOT
2016Q2,2016,Q2,2016-06-30,2016-06-30,-185000000.0,714000000.0,-92000000.0,-1.25254,104000000.0,0.14565826330532214,,,,,,,,19754858147.429996,,,0.0,0.0,0.0,0.0,,0.0,27.667868553823524,-26.695754253283777,0.0,,0.0,,0.0,0.0,0.0,0.0,0.14565826330532214,-0.31832438690664144,0.0,0.0,0.0,2.3548387096774195,-0.33093525179856115,0.1320754716981132,0.0,0.0,0.0,Internet Content & Information,Communication Services,SPOT
2016Q1,2016,Q1,2016-03-31,2016-03-31,-139000000.0,619000000.0,-106000000.0,-0.9501,31000000.0,0.050080775444264945,,,,,,,,19129643032.5,,,0.0,0.0,0.0,0.0,,0.0,30.904108291599353,-34.40583279226618,0.0,,0.0,,0.0,0.0,0.0,0.0,0.050080775444264945,0.0,0.0,0.0,0.0,0.0,0.0,0.0,0.0,0.0,0.0,Internet Content & Information,Communication Services,SPOT
