Quarters,Year,Quarter,FillingDate,Date,NetIncome,Revenue,OperatingIncome,EPSDiluted,GrossProfit,GrossProfitRatio,TotalAssets,CommonStockEquity,CurrentAssets,CurrentLiability,TotalLiability,Inventory,RetainedEarnings,MarketCap,EnterpriseValue,bookValuePerShare,currentRatio,debtToAssets,debtToEquity,roic,shareholdersEquityPerShare,roe,priceToSalesRatio,peRatio,pbRatio,payoutRatio,inventoryTurnover,dividendYield,assetTurnover,quickRatio,returnOnAssets,priceToFreeCashFlowsRatio,grossProfitMargin,epsdilutedGrowth,fiveYNetIncomeGrowthPerShare,fiveYRevenueGrowthPerShare,fiveYShareholdersEquityGrowthPerShare,grossProfitGrowth,netIncomeGrowth,operatingIncomeGrowth,threeYNetIncomeGrowthPerShare,threeYRevenueGrowthPerShare,threeYShareholdersEquityGrowthPerShare,Industry,Sector,Symbol
2023Q3,2023,Q3,2022-12-31,2022-12-31,-3095461.0,15200.0,-3382343.0,-0.0311,15200.0,1.0,28963598.0,25874784.0,21043071.0,2835392.0,3088814.0,2844565.0,-70700601.0,208575498.1507921,196091516.1507921,0.2602984796912777,7.421573807078527,0.048786894501159694,0.0546108520171608,-0.11771573995900136,0.2602984796912777,-0.11963234166515167,13722.072246762638,-16.845269424392043,8.060956108881609,0.0,0.0,0.0,0.0005247966775398554,6.067852699027154,-0.10687418738514462,-58.02856591419836,1.0,0.2066326530612245,-5.243412040045385,0.0,-0.265516700623765,1.1310277054635105,0.07441022249120298,0.02688735076089002,-14.37837894098078,0.0,-0.23072377681610381,Medical Instruments & Supplies,Healthcare,ZTEK
2023Q2,2023,Q2,2022-09-12,2022-09-30,-3344312.0,0.0,-3475798.0,-0.0392,-116006.0,0.0,31383173.0,28432513.0,23932269.0,2399900.0,2950660.0,1468079.0,-67623503.0,193517807.95462498,177439466.95462498,0.333513834820846,9.972194258094087,0.053865840780344294,0.059455912321221834,-0.11237491882412418,0.333513834820846,-0.11762280738252015,0.0,-14.466189754023025,6.806215403985746,0.0,0.07901890838299573,0.0,0.0,8.831860494187257,-0.10656385828163392,-42.803948738776604,0.0,0.22376237623762385,-7.485843415512388,0.0,-0.04866088946617623,0.053746074472857785,0.3331549396764907,0.3121696451293596,-6.9903491314509205,0.0,-0.016266651341753587,Medical Instruments & Supplies,Healthcare,ZTEK
2023Q1,2023,Q1,2022-06-30,2022-06-30,-5015126.0,33105.0,-5053278.0,-0.0505,-122595.0,-3.7032170367,35298122.0,30836986.0,28560698.0,3617841.0,4461136.0,1176463.0,-64213448.0,229788504.7966256,209164136.7966256,0.3105487069941156,7.894403872364761,0.05561230707967976,0.06365764799452191,-0.1523307952490943,0.3105487069941156,-0.16263346878323323,6941.20238020316,-11.454772262781914,7.451717388872752,0.0,0.1323458536307559,0.0,0.0009378685925557173,7.20055137857081,-0.14207911684366664,-59.441999709404,-3.7032170367014046,0.04536862003780717,-4.869509759591987,0.0,-0.1244025036016904,0.8269475895187507,-0.028447812865343574,-0.041071117335630854,-8.895236179850793,0.0,-0.06160436991746619,Medical Instruments & Supplies,Healthcare,ZTEK
2022Q4,2022,Q4,2022-03-31,2022-03-31,-4876403.0,-365576.0,-4853922.0,-0.0529,-708427.0,1.9378378231,37984520.0,34549061.0,31959099.0,2304834.0,3435459.0,665572.0,-59179246.0,351265473.1638045,326821345.1638045,0.37498518605452646,13.866117473102184,0.0587310830833192,0.0645711326278882,-0.1294095535709029,0.37498518605452646,-0.14114429911713086,-960.8548514229722,-18.008431274230436,10.167149641601098,0.0,0.5151223308672841,0.0,-0.009624341705515826,13.138110597118924,-0.12837869216196493,-76.40163875412077,1.9378378230518414,-1.543269230769231,-4.142834374537375,0.0,0.038203150536983255,-2.6319367337630326,-1.5461865444431042,-1.5344482160675321,-5.488881683972544,0.0,0.11965185943321502,Medical Instruments & Supplies,Healthcare,ZTEK
2022Q3,2022,Q3,2021-12-31,2021-12-31,-1915179.0,555097.0,-1915179.0,-0.0208,434102.0,0.7820290868,7458420.0,6184860.0,5153974.0,1100748.0,1273560.0,271040.0,-53259400.0,455589028.3687568,452827791.3687568,0.06712862262222405,4.682246981143732,0.042234280182666034,0.05093098307803248,-0.2810297552613685,0.06712862262222405,-0.3096559986806492,820.7376879513972,-59.47081556981838,73.66197915049925,0.0,0.44641012396694213,0.0,0.07442554857463109,3.65149516510591,-0.2567807927148109,-115.46422204962465,0.7820290868082516,0.3066666666666667,-0.6603027693643212,0.0,-0.8206895410527384,5.1286141856787895,0.35027757347453325,0.35122662601626015,-1.468283126092596,0.0,-0.8243990537142228,Medical Instruments & Supplies,Healthcare,ZTEK
2022Q2,2022,Q2,2021-09-30,2021-09-30,-2947688.0,150145.0,-2952000.0,-0.03,70832.0,0.47175730127543375,30952580.0,29690000.0,4049234.0,1051514.0,1262580.0,0.0,-25297054.0,532627508.38528275,529713824.38528275,0.30216902093379955,3.85086075886769,0.011191151109212866,0.011667059616032335,-0.09716026737505015,0.30216902093379955,-0.09928218255304816,3547.4208823822487,-45.17332807825004,17.93962641917423,0.0,0.0,0.0,0.004850807267116344,3.4664740555047295,-0.09523238450558887,-241.30414775481518,0.47175730127543375,-0.4999999999999999,-0.49999999491126595,0.0,-0.3469982374900521,1.9899512236027448,-0.5851713784975738,-0.5782661206892403,-0.9317135921229437,0.0,-0.10914201694902441,Medical Instruments & Supplies,Healthcare,ZTEK
2022Q1,2022,Q1,2021-06-30,2021-06-30,-1859539.0,0.0,-1870407.0,-0.02,-71551.0,0.0,32327076.0,31453219.0,4925701.0,626499.0,873857.0,0.0,-22349366.0,304582788.46861196,300479264.46861196,0.3570714185431517,7.862264744237421,0.011633839076568508,0.011957059148699534,-0.05807744323583052,0.3570714185431517,-0.05912078506177698,0.0,-40.948695949454674,9.68367620715107,0.0,0.0,0.0,0.0,7.462139604372872,-0.05752264757876648,-248.8092168100398,0.0,-0.4336917562724014,-2.197368192796301,0.0,-0.11148455978309549,0.26101236276504547,-0.512967966758525,-0.5036755661674264,-4.276268299606682,0.0,0.007855922104191705,Medical Instruments & Supplies,Healthcare,ZTEK
2021Q4,2021,Q4,2021-03-31,2021-03-31,-1229067.0,0.0,-1243890.0,-0.01395,-96823.0,0.0,30250328.0,27462288.0,3385378.0,2506167.0,2788040.0,0.0,-20489827.0,229868058.70454398,227180834.70454398,0.3117645329910612,1.350818999691561,0.013365970775589606,0.014722917478689321,-0.043998893846394486,0.3117645329910612,-0.044754719635887584,0.0,-46.75661674761099,8.370317094647904,0.0,0.0,0.0,0.0,1.2811987389507562,-0.04062987350087576,-357.85762900706624,0.0,0.3025,-0.1697696865843759,0.0,-0.13009959792654155,-5.810846933033202,0.3350740927285741,0.34536033101171826,-1.1243582434414578,0.0,-0.09987292012924114,Medical Instruments & Supplies,Healthcare,ZTEK
2021Q3,2021,Q3,2020-12-31,2020-12-31,-1848427.0,0.0,-1900114.0,-0.02,-14216.0,0.0,28855694.0,27827403.0,2473995.0,723989.0,1028291.0,0.0,-19260760.0,307926539.7264495,306231383.7264495,0.3260964110871643,3.4171720841062503,0.015460484159556169,0.01603178708411992,-0.06616076679767222,0.3260964110871643,-0.06642470373537912,0.0,-41.64710585357841,11.065586671039675,0.0,0.0,0.0,0.0,3.1413957946874884,-0.064057617189869,-384.05892436156734,0.0,-2.891246857960256,-0.5346868314734655,0.0,-0.1177884403864007,-0.3501757051951752,-3.2509285259262835,-3.186591811958392,-3.34287578219627,0.0,-0.07985491035476334,Medical Instruments & Supplies,Healthcare,ZTEK
2021Q2,2021,Q2,2020-09-30,2020-09-30,-434829.0,0.0,-453857.0,-0.005139740738649451,-10529.0,0.0,27942513.0,27498019.0,2493837.0,444494.0,444494.0,0.0,-17412333.0,66774472.53181922,64548190.53181922,0.3250305027642053,5.610507678393859,0.0,0.0,-0.016505079875026633,0.3250305027642053,-0.015813102754783898,0.0,-38.39122536204992,2.4283375661286444,0.0,0.0,0.0,0.0,5.216713836407241,-0.015561556686043235,-107.25323935742188,0.0,-0.16047431443880134,0.7425951009630785,0.0,-0.01329489136176819,-1.0128082584591855,-0.2203088735908309,-0.025243854505039735,-0.11181065442837872,0.0,-0.0728593626043682,Medical Instruments & Supplies,Healthcare,ZTEK
2021Q1,2021,Q1,2020-06-30,2020-06-30,-356327.0,0.0,-442682.0,-0.004429,-5231.0,0.0,27374966.0,26541271.0,2110844.0,833695.0,833695.0,0.0,-17094504.0,49249536.28438501,47381840.28438501,0.3298882009724872,2.531913949345984,0.0,0.0,-0.016679005312141986,0.3298882009724872,-0.013425393230037852,0.0,-34.5536096649882,1.8555831890788126,0.0,0.0,0.0,0.0,2.2989690474334137,-0.013016527582171243,2776.8119240180995,0.0,0.44007585335018967,0.8074207942374325,0.0,-0.08480904750944049,0.5532114793303724,0.43986600560248745,-0.10079647492086227,0.4852978573047937,0.0,-0.06987446298295015,Medical Instruments & Supplies,Healthcare,ZTEK
2020Q4,2020,Q4,2020-03-31,2020-03-31,-636146.0,0.0,-402147.0,-0.00791,-11708.0,0.0,26238658.0,25711083.0,1074072.0,527575.0,527575.0,0.0,-16904177.0,24861208.718604278,24055261.718604278,0.3195695833829623,2.035865990617448,0.0,0.0,-0.01564099808631165,0.3195695833829623,-0.024742092738761722,0.0,-9.77024484890429,0.966945216527996,0.0,0.0,0.0,0.0,1.6746130881865138,-0.024244608851565503,-35.25547449860428,0.0,-2.9061728395061732,0.2438829440871723,0.0,-0.10733091430394288,-0.09114631873252563,-3.0396890915325705,0.23459762545536214,0.2317068654439454,0.0,-0.11522331915336276,Medical Instruments & Supplies,Healthcare,ZTEK
2020Q3,2020,Q3,2019-12-31,2019-12-31,-157474.0,0.0,-525406.0,-0.002025,-10730.0,0.0,26863028.0,26314099.0,1702355.0,548929.0,548929.0,0.0,-16378531.0,28439394.279301602,26983962.279301602,0.33836802938474947,3.101229849397645,0.0,0.0,-0.01996671062155691,0.33836802938474947,-0.005984396425657591,0.0,-45.14934890728248,1.080766408886035,0.0,0.0,0.0,0.0,2.8068220115898415,-0.005862109066781303,-121.47357884547071,0.0,0.5875763747454176,0.8461980438436879,0.0,-0.07816327286985936,-7.222222222222222,0.5719140098299335,-2.425312987453374,0.838262868846495,0.0,-0.0961690517097977,Medical Instruments & Supplies,Healthcare,ZTEK
2020Q2,2020,Q2,2019-09-30,2019-09-30,-367856.0,0.0,368625.0,-0.00491,-1305.0,0.0,25674339.0,25402395.0,1143976.0,271944.0,271944.0,0.0,-16334688.0,29624932.16172,28566537.16172,0.3390286964203653,4.206660194745977,0.0,0.0,0.014511426973716454,0.3390286964203653,-0.014481154237622083,0.0,-20.133511592661257,1.1662259468731198,0.0,0.0,0.0,0.0,4.159724060836054,-0.014327769061552082,-97.74753580527657,0.0,0.038015651540190945,0.7541245129493964,0.0,-0.14247817041221678,-0.1487676056338028,0.0304295455204388,1.965752940159341,0.7545236578078368,0.0,-0.26734270899182994,Medical Instruments & Supplies,Healthcare,ZTEK
2020Q1,2020,Q1,2019-06-30,2019-06-30,-379401.0,0.0,-381697.0,-0.005104033145509265,-1136.0,0.0,25006884.0,24599639.0,637735.0,407245.0,407245.0,0.0,-16406131.0,25966536.824140504,25437859.824140504,0.33093579833359005,1.56597379955555,0.0,0.0,-0.015516365910898123,0.33093579833359005,-0.015423031207896993,0.0,-17.110219019019784,1.0555657676171792,0.0,0.0,0.0,0.0,1.5159670468636817,-0.01517186227600368,-119.53586473263347,0.0,0.37450574197190384,0.5581141866922594,0.0,-0.11323674028900468,0.3068944478340451,0.37424275160933324,0.3753557325513081,0.2269441783396295,0.0,-0.17651889434447168,Medical Instruments & Supplies,Healthcare,ZTEK
2019Q4,2019,Q4,2019-03-31,2019-03-31,-606307.0,0.0,-611063.0,-0.00816,-1639.0,0.0,25541869.0,24895227.0,1466514.0,646642.0,646642.0,0.0,-16311674.0,29697227.151896995,28475735.151896995,0.3349123059058284,2.267891661846895,0.0,0.0,-0.02454538775645629,0.3349123059058284,-0.02435434712043397,0.0,-12.245127943392125,1.1928883858699901,0.0,0.0,0.0,0.0,2.2247704293875126,-0.02373776954223671,135.43618240395216,0.0,0.18399999999999997,0.3614597616557609,0.0,-0.1152053089019927,-0.21138211382113822,-0.084977273540675,-0.04735044229282682,0.31617903466601227,0.0,-0.06551156806799954,Medical Instruments & Supplies,Healthcare,ZTEK
2019Q3,2019,Q3,2018-12-31,2018-12-31,-558820.0,0.0,-583437.0,-0.01,-1353.0,0.0,25600868.0,25366501.0,2882255.0,234367.0,234367.0,0.0,-16528367.0,26665060.497929,23874435.497929,0.3822793899582827,12.298041106469768,0.0,0.0,-0.023000294758823852,0.3822793899582827,-0.022029841640358677,0.0,-11.929181354429424,1.0511919045487985,0.0,0.0,0.0,0.0,12.282253900933151,-0.021828166138741858,-27.04443990085824,0.0,0.5,0.578237602702669,0.0,-0.03416036569657789,-0.24128440366972478,0.4456447769663133,0.42555422526613446,0.40332700695917983,0.0,0.03420732445008702,Medical Instruments & Supplies,Healthcare,ZTEK
2019Q2,2019,Q2,2018-09-30,2018-09-30,-1008054.0,0.0,-1015652.0,-0.02,-1090.0,0.0,22596951.0,22016422.0,446308.0,580529.0,580529.0,0.0,-16201047.0,27232873.363722738,26856333.363722738,0.3391887671017359,0.7687953573378763,0.0,0.0,-0.04613156488370363,0.3391887671017359,-0.04578645885330505,0.0,-6.753823050085298,1.2369345647409347,0.0,0.0,0.0,0.0,0.7536229886879037,-0.04461017771822402,-81.97808337740177,0.0,-3.998751941389643,0.2222247574087295,0.0,-0.3181038825398678,0.0,-2.9535870605399808,-2.9320178240283696,0.22222476047636264,0.0,0.02968578778214139,Medical Instruments & Supplies,Healthcare,ZTEK
2019Q1,2019,Q1,2018-06-30,2018-06-30,-254972.0,0.0,-258303.0,-0.004000998696174558,0.0,0.0,22860403.0,22577753.0,773447.0,282650.0,282650.0,0.0,-18265151.0,31372726.61758939,30665515.61758939,0.3542881583685707,2.7364125243233683,0.0,0.0,-0.011440598185302143,0.3542881583685707,-0.011293063574572722,0.0,-30.760952788531085,1.3895415818212464,0.0,0.0,0.0,0.0,2.5863506102954186,-0.011153434171742293,-356.15614809891804,0.0,0.39101998536155896,0.7544387526051873,0.0,-0.18947670724564566,0.0,0.39084106612131,0.45348313180361166,0.8260261383341653,0.0,-0.017117568444043156,Medical Instruments & Supplies,Healthcare,ZTEK
2018Q4,2018,Q4,2018-03-31,2018-03-31,-418564.0,0.0,-472635.0,-0.00657,0.0,0.0,22224303.0,22072268.0,172151.0,152035.0,152035.0,0.0,-18010179.0,43715190.51404589,43618452.51404589,0.3463561312207435,1.132311638767389,0.0,0.0,-0.02141306910554004,0.3463561312207435,-0.018963343504165498,0.0,-26.110218816026872,1.980548193508972,0.0,0.0,0.0,0.0,0.8201072121550959,-0.018833616514317683,-102.52347725577846,0.0,-0.31724673849033436,0.6975892154078916,0.0,0.08676402807485627,0.0,-0.3323741282003126,-0.4703722945877756,0.37190554447037444,0.0,-0.03250676203582485,Medical Instruments & Supplies,Healthcare,ZTEK
2018Q3,2018,Q3,2017-12-31,2017-12-31,-314149.0,0.0,-321439.0,-0.004987676042781266,0.0,0.0,22489832.0,22321694.0,503292.0,168138.0,168138.0,0.0,-19251365.0,42595150.841731794,42135281.841731794,0.35439673020794066,2.9933269100381827,0.0,0.0,-0.014400295963200643,0.35439673020794066,-0.014073707846725254,0.0,-33.89725165584786,1.908240066445306,0.0,0.0,0.0,0.0,2.799789458658959,-0.01396849029374697,-198.83834768803936,0.0,-0.0789165538062754,0.6178488904656088,0.0,0.4322621934807088,0.0,-0.08064532773774101,-0.0627839312283022,0.6211647175510322,0.0,-0.034495302423994546,Medical Instruments & Supplies,Healthcare,ZTEK
2018Q2,2018,Q2,2017-09-30,2017-09-30,-290705.0,0.0,-302450.0,-0.004622856165460992,0.0,0.0,22207801.0,22045534.0,277916.0,162267.0,162267.0,0.0,-19030216.0,57089490.9409716,56878866.9409716,0.3505730302979994,1.712708067567651,0.0,0.0,-0.013719331997129214,0.3505730302979994,-0.013186571030667707,0.0,-49.09572499696565,2.5896170598984627,0.0,0.0,0.0,0.0,1.454923058909082,-0.013090219963696541,-237.15843912285737,0.0,0.5377143834539008,0.5369627059533385,0.0,0.06467682074178566,0.0,0.46275478051313707,0.44332067637136,0.7684813532136999,0.0,-0.11327852326539681,Medical Instruments & Supplies,Healthcare,ZTEK
2018Q1,2018,Q1,2017-06-30,2017-06-30,-541103.0,0.0,-543311.0,-0.01,0.0,0.0,22374073.0,22303208.0,515913.0,70865.0,70865.0,0.0,-18739511.0,62094306.470678404,62056242.470678404,0.3546706200868885,7.280222959147675,0.0,0.0,-0.02436021759739675,0.3546706200868885,-0.024261218386162207,0.0,-28.688764648633622,2.7840975374788415,0.0,0.0,0.0,0.0,6.660467085303041,-0.02418437626443786,-112.42451200513905,0.0,0.02818270165208944,0.11345483277978016,0.0,0.42168556848261135,0.0,0.16389098348496836,0.1635230777047156,0.25503753016853276,0.0,-0.049637794473543544,Medical Instruments & Supplies,Healthcare,ZTEK
2017Q4,2017,Q4,2017-03-31,2017-03-31,-647168.0,0.0,-649523.0,-0.01029,0.0,0.0,22796268.0,22712968.0,1106607.0,83300.0,83300.0,0.0,-18198408.0,60365139.58296,59981171.58296,0.36118671558699783,13.284597839135655,0.0,0.0,-0.028597011187617576,0.36118671558699783,-0.02849332592728524,0.0,-23.318960294297618,2.657738943803382,0.0,0.0,0.0,0.0,12.629783913565426,-0.028389208268651694,-70.79368679036133,0.0,-0.029000000000000033,-0.681756176414989,0.0,0.39976956221258236,0.0,0.16470524459909808,0.16273766709205048,0.19433297763081914,0.0,-0.045791740670284874,Medical Instruments & Supplies,Healthcare,ZTEK
2017Q3,2017,Q3,2016-12-31,2016-12-31,-774778.0,0.0,-775770.0,-0.01,0.0,0.0,23247851.0,23167515.0,1767713.0,80336.0,80336.0,0.0,-17776740.0,53214096.37190856,52895972.37190856,0.37437092636056335,22.003995717984466,0.0,0.0,-0.033485248633701115,0.37437092636056335,-0.03344243005777702,0.0,-17.17075613011358,2.2969272436818775,0.0,0.0,0.0,0.0,20.190176259709222,-0.03332686535198458,-64.11939480084702,0.0,0.5,-0.6150919642882456,0.0,0.4234226325323337,0.0,0.24297351406860526,0.24289047837938335,0.37298845266159414,0.0,-0.054141321483801304,Medical Instruments & Supplies,Healthcare,ZTEK
2017Q2,2017,Q2,2016-09-30,2016-09-30,-1023449.0,0.0,-1024647.0,-0.02,0.0,0.0,23912932.0,23679460.0,2483769.0,233472.0,233472.0,0.0,-17001962.0,66901754.78163099,66053708.78163099,0.4627384461756277,10.638402035361842,0.0,0.0,-0.0432715526452039,0.4627384461756277,-0.04322096027527655,0.0,-16.342229749999998,2.82530745133677,0.0,0.0,0.0,0.0,10.545307360197368,-0.042798975884680304,-118.37184554671849,0.0,-2.029195930439975,-0.9246242858773058,0.0,0.729856978010038,0.0,-1.5895219709179789,-1.5861405780311806,-0.0016260085515236269,0.0,-0.06972287867053012,Medical Instruments & Supplies,Healthcare,ZTEK
2017Q1,2017,Q1,2016-06-30,2016-06-30,-395227.0,0.0,-396207.0,-0.0066024121447618295,0.0,0.0,24108660.0,24056591.0,3021048.0,52069.0,52069.0,0.0,-15978514.0,43267052.634792,40353402.634792,0.40187418516439444,58.02008872841806,0.0,0.0,-0.0164697899216061,0.40187418516439444,-0.016429052645073442,0.0,-27.36848231193213,1.7985529468739772,0.0,0.0,0.0,0.0,57.57139564808235,-0.016393569779490025,-128.78133848491396,0.0,0.44657065006187513,-2.3702228179562765,0.0,0.4642458793428114,0.0,0.44647473873207677,0.4460804804838392,0.5947770331361186,0.0,-0.08061169943603226,Medical Instruments & Supplies,Healthcare,ZTEK
2016Q4,2016,Q4,2016-03-31,2016-03-31,-714018.0,0.0,-715279.0,-0.01193,0.0,0.0,21544685.0,21453648.0,515629.0,91037.0,91037.0,0.0,-15583287.0,54514994.583693,54345396.583693,0.35839106666458853,5.663949822599602,0.0,0.0,-0.03334067008091118,0.35839106666458853,-0.03328189219847366,0.0,-19.087402062585607,2.5410594311835917,0.0,0.0,0.0,0.0,5.342267429726375,-0.03314125966566696,-113.3214733636681,0.0,0.15390070921985816,-0.2696165345512845,0.0,0.2753156908414458,0.0,0.14328908704995313,0.14312394579467913,0.4508074106197093,0.0,0.12452612824174536,Medical Instruments & Supplies,Healthcare,ZTEK
2016Q3,2016,Q3,2015-12-31,2015-12-31,-833441.0,0.0,-834752.0,-0.0141,0.0,0.0,21921242.0,21826910.0,886987.0,94332.0,94332.0,0.0,-14869269.0,47510112.228,47290914.228,0.3696351601082983,9.402821948013399,0.0,0.0,-0.03824416740619721,0.3696351601082983,-0.0381841039340887,0.0,-14.251192414340066,2.1766760493354305,0.0,0.0,0.0,0.0,9.282247805622694,-0.03801978920719912,-84.20568795228769,0.0,0.2938701923076923,0.2921287487838627,0.0,-0.23803947839536949,0.0,0.3774902154103552,0.3769754253872483,-0.08141593757138887,0.0,0.49384692373903327,Medical Instruments & Supplies,Healthcare,ZTEK
2016Q2,2016,Q2,2015-09-30,2015-09-30,-1338840.0,0.0,-1339838.0,-0.019968,0.0,0.0,22125277.0,22087218.0,1366329.0,38059.0,38059.0,0.0,-14676828.0,76321405.52583681,76267992.52583681,0.32940997256291227,35.90028639743556,0.0,0.0,-0.06066123854982552,0.32940997256291227,-0.06061605404537593,0.0,-14.25140523248424,3.4554557991792723,0.0,0.0,0.0,0.0,35.445072124858775,-0.0605117847790109,-75.15766425255032,0.0,0.0,-0.7892069029398976,0.0,0.0,0.0,-0.020840910494568463,-0.02120942583560656,-0.9999999955126001,0.0,0.0004054276816446667,Medical Instruments & Supplies,Healthcare,ZTEK
2016Q1,2016,Q1,2015-06-30,2015-06-30,-1311507.0,0.0,-1312011.0,-0.019968,0.0,0.0,20814920.0,20556126.0,412858.0,258794.0,258794.0,0.0,-13382613.0,81790482.1402596,81597156.1402596,0.36045832847750986,1.5953151927788125,0.0,0.0,-0.06382579091021333,0.36045832847750986,-0.06380127267170867,0.0,-15.59093511133749,3.978886008981439,0.0,0.0,0.0,0.0,1.5162407165544796,-0.06300802501282733,-121.22100974958515,0.0,-0.9089866156787761,-3.5108599902262236,0.0,0.0,0.0,-1.1992346737721495,-1.199180007743999,-1.3694494707123868,0.0,0.44488540807326116,Medical Instruments & Supplies,Healthcare,ZTEK
2015Q4,2015,Q4,2015-03-31,2015-03-31,-596347.0,0.0,-596591.0,-0.01046,0.0,0.0,20596475.0,20415553.0,493512.0,180922.0,180922.0,0.0,-12071106.0,107126769.1331396,106994284.1331396,0.3579933353844986,2.7277611346326043,0.0,0.0,-0.02922237766471474,0.3579933353844986,-0.029210425992379437,0.0,-44.909578287951305,5.2473116517166885,0.0,0.0,0.0,0.0,2.5906910160179524,-0.028953837974701982,-78.93573844178054,0.0,0.20757575757575752,-0.5753678740187311,0.0,1.624151191516743,0.0,0.1978060116089024,0.2030630305701939,-0.7088382205279078,0.0,0.38739370170850473,Medical Instruments & Supplies,Healthcare,ZTEK
2015Q3,2015,Q3,2014-12-31,2014-12-31,-743395.0,0.0,-748605.0,-0.0132,0.0,0.0,21080760.0,20725601.0,1327226.0,355159.0,355159.0,0.0,-11474759.0,84199873.83709441,84023105.83709441,0.3670585250363758,3.736991037816865,0.0,0.0,-0.036119821085043566,0.3670585250363758,-0.03586844116124787,0.0,-28.315994134038572,4.062602278076009,0.0,0.0,0.0,0.0,3.697833927902714,-0.03526414607442995,-120.72410748919921,0.0,0.3389423076923077,0.0,0.0,0.0,0.0,0.28139750469066727,0.2899944516367672,-0.6984201461493522,0.0,0.3956196253805892,Medical Instruments & Supplies,Healthcare,ZTEK
2015Q2,2015,Q2,2014-09-30,2014-09-30,-1034501.0,0.0,-1054365.0,-0.019968,0.0,0.0,20577669.0,20483199.0,1394706.0,94470.0,94470.0,0.0,-10731364.0,97024185.817234,96993335.817234,0.3953586774383794,14.763480469990473,0.0,0.0,-0.05147462561878152,0.3953586774383794,-0.050504855223053785,0.0,-23.447098122001332,4.7367691842096535,0.0,0.0,0.0,0.0,14.554101831269186,-0.050272992533799625,-161.15154071838063,0.0,-0.7213793103448277,-0.7892069087861459,0.0,0.0,0.0,-0.6127212325574507,-0.6052669240700592,-0.921499924448062,0.0,0.4779709199352494,Medical Instruments & Supplies,Healthcare,ZTEK
2015Q1,2015,Q1,2014-06-30,2014-06-30,-641463.0,0.0,-656816.0,-0.0116,0.0,0.0,20921103.0,20725463.0,1957380.0,195640.0,195640.0,0.0,-9696863.0,112251982.02486,111679064.02486,0.3731952070741465,10.00500920057248,0.0,0.0,-0.031691258236305746,0.3731952070741465,-0.030950478645519284,0.0,-43.748424314753926,5.416138690115632,0.0,0.0,0.0,0.0,9.873870374156613,-0.030661050710376024,-422.4573298340308,0.0,0.09162098668754902,-1.2655746070951228,0.0,0.0,0.0,0.09575919728669822,0.0817781866120146,-4.896026283829284,0.0,0.3597527891105283,Medical Instruments & Supplies,Healthcare,ZTEK
2014Q4,2014,Q4,2014-03-31,2014-03-31,-709394.0,0.0,-715313.0,-0.01277,0.0,0.0,21293496.0,21021165.0,2617111.0,272331.0,272331.0,0.0,-9055400.0,176495244.85439998,175868614.85439998,0.37851979592035173,9.610037050501045,0.0,0.0,-0.03402822821665688,0.37851979592035173,-0.033746654859518964,0.0,-62.19930139471153,8.396073426682108,0.0,0.0,0.0,0.0,9.49448281686624,-0.03331505545167407,-97.52379305081429,0.0,0.36047676282051283,-0.9243695649419277,0.0,1.7746135899715292,0.0,0.34836736812227354,0.3495676290065924,-0.35964869890126994,0.0,0.3469427112788681,Medical Instruments & Supplies,Healthcare,ZTEK
2014Q3,2014,Q3,2013-12-31,2013-12-31,-1088641.0,0.0,-1099750.0,-0.019968,0.0,0.0,22310508.0,21579240.0,4141414.0,731268.0,731268.0,0.0,-8346006.0,123487867.60480167,121008846.60480167,0.39580006491863245,5.663332731638743,0.0,0.0,-0.05096333327772433,0.39580006491863245,-0.05044853294184596,0.0,-28.358262183034093,5.7225308956572,0.0,0.0,0.0,0.0,5.650574071339099,-0.048794989338656024,-29.302468104582754,0.0,0.0,0.0,0.0,0.0,0.0,-0.22881985362175536,-0.22109917246172928,-0.0014350754292713978,0.0,-0.18410352568141075,Medical Instruments & Supplies,Healthcare,ZTEK
2014Q2,2014,Q2,2013-09-30,2013-09-30,-885924.0,0.0,-900623.0,-0.019968,0.0,0.0,23444145.0,22069643.0,8365322.0,1374502.0,1374502.0,0.0,-7257365.0,139979556.802813,133346287.802813,0.4974200005201921,6.0860748110952185,0.0,0.0,-0.04080822693869584,0.4974200005201921,-0.040142198947214505,0.0,-39.50100595615792,6.342628958828786,0.0,0.0,0.0,0.0,6.067207614103144,-0.03778871014489972,-44.41979178126943,0.0,0.0,-0.7892068958830641,0.0,0.0,0.0,-0.053607786425132725,-0.0567604068763941,-0.7892068958830641,0.0,0.0,Medical Instruments & Supplies,Healthcare,ZTEK
2014Q1,2014,Q1,2013-06-30,2013-06-30,-840848.0,0.0,-852249.0,-0.019968,0.0,0.0,22948547.0,22557972.0,11173748.0,390575.0,390575.0,0.0,-6371441.0,160011124.396448,150406567.396448,0.4371103971171683,28.608456762465597,0.0,0.0,-0.03778039089684126,0.4371103971171683,-0.03727498198862912,0.0,-47.574331031425416,7.093329329269847,0.0,0.0,0.0,0.0,28.525148819048837,-0.03664057685220768,-66.61334821890289,0.0,0.08066298342541436,-2.195828903213754,0.0,0.0,0.0,0.24981554259917652,0.41361582554525705,-2.195828903213754,0.0,0.0,Medical Instruments & Supplies,Healthcare,ZTEK
2013Q4,2013,Q4,2013-03-31,2013-03-31,-1120855.0,0.0,-1453397.0,-0.02172,0.0,0.0,16947928.0,16447373.0,6862356.0,500555.0,500555.0,0.0,-5536475.0,104250795.42479679,98934150.42479679,0.3187040813582086,13.709494461148125,0.0,0.0,-0.0683333031568612,0.3187040813582086,-0.06814796502760653,0.0,-23.25251603124329,6.338446597204112,0.0,0.0,0.0,0.0,13.631445095943503,-0.06613522313760124,-63.445773250368674,0.0,-0.6580152671755725,-2.271972685846072,0.0,1.3361543698548017,0.0,-1.0228315364319205,-1.6046261151313785,-2.271972685846072,0.0,1.3361543698548017,Medical Instruments & Supplies,Healthcare,ZTEK
2013Q3,2013,Q3,2012-12-31,2012-12-31,-554102.0,0.0,-558006.0,-0.0131,0.0,0.0,11383057.0,10504945.0,2408580.0,878112.0,878112.0,0.0,-4447620.0,29768218.3312407,28779891.3312407,0.2474384451541512,2.7429075106592324,0.0,0.0,-0.05311841232866998,0.2474384451541512,-0.05274677782701385,0.0,-13.430838695421013,2.8337338587913306,0.0,0.0,0.0,0.0,2.7336307896942533,-0.048677784886783926,-76.44755268761382,0.0,-0.31209935897435903,0.0,0.0,0.0,0.0,-0.8955841703385424,-0.8805746812662401,0.0,0.0,0.0,Medical Instruments & Supplies,Healthcare,ZTEK
2013Q2,2013,Q2,2012-09-30,2012-09-30,-292312.0,0.0,-296721.0,-0.009984,0.0,0.0,10536595.0,9640797.0,1786103.0,895798.0,895798.0,0.0,-3893518.0,12365125.007885,12257833.007885,0.3292764747651281,1.993868037213747,0.0,0.0,-0.030777642138922746,0.3292764747651281,-0.030320314803848687,0.0,-10.575280015775098,1.2825832768686034,0.0,0.0,0.0,0.0,1.979556775076524,-0.02774254870762329,-27.132150797247096,0.0,0.0,0.10539654652282947,0.0,0.0,0.0,0.2401381888320756,0.26299539994634924,0.10539654652282947,0.0,0.0,Medical Instruments & Supplies,Healthcare,ZTEK
2013Q1,2013,Q1,2012-06-30,2012-06-30,-384691.0,0.0,-402604.0,-0.009984,0.0,0.0,10880153.0,9887733.0,2359175.0,992420.0,992420.0,0.0,-3601206.0,10649197.375336,10611168.375336,0.24947191414866393,2.377194131516898,0.0,0.0,-0.03961563313791407,0.24947191414866393,-0.038905884695713364,0.0,-6.920617700528477,1.0770110171194955,0.0,0.0,0.0,0.0,2.358840007254993,-0.035357131466809334,-6.7650203508013185,0.0,-0.6313725490196079,-0.9037586772719874,0.0,0.0,0.0,-0.5860799366707622,-0.2470040915947308,-0.9037586772719874,0.0,0.0,Medical Instruments & Supplies,Healthcare,ZTEK
2012Q4,2012,Q4,2012-03-31,2012-03-31,-242542.0,0.0,-322857.0,-0.00612,0.0,0.0,11263260.0,10227048.0,3842802.0,1025512.0,1036212.0,0.0,-3216515.0,14612028.620872,13499843.620872,0.2580329829547648,3.747203348181201,0.0,0.0,-0.02515851348591296,0.2580329829547648,-0.02371573889161369,0.0,-15.061338470112393,1.4287630820616075,0.0,0.0,0.0,0.0,3.7258111070372655,-0.0215339075898097,-25.28723876227758,0.0,0.3870192307692308,0.07810589961403364,0.0,0.8914250427151532,0.0,0.21057804973310768,0.1310864346384472,0.07810589961403364,0.0,0.8914250427151532,Medical Instruments & Supplies,Healthcare,ZTEK
2012Q3,2012,Q3,2011-12-31,2011-12-31,-307240.0,0.0,-371564.0,-0.009984,0.0,0.0,11668042.0,10424214.0,4584501.0,1171328.0,1243828.0,0.0,-2973973.0,14962517.866193999,13247490.866193999,0.2630075690833582,3.913934440225112,0.0,0.0,-0.02987766764926796,0.2630075690833582,-0.029473685018362054,0.0,-12.174942932393243,1.4353617324235668,0.0,0.0,0.0,0.0,3.8996139424653045,-0.026331753005345713,-8.458781047261704,0.0,0.03999999999999997,0.0,0.0,0.0,0.0,0.2540346566505369,0.2844258964319898,0.0,0.0,0.0,Medical Instruments & Supplies,Healthcare,ZTEK
2012Q2,2012,Q2,2011-09-30,2011-09-30,-411869.0,0.0,-519253.0,-0.0104,0.0,0.0,11878835.0,10602309.0,6360454.0,1144726.0,1276526.0,0.0,-2666733.0,15211819.839854002,11727918.839854002,0.267500985375071,5.5563112919598225,0.0,0.0,-0.04002523027314625,0.267500985375071,-0.03884710396574935,0.0,-9.233409069299949,1.4347648082935522,0.0,0.0,0.0,0.0,5.439105078420513,-0.03467250786798537,-15.409602082583968,0.0,-4.30871392731113,0.06884882688710818,0.0,0.0,0.0,-4.304445818200551,-0.0382464383904024,0.06884882688710818,0.0,0.0,Medical Instruments & Supplies,Healthcare,ZTEK
2012Q1,2012,Q1,2011-06-30,2011-06-30,-77646.0,0.0,-500125.0,-0.001959043215061244,0.0,0.0,12260176.0,10878053.0,7363342.0,1158223.0,1382123.0,0.0,-2254863.0,14053298.903434,12582232.903434,0.274458129494457,6.357447572704047,0.0,0.0,-0.007321794280490801,0.274458129494457,-0.0071378582178262965,0.0,-45.24798091155372,1.2918946895583245,0.0,0.0,0.0,0.0,6.33941132234466,-0.006333188039062408,-6.758625999757613,0.0,0.791369199673989,0.6157455041696823,0.0,0.0,0.0,0.7914782309782901,-0.07412394869548036,0.6157455041696823,0.0,0.0,Medical Instruments & Supplies,Healthcare,ZTEK
2011Q4,2011,Q4,2011-03-31,2011-03-31,-372364.0,0.0,-465612.0,-0.00939,0.0,0.0,12149852.0,11138188.0,9255037.0,1011664.0,1011664.0,0.0,-1389973.0,14140847.8906546,13590468.8906546,0.2810214515812349,9.148330868746935,0.0,0.0,-0.0351564492321345,0.2810214515812349,-0.0334312906192641,0.0,-9.493968194196135,1.269582439320884,0.0,0.0,0.0,0.0,9.12359834885891,-0.03064761611910993,-29.9901761353901,0.0,0.5297475961538461,-0.41534321806581936,0.0,1.0599343734056401,0.0,0.25945460041684565,0.2904062532861299,-0.41534321806581936,0.0,1.0599343734056401,Medical Instruments & Supplies,Healthcare,ZTEK
2011Q3,2011,Q3,2010-12-31,2010-12-31,-502824.0,0.0,-656167.0,-0.019968,0.0,0.0,12570690.0,12233626.0,10194748.0,337064.0,337064.0,0.0,-1017609.0,9327008.363736,-230885.6362640001,0.48511064501068235,30.245733747893574,0.0,0.0,-0.04117980432175023,0.48511064501068235,-0.041101795984281354,0.0,-4.637312640076846,0.7624075121910708,0.0,0.0,0.0,0.0,30.19941613462132,-0.03999971361953879,9.76749299534717,0.0,-0.7828571428571428,0.0,0.0,0.0,0.0,-0.9858846203973949,-1.6475107225138494,0.0,0.0,0.0,Medical Instruments & Supplies,Healthcare,ZTEK
2011Q2,2011,Q2,2010-09-30,2010-09-30,-253199.0,0.0,-247843.0,-0.0112,0.0,0.0,,,,,,,,8563160.8851896,,,0.0,0.0,0.0,0.0,,0.0,0.0,-8.454971075309935,0.0,0.0,0.0,0.0,0.0,0.0,0.0,-14.430210163795902,0.0,-1.1968123623883489,0.0,0.0,0.0,0.0,-1.2281779381352576,-0.40864706952212065,0.0,0.0,0.0,Medical Instruments & Supplies,Healthcare,ZTEK
2011Q1,2011,Q1,2010-06-30,2010-06-30,-113635.0,0.0,-175944.0,-0.005098296145704265,0.0,0.0,,,,,,,,8735489.6645275,,,0.0,0.0,0.0,0.0,,0.0,0.0,-19.218307881655083,0.0,0.0,0.0,0.0,0.0,0.0,0.0,-8.693448149277593,0.0,0.2321843154059842,0.0,0.0,0.0,0.0,0.2319416563592,-0.14595369134073663,0.0,0.0,0.0,Medical Instruments & Supplies,Healthcare,ZTEK
2010Q4,2010,Q4,2010-03-31,2010-03-31,-147951.0,0.0,-153535.0,-0.00664,0.0,0.0,3196598.0,3040697.0,2559477.0,155901.0,0.0,0.0,-147951.0,8334527.184008899,6215341.184008899,0.13642252646943742,16.417322531606597,0.0,0.0,-0.04871531781907987,0.13642252646943742,-0.04865693622218853,0.0,-14.083255915825001,2.740992339588226,0.0,0.0,0.0,0.0,16.372422242320447,-0.04628389306381347,0.0,0.0,0.0,0.0,0.0,0.0,0.0,0.0,0.0,0.0,0.0,0.0,Medical Instruments & Supplies,Healthcare,ZTEK
2010Q3,2010,Q3,2009-12-31,2009-12-31,0.0,0.0,0.0,0.0,0.0,0.0,,,,,,,,8677349.280166,,,0.0,0.0,0.0,0.0,,0.0,0.0,0.0,0.0,0.0,0.0,,0.0,0.0,0.0,0.0,0.0,0.0,0.0,0.0,0.0,0.0,0.0,0.0,0.0,0.0,0.0,Medical Instruments & Supplies,Healthcare,ZTEK
