Year,Date,FillingDate,NetIncome,Revenue,OperatingIncome,EPSDiluted,GrossProfit,GrossProfitRatio,TotalAssets,CommonStockEquity,CurrentAssets,CurrentLiability,TotalLiability,Inventory,RetainedEarnings,EnterpriseValue,bookValuePerShare,currentRatio,debtToAssets,debtToEquity,roic,shareholdersEquityPerShare,roe,priceToSalesRatio,peRatio,pbRatio,payoutRatio,inventoryTurnover,dividendYield,assetTurnover,quickRatio,returnOnAssets,priceToFreeCashFlowsRatio,grossProfitMargin,epsdilutedGrowth,fiveYNetIncomeGrowthPerShare,fiveYRevenueGrowthPerShare,fiveYShareholdersEquityGrowthPerShare,grossProfitGrowth,netIncomeGrowth,operatingIncomeGrowth,threeYNetIncomeGrowthPerShare,threeYRevenueGrowthPerShare,threeYShareholdersEquityGrowthPerShare,Industry,Sector,Price,MarketCap,AvgVolume,Symbol
2022,2022-12-31,2023-03-31,-27730741.0,0.0,-26911515.0,-0.82,0.0,0.0,31036413.0,17234565.0,27642506.0,4512328.0,13801848.0,3568455.0,-118230463.0,42108865.61,0.5121751732635612,6.125996603083818,0.32617487078806434,0.5873834355552345,-0.9266694572757106,0.5121751732635612,-1.6090189105440142,0.0,-1.9779164072824449,3.1825049027927306,0.0,0.0,0.0,0.0,5.329246012257975,-0.8934905267564264,-2.1111858495308757,0.0,-0.7826086956521737,-0.5962731257931115,0.0,-0.00025988810331382614,-1.0,-1.293034067721335,-1.0855685155935713,0.43659735601976746,0.0,-0.37400344407774583,Biotechnology,Healthcare,2.41,91587230,585806,EYEN
2021,2021-12-31,2022-03-30,-12093471.0,14000000.0,-12903683.0,-0.46,12400000.0,0.8857142857,31659058.0,20466615.0,22001857.0,11172494.0,11192443.0,0.0,-90219306.0,92984842.0,0.7774864011397017,1.9692878778901113,0.22585536183672933,0.3493673966115061,-0.4421935295666719,0.7774864011397017,-0.5908876968663357,7.521166,-8.706873651079992,5.14478451859284,0.0,0.0,0.0,0.44221151494779154,1.9035065044563908,-0.3819908665633703,-4.681303638753638,0.8857142857142857,0.5053763440860215,-0.29194772195975416,0.0,1.567463063885404,9.333333333333334,0.3853210752706098,0.3476143276594508,0.7476590023919536,0.0,-0.5633789679556854,Biotechnology,Healthcare,2.41,91587230,585806,EYEN
2020,2020-12-31,2021-03-30,-19674452.0,2000000.0,-19779225.0,-0.93,1200000.0,0.6,33906760.0,15303885.0,33391345.0,18198377.0,18602875.0,1600000.0,-77440919.0,99683043.35999998,0.7268629160625658,1.8348529102347972,0.013665505049730495,0.030276821865820345,-1.248396506454137,0.7268629160625658,-1.2855854575488512,63.79575917999999,-6.4851370884434285,8.33719793111357,0.0,0.5,0.0,0.0589852878894946,1.7220143862279587,-0.5802516076440214,-19.199591418777093,0.6,0.36301369863013694,-1.175989852006708,0.0,2.011333079273819,0.0,0.06265842049899976,0.0717702251265971,-0.81001008179655,0.0,0.4187997602609304,Biotechnology,Healthcare,2.41,91587230,585806,EYEN
2019,2019-12-31,2020-03-30,-20989629.0,0.0,-21308544.0,-1.46,0.0,0.0,14697619.0,11740607.0,14349281.0,2911661.0,2957012.0,-95233.0,-57671052.0,50176725.24000001,0.8181757046714023,4.928211422964418,0.002891624827123359,0.003619915052092281,-1.7876643421309568,0.8181757046714023,-1.7877805636454742,0.0,-3.062790020728809,5.475596469586284,0.0,0.0,0.0,0.0,4.893369798201095,-1.4280972312590223,-3.3682799583840497,0.0,0.19780219780219785,-2.4061533222000016,0.0,2.3896344271924383,0.0,-0.2165708926183039,-0.23481670005805946,-3.1134666637625967,0.0,1.7018297663251194,Biotechnology,Healthcare,2.41,91587230,585806,EYEN
2018,2018-12-31,2019-03-27,-17253108.0,0.0,-17256443.0,-1.82,0.0,0.0,20015494.0,16875069.0,19860956.0,3098841.0,3140425.0,0.0,-36514294.0,7280412.1000000015,1.7806893028020496,6.409156197429942,0.0,0.0,-1.022599848332472,1.7806893028020496,-1.0224022195109246,0.0,-1.5654345930020261,1.6005038023844524,0.0,0.0,0.0,0.0,6.3663156644693935,-0.8619876181921865,-2.055599330088298,0.0,-2.5253212981705135,-3.2394872731555897,0.0,6.377248835976222,0.0,-2.363187470065714,-2.36227767811616,-3.2394872731555897,0.0,6.377248835976222,Biotechnology,Healthcare,2.41,91587230,585806,EYEN
2017,2017-12-31,2018-04-02,-5129987.0,0.0,-5132367.0,-0.516265,0.0,0.0,5643320.0,5090673.0,5286660.0,552647.0,552647.0,0.0,-19261186.0,93322920.04,0.5123083161001444,9.566070203945738,0.0,0.0,-1.0081902726810383,0.5123083161001444,-1.0077227509997204,0.0,-19.214947531056122,19.363339786311162,0.0,0.0,0.0,0.0,9.4988500797073,-0.9090370562009598,-20.789976647971546,0.0,-0.4501825842696629,-0.20219764182025987,0.0,1.1224510770427583,0.0,-0.45183805144161093,-0.4518964961215749,-0.20219764182025987,0.0,1.1224510770427583,Biotechnology,Healthcare,2.41,91587230,585806,EYEN
2016,2016-12-31,2016-12-31,-3533443.0,0.0,-3534940.0,-0.356,0.0,0.0,3432815.0,3009081.0,3389623.0,423734.0,423734.0,0.0,-14131199.0,95185480.32,0.30282281839845154,7.999412367192625,0.0,0.0,-1.1747573428565068,0.30282281839845154,-1.1742598487711031,0.0,-27.897087435682423,32.758429673378686,0.0,0.0,0.0,0.0,7.993901834641544,-1.0293135517061072,-30.361275267112887,0.0,0.17100183031618363,0.17195066822678817,0.0,0.2545699471668911,0.0,0.17195066822678817,0.1720678349101005,0.17195066822678817,0.0,0.2545699471668911,Biotechnology,Healthcare,2.41,91587230,585806,EYEN
2015,2015-12-31,2015-12-31,-4267189.0,0.0,-4269601.0,-0.429434,0.0,0.0,2818319.0,2398496.0,2805444.0,419823.0,419823.0,0.0,-10597756.0,96080157.32,0.2413757950142959,6.682444744570926,0.0,0.0,-1.7801159559990927,0.2413757950142959,-1.7791103258041707,0.0,-23.100164609535693,41.097741384601015,0.0,0.0,0.0,0.0,5.937290238981666,-1.5140901367091517,-25.696002260621622,0.0,0.0,0.0,0.0,0.0,0.0,0.0,0.0,0.0,0.0,0.0,Biotechnology,Healthcare,2.41,91587230,585806,EYEN
TTM,,,,,,,,,,,,,,,,84117129.0,0.42271068882185675,5.085378969114234,0.3751762057632949,0.695353599738963,-0.9113188208439102,0.42271068882185675,-1.4111104248598731,0.0,-3.3195994599657133,5.701298935016163,0.0,0.0,0.0,0.0,3.9664360733505064,-0.9266542188187278,-3.596205772330241,0.0,,,,,,,,,,,Biotechnology,Healthcare,2.41,91587230,585806,EYEN
