Quarters,Year,Quarter,FillingDate,Date,NetIncome,Revenue,OperatingIncome,EPSDiluted,GrossProfit,GrossProfitRatio,TotalAssets,CommonStockEquity,CurrentAssets,CurrentLiability,TotalLiability,Inventory,RetainedEarnings,MarketCap,EnterpriseValue,bookValuePerShare,currentRatio,debtToAssets,debtToEquity,roic,shareholdersEquityPerShare,roe,priceToSalesRatio,peRatio,pbRatio,payoutRatio,inventoryTurnover,dividendYield,assetTurnover,quickRatio,returnOnAssets,priceToFreeCashFlowsRatio,grossProfitMargin,epsdilutedGrowth,fiveYNetIncomeGrowthPerShare,fiveYRevenueGrowthPerShare,fiveYShareholdersEquityGrowthPerShare,grossProfitGrowth,netIncomeGrowth,operatingIncomeGrowth,threeYNetIncomeGrowthPerShare,threeYRevenueGrowthPerShare,threeYShareholdersEquityGrowthPerShare,Industry,Sector,Symbol
2023Q1,2023,Q1,2023-05-11,2023-03-31,-6385000.0,5482000.0,-7512000.0,-0.0065,3835000.0,0.6995622036,279598000.0,263058000.0,130163000.0,8597000.0,16540000.0,2743000.0,-142789000.0,207455344.7156,200684344.7156,0.2684403174878161,15.140514132837037,0.005658123448665584,0.006013882869937428,-0.02916721330730601,0.2684403174878161,-0.024272213732332792,37.84300341400949,-8.12276212668755,0.7886296737434331,0.0,0.6004374772147284,0.0,0.0196067210781193,14.256601139932535,-0.022836357913862043,-22.483509777349084,0.6995622035753375,-1.2413793103448276,0.7287486024476336,0.0,5.69524220900265,-0.10689333954354914,-1.2730509077963688,-0.46261682242990654,0.7002752062864969,0.0,15.277253146163199,Drug Manufacturers—Specialty & Generic,Healthcare,ZOM
2022Q4,2022,Q4,2023-03-15,2022-12-31,-2809000.0,6157000.0,-5136000.0,-0.0029,4294000.0,0.6974175735,279610000.0,267392000.0,123501000.0,7811000.0,12218000.0,2746000.0,-136404000.0,159727620.476,134066620.47600001,0.27287012646976033,15.81116374343874,0.00621580057937842,0.0064998204882719,-0.013805649075028218,0.27287012646976033,-0.010505175921493538,25.942442825401983,-14.215701359558562,0.5973537745183102,0.0,0.6784413692643846,0.0,0.022019956367798004,14.973242862629625,-0.010046135688995386,-59.53321672605293,0.6974175734935846,0.4313725490196079,0.9004224518806665,0.0,4.630065702509087,0.2058410558831789,0.43763763763763763,0.220873786407767,0.8812566535292579,0.0,14.410281660021417,Drug Manufacturers—Specialty & Generic,Healthcare,ZOM
2022Q3,2022,Q3,2022-11-14,2022-09-30,-4995000.0,4776000.0,-6592000.0,-0.0051,3561000.0,0.7456030151,282299000.0,268781000.0,127103000.0,7126000.0,13518000.0,2400000.0,-133597000.0,206768691.877,163309691.877,0.2742813260807231,17.83651417344934,0.005795273805433246,0.006086739762111161,-0.021413961559241888,0.2742813260807231,-0.018583902880039884,43.293277193676715,-10.348783377227228,0.7692831408358478,0.0,0.50625,0.0,0.016918232087255004,16.992983440920572,-0.017694005292261044,-61.8142576612855,0.7456030150753769,0.05555555555555554,0.781228784817701,0.0,2.973977232935707,0.17292490118577075,0.05272141096150199,-0.12108843537414966,0.8065694544510964,0.0,4.887140351289816,Drug Manufacturers—Specialty & Generic,Healthcare,ZOM
2022Q2,2022,Q2,2022-08-15,2022-06-30,-5273000.0,4246000.0,-5880000.0,-0.0054,3036000.0,0.7150259067,275478000.0,266220000.0,194626000.0,4474000.0,9258000.0,4819000.0,-128601000.0,215675916.92679998,30619916.926799983,0.2716808758016642,43.50156459544032,0.006196502080020909,0.006411990083389677,-0.020334234781251466,0.2716808758016642,-0.019806926602058447,50.79508170673575,-10.22548439819837,0.8101416757824356,0.0,0.25108943764266445,0.0,0.015413209040286339,41.90701832811801,-0.01914127443933817,-52.42487042459893,0.7150259067357513,-0.35000000000000003,0.7040187995026749,0.0,4.666020631569222,0.099601593625498,-0.33934467868935736,-0.36300417246175243,0.7583332060574218,0.0,2.820575235798795,Drug Manufacturers—Specialty & Generic,Healthcare,ZOM
2022Q1,2022,Q1,2022-05-10,2022-03-31,-3937000.0,3751000.0,-4314000.0,-0.004,2761000.0,0.7360703812,277990000.0,269041000.0,198450000.0,4118000.0,8949000.0,3606000.0,-123328000.0,330226188.116,139166188.116,0.27455974196737865,48.190869354055366,0.004593690420518724,0.004746488453432748,-0.014836320486877342,0.27455974196737865,-0.01463345735408358,88.03684034017596,-20.96940488417577,1.227419568452392,0.0,0.27454242928452577,0.0,0.013493291125580056,46.903351141330745,-0.014162379941724522,-129.2976460908379,0.7360703812316716,-0.1764705882352942,0.8122152963611542,0.0,7.377910996900176,-0.09805816267162946,-0.19665944476460734,0.2516730675159501,0.9652913444923726,0.0,15.731428445187758,Drug Manufacturers—Specialty & Generic,Healthcare,ZOM
2021Q4,2021,Q4,2022-03-01,2021-12-31,-3289992.0,4080792.0,-5764860.0,-0.0034,3061173.0,0.7501418842,280399293.0,270885343.0,200407506.0,4339700.0,9513950.0,2847985.0,-119391398.0,299908434.29399997,106335112.29399997,0.2768390219666491,46.18003686890799,0.004917580159519161,0.00509029386650868,-0.012326149899808538,0.2768390219666491,-0.012145330432292899,73.49270295913145,-22.789450118267762,1.1071416082264738,0.0,0.3580141749342079,0.0,0.014553503171636029,45.099363320045164,-0.01173323928459406,-58.979019928409066,0.7501418842224744,0.47692307692307695,0.9052292091997953,0.0,4.652631890588887,662.3094257854822,0.4841700982242865,0.10039605381837702,0.9597786117730548,0.0,6.635520153705928,Drug Manufacturers—Specialty & Generic,Healthcare,ZOM
2021Q3,2021,Q3,2021-11-12,2021-09-30,-6378056.0,22514.0,-6408220.0,-0.0065,4615.0,0.2049835658,277502151.0,271560312.0,274734109.0,4872152.0,5941839.0,1423923.0,-116101406.0,512241648.78599995,242307570.78599995,0.2775288258362435,56.38865720938099,0.005322355140951683,0.005438810219072071,-0.023462928300055183,0.2775288258362435,-0.023486701547168646,22752.138615350446,-20.07828281791505,1.88629054449606,0.0,0.012570202180876353,0.0,8.113090265739958e-05,55.76105589480788,-0.022983807430018804,-98.52443643699824,0.20498356578129165,-0.5116279069767441,0.5073344635873842,0.0,3.4492223995765614,1.228657781301095,-0.3539582658447602,-0.20261172476150333,0.6774969283183263,0.0,8.013128557851942,Drug Manufacturers—Specialty & Generic,Healthcare,ZOM
2021Q2,2021,Q2,2021-08-11,2021-06-30,-4710674.0,15693.0,-5328586.0,-0.0043,-20183.0,-1.2861148283,280352284.0,276068013.0,277498957.0,3397315.0,4284271.0,793898.0,-109755719.0,810763782.5386,535743034.53859997,0.2835373747274601,81.68184492753836,0.004241335162441551,0.00430715600506749,-0.0169672935362938,0.2835373747274601,-0.01706345457704294,51664.04017960874,-43.0280137480645,2.936826232521911,0.0,0.0451896843171289,0.0,5.5976001964728064e-05,81.38267455328693,-0.01680269528319591,-435.7162378933135,-1.2861148282673804,0.10416666666666659,0.637191778894968,0.0,9.73235917498261,-3.3840066146940706,-0.10671454068872903,-0.3760664116609836,0.8918111100092155,0.0,4.541640451293403,Drug Manufacturers—Specialty & Generic,Healthcare,ZOM
2021Q1,2021,Q1,2021-05-12,2021-03-31,-4256449.0,14124.0,-3872332.0,-0.0048,8466.0,0.5994052676,280468723.0,277527890.0,278549574.0,1962363.0,2940833.0,309658.0,-105045045.0,1406588133.3200002,1131798873.3200002,0.3117430439036999,141.94599775882443,0.006462752711288952,0.006531235473306845,-0.014549680914989687,0.3117430439036999,-0.01533701351601095,99588.51128009064,-82.61511727968549,5.068276681381464,0.0,0.018271770792293432,0.0,5.0358556379921194e-05,141.07802684824367,-0.015176198452616765,-529.5023830142214,0.5994052676295667,0.0,0.776532700524288,0.0,8.512521599172587,0.0,-0.006171130804287028,0.062046868444943094,0.8009544718939927,0.0,6.775267163442209,Drug Manufacturers—Specialty & Generic,Healthcare,ZOM
2020Q4,2020,Q4,2021-02-26,2020-12-31,-4230343.0,0.0,-4128492.0,-0.0048,0.0,0.0,66144034.0,51065863.0,62865724.0,2028776.0,15078171.0,0.0,-68969625.0,205290647.8124,145167090.8124,0.057361541469541394,30.98702074551355,0.028243605462587903,0.03658306920221832,-0.07710799855465961,0.057361541469541394,-0.08284091859957404,0.0,-12.13203325430113,4.020115117067541,0.0,0.0,0.0,0.0,30.62827537392004,-0.06395653158983318,-76.05438963197706,0.0,0.4725274725274726,0.8660620699275557,0.0,0.17123545770627782,0.0,0.15099690570487834,0.1743730992896015,0.8349301235083474,0.0,0.18352731187122875,Drug Manufacturers—Specialty & Generic,Healthcare,ZOM
2020Q3,2020,Q3,2020-11-12,2020-09-30,-4982718.0,0.0,-5000433.0,-0.0091,0.0,0.0,56604345.0,53379789.0,53094317.0,2070252.0,3224556.0,0.0,-64796423.0,60614660.7678,9978815.767800003,0.09695863499779031,25.646306343382353,0.024676462557777147,0.026167113549287354,-0.08906687397937546,0.09695863499779031,-0.09334465522147344,0.0,-3.0412447969060263,1.135535788045172,0.0,0.0,0.0,0.0,25.19592252537372,-0.08802712936612905,-10.7031733356618,0.0,0.631578947368421,-3.746781827364736,0.0,1.0521519406849587,0.0,0.06228524778110545,0.05697490544634699,0.6115519369947651,0.0,0.40480365004630986,Drug Manufacturers—Specialty & Generic,Healthcare,ZOM
2020Q2,2020,Q2,2020-08-10,2020-06-30,-5313682.0,0.0,-5302545.0,-0.0247,0.0,0.0,32761587.0,29578961.0,30068192.0,1963965.0,3182626.0,0.0,-59816448.0,51108251.6022,23456359.6022,0.13768490608270179,15.30994289613104,0.04429446595490017,0.049060445361823225,-0.163424347137787,0.13768490608270179,-0.17964397059112389,0.0,-2.404559192768781,1.7278582436414855,0.0,0.0,0.0,0.0,14.911439358644374,-0.16219244812529993,-8.93418432742572,0.0,-0.13824884792626724,-4.5486453044780015,0.0,1.6289227091315444,0.0,-1.0655102123319193,-1.2723482103561632,-0.3604636571934056,0.0,1.8714774870270063,Drug Manufacturers—Specialty & Generic,Healthcare,ZOM
2020Q1,2020,Q1,2020-05-11,2020-03-31,-2572576.0,0.0,-2333509.0,-0.0217,0.0,0.0,5034530.0,1951643.0,2159505.0,1801763.0,3082887.0,0.0,-54508459.0,22449211.0612,22456378.0612,0.01649174557140138,1.1985510857976327,0.29872083392094195,0.7705912403036825,-0.4939304994777344,0.01649174557140138,-1.3181591100421541,0.0,-2.1815887131420024,11.502724146373083,0.0,0.0,0.0,0.0,0.9097839171966569,-0.5109863284159594,-10.33037234418421,0.0,0.09958506224066388,-109.98612371717152,0.0,16.284258484051715,0.0,0.09949853438746357,0.1833024761571441,-0.016040150959237633,0.0,-0.4967711741325158,Drug Manufacturers—Specialty & Generic,Healthcare,ZOM
2019Q4,2019,Q4,2020-02-26,2019-12-31,-2856826.0,0.0,-2857250.0,-0.0241,0.0,0.0,4182984.0,2095459.0,1806789.0,2087525.0,2087525.0,0.0,-52057841.0,39170737.276,38660151.276,0.01770701746339016,0.8655172991940216,0.0,0.0,-1.3634425604457174,0.01770701746339016,-1.363341396801369,0.0,-3.427819656849945,18.693153755811974,0.0,0.0,0.0,0.0,0.27698063496245556,-0.682963645091638,-20.65898510545272,0.0,0.08712121212121213,-1.527783536162754,0.0,-0.5245202247565515,0.0,-0.0034541719822184258,-0.004529656169424048,0.3195630317700711,0.0,-0.6384496271886426,Drug Manufacturers—Specialty & Generic,Healthcare,ZOM
2019Q3,2019,Q3,2019-11-12,2019-09-30,-2846992.0,0.0,-2844366.0,-0.0264,0.0,0.0,6611024.0,5033499.0,4061068.0,1577525.0,1577525.0,0.0,-49200803.0,40168676.3764,37681025.3764,0.04658990778445271,2.574328774504366,0.0,0.0,-0.5653479605697923,0.04658990778445271,-0.5656089332688852,0.0,-3.5272909421944285,7.980269068574366,0.0,0.0,0.0,0.0,1.6251045149839147,-0.4306431197345525,-8.9412447986039,0.0,-0.18385650224215244,-4.930379735574921,0.0,-0.393995464688316,0.0,-0.1834473206502785,-0.18960708285567665,-0.9917286319969673,0.0,-0.2530906990140741,Drug Manufacturers—Specialty & Generic,Healthcare,ZOM
2019Q2,2019,Q2,2019-08-08,2019-06-30,-2405677.0,0.0,-2391013.0,-0.0223,0.0,0.0,9479407.0,7682604.0,7306874.0,1796803.0,1796803.0,0.0,-46355124.0,22817709.6576,16995561.6576,0.07110994000484902,4.066597172867588,0.0,0.0,-0.31138609075842566,0.07110994000484902,-0.3131330210433858,0.0,-2.371235795329132,2.970048912790507,0.0,0.0,0.0,0.0,3.293459550100929,-0.2537792712139061,-2.70304354606676,0.0,0.8141666666666667,-6.050699097662852,0.0,-0.12741415837286474,0.0,0.7939583491603874,0.7954947682526128,-0.6697791162414678,0.0,1.6916289881610167,Drug Manufacturers—Specialty & Generic,Healthcare,ZOM
2019Q1,2019,Q1,2019-05-10,2019-03-31,-11675683.0,0.0,-11691696.0,-0.12,0.0,0.0,5894064.0,-1879872.0,3488477.0,7773936.0,7773936.0,0.0,-43950695.0,32034413.387199998,29737682.387199998,-0.018637686290162016,0.44874012340724184,0.0,0.0,6.218758217911563,-0.018637686290162016,6.2108925501310726,0.0,-0.6859216156176902,-17.040741809655124,0.0,0.0,0.0,0.0,0.30546971315431465,-1.980922331348964,-12.086806778545723,0.0,-0.43540669856459335,-17.5423044307928,0.0,-1.330161548201925,0.0,-0.3847342307862909,-0.3891125060683173,-4.410313389914491,0.0,-1.5687100221185235,Drug Manufacturers—Specialty & Generic,Healthcare,ZOM
2018Q4,2018,Q4,2019-02-26,2018-12-31,-8431714.0,0.0,-8416666.0,-0.0836,0.0,0.0,6033519.0,3657000.0,3860958.0,2376519.0,2376519.0,0.0,-32273787.0,124062747.06,122122482.06,0.03625673384311405,1.6246274488022188,0.0,0.0,-2.3042636108520003,0.03625673384311405,-2.3056368608148756,0.0,-3.67845574043427,33.92473258408531,0.0,0.0,0.0,0.0,0.839010334022156,-1.3974786521762839,-37.02470359704072,0.0,-2.87037037037037,-22.80491714788434,0.0,-0.47809170407502855,0.0,-3.4138675103833056,-3.5618340850875168,-1.3562287374436177,0.0,-0.25969262384235076,Drug Manufacturers—Specialty & Generic,Healthcare,ZOM
2018Q3,2018,Q3,2018-11-13,2018-09-30,-1910278.0,0.0,-1845018.0,-0.0216,0.0,0.0,4190646.0,2910267.0,2046232.0,1280379.0,1280379.0,0.0,-23852105.0,181468617.6,180941800.6,0.0307916195863499,1.5981455490913237,0.0,0.0,-0.6772846277562642,0.0307916195863499,-0.6563926952406772,0.0,-23.74898020078753,62.35462849284962,0.0,0.0,0.0,0.0,0.4409311617888141,-0.4558433234398706,-47.273037829659465,0.0,0.5167785234899328,-1.3585832833505058,0.0,-0.6602948525159914,0.0,0.5383304009899076,0.5551726407563486,-9.600335094707695,0.0,-0.3482882479481997,Drug Manufacturers—Specialty & Generic,Healthcare,ZOM
2018Q2,2018,Q2,2018-08-09,2018-06-30,-4137760.0,0.0,-4147717.0,-0.0447,0.0,0.0,6417959.0,4734157.0,5464024.0,1683802.0,1683802.0,0.0,-21941827.0,208186807.5,203907644.5,0.05116488108882692,3.2450513777748213,0.0,0.0,-0.8747225079403979,0.05116488108882692,-0.8740225556524636,0.0,-12.578472863336685,43.975475992874756,0.0,0.0,0.0,0.0,2.570842652520902,-0.6447158668355469,-72.66633862355928,0.0,-0.8624999999999998,-1.4659264109364827,0.0,-0.4957907075047571,0.0,-0.903034361466884,-0.9115277411648026,-9.031886154659157,0.0,-0.02306998180586096,Drug Manufacturers—Specialty & Generic,Healthcare,ZOM
2018Q1,2018,Q1,2018-05-15,2018-03-31,-2174296.0,0.0,-2169844.0,-0.024,0.0,0.0,4895558.0,3629234.0,4015140.0,1266324.0,1266324.0,0.0,-17797428.0,199138944.4,196004024.4,0.040094190636876754,3.1707051275976763,0.0,0.0,-0.5986965766088284,0.040094190636876754,-0.599106037251938,0.0,-22.896945080154683,54.87079212858691,0.0,0.0,0.0,0.0,2.530395854457469,-0.44413650088508805,-115.71030805694089,0.0,0.16666666666666663,-9.252932579917784,0.0,-0.5143227684697281,0.0,0.16557510298410202,0.1527465674983493,-121.63639316279851,0.0,41.02092202285514,Drug Manufacturers—Specialty & Generic,Healthcare,ZOM
2017Q4,2017,Q4,2018-02-28,2017-12-31,-2605742.0,0.0,-2561033.0,-0.0288,0.0,0.0,5215822.0,4387085.0,4262692.0,828737.0,828737.0,0.0,-15626100.0,178962548.62420002,175514401.62420002,0.04846659717455046,5.143600442601211,0.0,0.0,-0.5934358952797594,0.04846659717455046,-0.5939574911359137,0.0,-17.170018043248334,40.793043358904605,0.0,0.0,0.0,0.0,4.194839858724783,-0.49958414991922656,-89.87605488317435,0.0,-0.23605150214592266,0.48571899291602866,0.0,-0.8024466105743799,0.0,-0.25880283050952263,-0.22771552457676478,-2.014308766449074,0.0,0.3014550179902441,Drug Manufacturers—Specialty & Generic,Healthcare,ZOM
2017Q3,2017,Q3,2017-09-30,2017-09-30,-2070016.0,0.0,-2086015.0,-0.0233,0.0,0.0,6515289.0,6131992.0,5173888.0,383297.0,383297.0,0.0,-13035170.0,211130150.59759998,206566886.59759998,0.06901935013807377,13.49837854196615,0.0,0.0,-0.338441677998776,0.06901935013807377,-0.3375764351943055,0.0,-25.498613367915997,34.43092401255579,0.0,0.0,0.0,0.0,11.981351275903542,-0.3177166814856563,-145.81083390201334,0.0,-0.2802197802197802,-1.7189294119104244,0.0,-0.23855163083728717,0.0,-0.30753818360978813,-0.31114686813514897,-4.243453013727347,0.0,-0.10225108404495771,Drug Manufacturers—Specialty & Generic,Healthcare,ZOM
2017Q2,2017,Q2,2017-06-30,2017-06-30,-1583140.0,0.0,-1590985.0,-0.0182,0.0,0.0,4686708.0,4175305.0,3288729.0,511403.0,511403.0,0.0,-10954488.0,142964279.50239998,140314471.50239998,0.04794915046513365,6.4307972381859315,0.0,0.0,-0.37979174925715337,0.04794915046513365,-0.3791675099184371,0.0,-22.576063946081838,34.24043980078102,0.0,0.0,0.0,0.0,5.212366763589576,-0.3377936069411621,-67.61580065400342,0.0,0.14953271028037374,-0.0025303658336304955,0.0,-0.527480437415646,0.0,0.12348422687958081,0.13815257389287314,-4.756851594368097,0.0,-0.41161882837938385,Drug Manufacturers—Specialty & Generic,Healthcare,ZOM
2017Q1,2017,Q1,2017-03-31,2017-03-31,-1806174.0,0.0,-1846017.0,-0.0214,0.0,0.0,3811265.0,2766541.0,2311411.0,1044724.0,1044724.0,0.0,-9366118.0,91906074.74340001,90139039.74340001,0.03277186187212608,2.2124608987636925,0.0,0.0,-0.6575946343568345,0.03277186187212608,-0.6528636300709081,0.0,-12.721099232881219,33.2205720946843,0.0,0.0,0.0,0.0,1.7135004077631988,-0.4739040712204478,-53.70842678219547,0.0,0.39718309859154927,-8.132434073321013,0.0,-0.603021113699515,0.0,0.39693870702892714,0.3771994340191724,-8.132434073321013,0.0,-0.603021113699515,Drug Manufacturers—Specialty & Generic,Healthcare,ZOM
2016Q4,2016,Q4,2016-12-31,2016-12-31,-2995009.0,0.0,-2964058.0,-0.0355,0.0,0.0,4875558.0,4134401.0,3578212.0,741157.0,741157.0,0.0,-7533382.0,87060471.09660001,83840517.09660001,0.048975243271644965,4.827873176668371,0.001379534404062058,0.0016268378418058625,-0.7207266109763537,0.048975243271644965,-0.7244118313632374,0.0,-7.267129338893473,21.057577892565334,0.0,0.0,0.0,0.0,4.379100514465896,-0.6142905078762266,-58.173259353108314,0.0,-1.6893939393939392,0.36618176587142,0.0,-0.8003733319380185,0.0,-1.8603740536679054,-1.8505546162886197,0.36618176587142,0.0,-0.8003733319380185,Drug Manufacturers—Specialty & Generic,Healthcare,ZOM
2016Q3,2016,Q3,2016-09-30,2016-09-30,-1047069.0,0.0,-1039818.0,-0.0132,0.0,0.0,5412157.0,4936525.0,4112822.0,475632.0,475632.0,0.0,-4559007.0,78269696.37099999,74412522.37099999,0.062376928126284786,8.647067480741413,0.0012427577396590674,0.0013624968981216545,-0.21132667341582806,0.062376928126284786,-0.21210649191485914,0.0,-18.68780767337205,15.855221308714125,0.0,0.0,0.0,0.0,8.15087925118579,-0.19346611711374967,-44.724646290502754,0.0,0.0075187969924811575,-0.5439487796047658,0.0,-0.31183341917706336,0.0,0.011477248481438333,0.025729004064545508,-0.5439487796047658,0.0,-0.31183341917706336,Drug Manufacturers—Specialty & Generic,Healthcare,ZOM
2016Q2,2016,Q2,2016-06-30,2016-06-30,-1059226.0,0.0,-1067278.0,-0.0133,0.0,0.0,2411371.0,2098474.0,1909044.0,312897.0,312897.0,0.0,-3516772.0,65856006.63559999,64129083.63559999,0.02641892337971623,6.101189848416571,0.0027892846019961256,0.0032051862448617425,-0.5044159540531373,0.02641892337971623,-0.5047601256913357,0.0,-15.543426670889875,31.38280800028973,0.0,0.0,0.0,0.0,5.614262840487445,-0.43926297529496705,-78.35728452296247,0.0,-65.49999999999999,0.264664289068181,0.0,-0.7396521523689882,0.0,-67.08232480886385,-67.5998714696907,0.264664289068181,0.0,-0.7396521523689882,Drug Manufacturers—Specialty & Generic,Healthcare,ZOM
2016Q1,2016,Q1,2016-02-29,2016-02-29,-15558.017488,0.0,-15558.017488,-0.0002,0.0,0.0,82146.098841,75788.681362,82146.098841,6357.417479,6357.417479,0.0,-158314.823151,65856006.63559999,65773860.536759,0.0009541482839207946,12.92130005813639,0.0,0.0,-0.2052815434759721,0.0009541482839207946,-0.2052815434759721,0.0,-1058.2326232502817,868.9425050297789,0.0,0.0,0.0,0.0,12.92130005813639,-0.18939447773550053,-2402.502884423929,0.0,0.9791666666666666,0.9163956773719925,0.0,-0.9884420139266313,0.0,0.3483654691346522,0.3483654691346522,0.9163956773719925,0.0,-0.9884420139266313,Drug Manufacturers—Specialty & Generic,Healthcare,ZOM
2015Q4,2015,Q4,2015-11-30,2015-11-30,-23875.373006,0.0,-23875.373006,-0.0096,0.0,0.0,113178.422119,93100.792007,113178.422119,20077.630113,20077.630113,0.0,-144154.183276,2072749.9999999998,1961415.1060869996,0.037240316802799996,5.637040899847959,0.0,0.0,-0.25644650804049957,0.037240316802799996,-0.25644650804049957,0.0,-21.703849396186474,22.263505554755707,0.0,0.0,0.0,0.0,5.6370408998479595,-0.2109534004714834,-423.1982657906546,0.0,-4.052631578947368,0.8293867526750399,0.0,-0.8482057491847168,0.0,-4.008797557102736,-4.008797557102736,0.8293867526750399,0.0,-0.8482057491847168,Drug Manufacturers—Specialty & Generic,Healthcare,ZOM
2015Q3,2015,Q3,2015-08-31,2015-08-31,-4766.68756,0.0,-4766.68756,-0.0019,0.0,0.0,118233.033024,118118.245871,118233.033024,114.787153,114.787153,0.0,-121451.604377,2072749.9999999998,1955211.7313229998,0.0472472983484,1030.0197359542492,0.0,0.0,-0.04035521798389914,0.0472472983484,-0.04035521798389914,0.0,-108.7101878353445,17.54809330866379,0.0,0.0,0.0,0.0,1030.0197359542492,-0.04031603891132874,-408.53935912277086,0.0,0.5777777777777778,0.7774991769337511,0.0,-0.4787493912538689,0.0,0.5722749723595248,0.5722749723595248,0.7774991769337511,0.0,-0.4787493912538689,Drug Manufacturers—Specialty & Generic,Healthcare,ZOM
2015Q2,2015,Q2,2015-05-31,2015-05-31,-11144.280208,0.0,-11144.280208,-0.0045,0.0,0.0,136426.105778,130932.820509,136426.105778,5493.285269,5493.285269,0.0,-124328.325783,2072749.9999999998,1941288.5302419998,0.052373128203599996,24.835066649075564,0.0,0.0,-0.08511448974120259,0.052373128203599996,-0.08511448974120259,0.0,-46.498068096673975,15.830637360000384,0.0,0.0,0.0,0.0,24.39563498081279,-0.08168729983493468,-165.79732075692286,0.0,0.2741935483870968,0.7541911488109122,0.0,-0.4838839189041639,0.0,0.28594821617824434,0.28594821617824434,0.7541911488109122,0.0,-0.4838839189041639,Drug Manufacturers—Specialty & Generic,Healthcare,ZOM
2015Q1,2015,Q1,2015-02-28,2015-02-28,-15607.103659,0.0,-15607.103659,-0.0062,0.0,0.0,145049.034104,141125.506526,145049.034104,3923.527578,3923.527578,0.0,-112425.969293,2072749.9999999998,1929751.0470199997,0.056450202610400006,36.96903646537845,0.0,0.0,-0.1105902401570807,0.056450202610400006,-0.1105902401570807,0.0,-33.20202846869552,14.68728120822107,0.0,0.0,0.0,0.0,36.96903646537845,-0.10759881136340228,-164.1423926037255,0.0,-0.7714285714285714,-1.664681217688726,0.0,-0.3161957458763235,0.0,-0.7777447112218298,-0.7777447112218298,-1.664681217688726,0.0,-0.3161957458763235,Drug Manufacturers—Specialty & Generic,Healthcare,ZOM
2014Q4,2014,Q4,2014-11-30,2014-11-30,-8779.1591,0.0,-8779.1591,-0.0035,0.0,0.0,173916.573544,173673.872049,173916.573544,242.701495,242.701495,0.0,-103281.708339,2072749.9999999998,1900098.4425199998,0.0694695488196,716.5863298205065,0.0,0.0,-0.05054968255399446,0.0694695488196,-0.05054968255399446,0.0,-59.02473051206008,11.93472556087883,0.0,0.0,0.0,0.0,716.5863298205064,-0.050479140205570566,-254.40924627473464,0.0,0.20454545454545459,0.9372641909109835,0.0,-0.716837045898759,0.0,0.2097085142852705,0.2097085142852705,0.9372641909109835,0.0,-0.716837045898759,Drug Manufacturers—Specialty & Generic,Healthcare,ZOM
2014Q3,2014,Q3,2014-08-31,2014-08-31,-11108.760829,0.0,-11108.760829,-0.0044,0.0,0.0,192433.829345,192201.151434,192433.829345,232.677911,232.677911,0.0,-99553.037688,2072749.9999999998,1881186.1837139998,0.0768804605736,827.0395265195586,0.0,0.0,-0.057797576893365496,0.0768804605736,-0.057797576893365496,0.0,-46.64674197028749,10.784274623410683,0.0,0.0,0.0,0.0,827.0395265195585,-0.057727691990600814,-219.95454183805003,0.0,-0.375,0.48146204327715464,0.0,-0.15182479685573372,0.0,-0.4070146142220885,-0.4070146142220885,0.48146204327715464,0.0,-0.15182479685573372,Drug Manufacturers—Specialty & Generic,Healthcare,ZOM
2014Q2,2014,Q2,2014-05-31,2014-05-31,-7895.270395,0.0,-7895.270395,-0.0032,0.0,0.0,206170.973569,203733.365282,206170.973569,2437.608287,2437.608287,0.0,-88628.488222,2072749.9999999998,1871320.6123049997,0.0814933461128,84.57920604739066,0.0,0.0,-0.03875295724915585,0.0814933461128,-0.03875295724915585,0.0,-65.63264765804135,10.173836755363943,0.0,0.0,0.0,0.0,84.53648393015986,-0.038294771850401435,-184.3524237721552,0.0,-0.39130434782608703,0.8258544015943712,0.0,-0.19691590184155117,0.0,-0.34800019207909494,-0.34800019207909494,0.8258544015943712,0.0,-0.19691590184155117,Drug Manufacturers—Specialty & Generic,Healthcare,ZOM
2014Q1,2014,Q1,2014-02-28,2014-02-28,-5857.024681,0.0,-5857.024681,-0.0023,0.0,0.0,211539.913361,206382.902234,211539.913361,5157.011126,5157.011126,0.0,-78732.047526,2072749.9999999998,1865348.8172489998,0.0825531608936,41.01986755360745,0.0,0.0,-0.028379408456807233,0.0825531608936,-0.028379408456807233,0.0,-88.47282164969931,10.043225371692298,0.0,0.0,0.0,0.0,41.01986755360744,-0.02768756301324937,139.84133928520245,0.0,0.9589285714285714,0.0,0.0,0.0,0.0,0.8845836634683736,0.8845836634683736,0.0,0.0,0.0,Drug Manufacturers—Specialty & Generic,Healthcare,ZOM
2013Q4,2013,Q4,2013-11-30,2013-11-30,-50746.929395,0.0,-50746.929395,-0.056,0.0,0.0,226723.683219,222418.242785,226723.683219,4305.440434,4305.440434,0.0,-72934.405847,751656.2563,533668.727101,0.24533417176726494,52.65981185770598,0.0,0.0,-0.22815992411222483,0.24533417176726494,-0.22815992411222483,0.0,-3.7029642249352492,3.3794721462060395,0.0,0.0,0.0,0.0,51.565959309007596,-0.22382720973168843,-13.653535718606433,0.0,-5.511627906976744,0.0,0.0,0.0,0.0,-6.402437106707702,-6.402437106707702,0.0,0.0,0.0,Drug Manufacturers—Specialty & Generic,Healthcare,ZOM
2013Q3,2013,Q3,2013-08-31,2013-08-31,-6855.435401,0.0,-6855.435401,-0.0086,0.0,0.0,73462.341112,72513.754506,56387.782205,948.586606,948.586606,0.0,-22344.90609,663280.0,607811.398217,0.09064219313249999,59.443999997824136,0.0,0.0,-0.09453979383225511,0.09064219313249999,-0.09453979383225511,0.0,-24.18810626905067,9.146954319474911,0.0,0.0,0.0,0.0,59.44399999676993,-0.09331904343408097,-96.70085508427994,0.0,0.5248618784530387,0.0,0.0,0.0,0.0,0.5274687247434525,0.5274687247434525,0.0,0.0,0.0,Drug Manufacturers—Specialty & Generic,Healthcare,ZOM
2013Q2,2013,Q2,2013-05-31,2013-05-31,-14507.897699,0.0,-14507.897699,-0.0181,0.0,0.0,82150.619009,81180.385765,64686.420616,970.233244,970.233244,0.0,-15842.938642,663280.0,598593.579384,0.10147548220625,66.67100000543788,0.0,0.0,-0.17871185954939026,0.10147548220625,-0.17871185954939026,0.0,-11.429636701355403,8.170446515492731,0.0,0.0,0.0,0.0,66.67100000543788,-0.17660119758087992,-43.92658423325908,0.0,0.0,0.0,0.0,0.0,0.0,0.0,0.0,0.0,0.0,0.0,Drug Manufacturers—Specialty & Generic,Healthcare,ZOM
