Year,Date,FillingDate,NetIncome,Revenue,OperatingIncome,EPSDiluted,GrossProfit,GrossProfitRatio,TotalAssets,CommonStockEquity,CurrentAssets,CurrentLiability,TotalLiability,Inventory,RetainedEarnings,EnterpriseValue,bookValuePerShare,currentRatio,debtToAssets,debtToEquity,roic,shareholdersEquityPerShare,roe,priceToSalesRatio,peRatio,pbRatio,payoutRatio,inventoryTurnover,dividendYield,assetTurnover,quickRatio,returnOnAssets,priceToFreeCashFlowsRatio,grossProfitMargin,epsdilutedGrowth,fiveYNetIncomeGrowthPerShare,fiveYRevenueGrowthPerShare,fiveYShareholdersEquityGrowthPerShare,grossProfitGrowth,netIncomeGrowth,operatingIncomeGrowth,threeYNetIncomeGrowthPerShare,threeYRevenueGrowthPerShare,threeYShareholdersEquityGrowthPerShare,Industry,Sector,Price,MarketCap,AvgVolume,Symbol
2022,2022-12-31,2022-12-31,89382000.0,1868003000.0,130362000.0,0.22,233291000.0,0.1248879151,8632793000.0,5836054000.0,3321636000.0,560841000.0,2796728000.0,822608000.0,2696379000.0,12537198809.124,14.392454635580304,5.922598383499067,0.11548985363137979,0.17083460845290327,0.020083632295945456,14.392454635580304,0.015315485429024474,6.662126778770698,139.23242721268267,2.132412210223552,0.5805978832427111,1.9872308560091805,0.00416999038848778,0.2163845466930575,4.029712521017544,0.01035377542355064,77.22108482383237,0.12488791506223491,1.846153846153846,1.425699141751116,-0.15464154546322006,0.17227725493533935,119.62616339193382,1.870711321526682,3.4918189464026304,0.17897993538478715,-0.02125340509113544,0.14050130235373873,Uranium,Energy,30.6299,13263726857,4344514,CCJ
2021,2021-12-31,2021-12-31,-102654000.0,1474984000.0,-52316000.0,-0.26,1934000.0,0.0013112007,7517744000.0,4845841000.0,2141552000.0,413743000.0,2671776000.0,504862000.0,2639650000.0,11034426934.2684,12.186778696831988,5.1760440660023255,0.13251980913422964,0.20558866871612172,-0.008851455293706711,12.186778696831988,-0.02118393896952046,7.49321140722096,-107.66620817764918,2.2807943831150053,-0.3101583961657607,2.9177280128034986,0.0028807404051417835,0.19620034946654208,3.3920404695668567,-0.013654894340642619,30.743376803230007,0.001311200663871608,-1.0,-0.6584618755066239,-0.3961653146389573,-0.08271179406032342,-0.9818316752623322,-0.9296952835686223,-6.756263899184582,-1.6143433284866977,-0.2980865086653222,-0.03401441482805647,Uranium,Energy,30.6299,13263726857,4344514,CCJ
2020,2020-12-31,2020-12-31,-53197000.0,1800073000.0,-6745000.0,-0.13,106449000.0,0.059135935,7580831000.0,4958355000.0,1945044000.0,303783000.0,2622270000.0,769797000.0,2735830000.0,7030408752.601999,12.526507658610157,6.4027414305606305,0.13476886636834406,0.20604817525167116,-0.001517850581376548,12.526507658610157,-0.0107287598407133,3.7571308233621634,-127.13329233983119,1.3639825612732448,-0.5947327856834032,2.200091712490436,0.0046780255174519066,0.23745061722125185,3.2427983132696694,-0.007017304567269736,-328.7371677733923,0.05913593504263438,-1.6842105263157894,-1.8147560245669325,-0.3465278598996034,-0.10620404366231057,-0.559445421624418,-1.7188783783783783,-1.0435996716288631,0.7404526069820887,-0.16549244625711448,0.020294340595636656,Uranium,Energy,30.6299,13263726857,4344514,CCJ
2019,2019-12-31,2019-12-31,74000000.0,1862925000.0,154703000.0,0.19,241625000.0,0.1297019472,7427248000.0,4994725000.0,1806978000.0,277410000.0,2432285000.0,406272000.0,2825596000.0,4730734205.398,12.619410960669232,6.513744998377852,0.13419748472112417,0.1995541296067351,0.01414037584180888,12.619410960669232,0.014815630490167127,2.4696207337375364,62.17186764051351,0.9211154178454269,0.4272027027027027,3.990676197227473,0.0068713184743435535,0.2508230504757617,4.343668216718936,0.009963313464152537,10.18279289307302,0.12970194720667766,-0.5476190476190476,-0.6005628393178273,-0.22309411754496486,-0.0825987714157572,-0.18300377348282998,-0.5550825802805385,1.2025855318421914,2.201072083587035,-0.23381463017889906,-0.05014794080597257,Uranium,Energy,30.6299,13263726857,4344514,CCJ
2018,2018-12-31,2019-03-29,166323000.0,2091661000.0,70237000.0,0.42,295748000.0,0.14139384919449186,8018636000.0,4993282000.0,2082726000.0,875875000.0,3025044000.0,557001000.0,2791321000.0,6903482555.67004,12.615901193455972,2.377880405308977,0.1865243664882656,0.29953665745295377,0.045063545599297414,12.615901193455972,0.03330935444863719,2.925588589962733,36.79190223643176,1.225514512432913,0.42822700408241793,3.2242545345520024,0.011639164545789173,0.26084997498327644,1.741943770515199,0.020742056379663573,9.99640540725053,0.14139384919449186,1.8076923076923075,-0.47826581398603174,-0.14310338368102146,-0.06723384553197938,-0.32210491571810373,1.8115613197880376,1.5498692595550128,1.5476076436138924,-0.24060444270544634,-0.09982560346609176,Uranium,Energy,30.6299,13263726857,4344514,CCJ
2017,2017-12-31,2018-03-28,-204942000.0,2156852000.0,-127734000.0,-0.52,436274000.0,0.20227349859888394,7778727000.0,4859288000.0,2135579000.0,410994000.0,2919068000.0,1099638000.0,2650417000.0,5482171893.7528,12.277346997041382,5.196131817009494,0.19212282421018245,0.307549377604291,-0.019859326126501285,12.277346997041382,-0.04217531457283454,2.12315026425216,-22.34447255200398,0.9423851588448349,-0.7723990202105961,1.5646767390723129,0.03456778934534854,0.2772757033380912,2.5205745096035463,-0.02634647031577275,9.500232134120019,0.20227349859888394,-2.25,-1.768977324588964,-0.07222370621639328,-0.018460318578289142,-0.05869940450504876,-2.326386521887325,0.09910075113728532,-2.1062469986530488,-0.10050702996257911,-0.10746600978881851,Uranium,Energy,30.6299,13263726857,4344514,CCJ
2016,2016-12-31,2017-03-23,-61611000.0,2431404000.0,-141785000.0,-0.16,463480000.0,0.19062237291704712,8249198000.0,5258371000.0,2041833000.0,469255000.0,2990670000.0,1457023000.0,3019872000.0,6758309902.0651,13.285659422981205,4.351222682763103,0.18102693134532594,0.2839904221288304,-0.00815289212738018,13.285659422981205,-0.011716746498107495,2.29713404356705,-90.65363169020304,1.062165621646913,-2.5695086916297414,1.3506471757824001,0.02834424439178236,0.2947442890811931,1.2462520378046051,-0.007468726050702141,58.50155964120475,0.19062237291704712,-2.0,-1.136399639479933,0.016797543947064637,0.06581431235566224,-0.33507879692128917,-1.9437092179027662,-1.5773592588822152,-1.19326577303636,-0.003920592415623069,-0.01771476650640686,Uranium,Energy,30.6299,13263726857,4344514,CCJ
2015,2015-12-31,2016-03-30,65286000.0,2754378000.0,245575000.0,0.16,697045000.0,0.2530680247954348,8794637000.0,5547020000.0,2183965000.0,671637000.0,3249358000.0,1465810000.0,3241902000.0,7803346131.568,14.014952260398744,3.2517044177137353,0.16967579219017226,0.26901597614575035,-0.027886133862049793,14.014952260398744,0.011769562756218654,2.457801046758288,103.69318278908187,1.2204234222281514,2.4249149894311186,1.4035468444068466,0.02338548132294811,0.31318836695590735,1.0692606273924754,0.007423387685017585,74.02800642515965,0.2530680247954348,-0.6595744680851063,-0.874010106737545,0.2884000567858848,0.05634573240303256,0.09292217861617076,-0.647548506213762,5.406527183554211,-0.7550357973811366,0.18480387737271864,0.12045638036680653,Uranium,Energy,30.6299,13263726857,4344514,CCJ
2014,2014-12-31,2014-12-31,185234000.0,2397532000.0,38332000.0,0.47,637781000.0,0.26601563607910134,8472667000.0,5443644000.0,2067706000.0,515814000.0,3028863000.0,1032684000.0,3333099000.0,8490298751.934,13.755607216859554,4.00862714079106,0.1760010159728926,0.27393378406082397,-0.0026069029534759682,13.755607216859554,0.03402757417641565,3.1556132522669147,40.843925801602296,1.3898197148700393,0.8540548711359686,1.7040556452893625,0.020910205235522786,0.2829725280127261,2.006579891201092,0.021862537498523193,102238.96962072972,0.26601563607910134,-0.4197530864197532,-0.8348308988279344,0.01528683441522384,0.10172581549633157,0.05117935684630206,-0.4184084522519977,-0.8551831744700464,-0.5898583924667999,0.0027667698697829562,0.10351489377423363,Uranium,Energy,30.6299,13263726857,4344514,CCJ
2013,2013-12-31,2013-12-31,318495000.0,2438723000.0,264693000.0,0.81,606729000.0,0.24878963293494177,8039317000.0,5348265000.0,1757830000.0,704551000.0,2689923000.0,1090947000.0,3314049000.0,9889203876.9172,13.525256178115864,2.4949648783409577,0.17225829010101232,0.2589323827446845,0.05479324130409544,13.525256178115864,0.05955108806313823,3.5811774756367165,27.421152221909917,1.6329594507596763,0.496601202530652,1.679269478718948,0.01811015082487526,0.30334952583658537,0.9465361627476222,0.03961717145871969,-75.44032303607419,0.24878963293494177,0.20895522388059704,-0.3734733739498091,-0.2447579935907539,0.34728335800557947,-0.1611237390496416,0.196737758138696,-0.016764113727034315,-0.3847962742373652,0.14180084330854867,0.019435983651645335,Uranium,Energy,30.6299,13263726857,4344514,CCJ
2012,2012-12-31,2013-02-22,266136000.0,2321471000.0,269206000.0,0.67,723264000.0,0.31155418267124596,8215020000.0,4943687000.0,2167921000.0,707812000.0,3270753000.0,752999000.0,2915437000.0,8477353880.013598,12.508253338528569,3.0628486095177814,0.18624945526608577,0.30949431062282057,0.04942219953911488,12.508253338528569,0.053833505236071784,3.315628271907596,28.92181020235368,1.556962420965081,0.5939294195448943,2.1224556739119174,0.02053569314608668,0.2825885999060258,1.9990082112199286,0.03239626927262502,-85.77532851936346,0.31155418267124596,-0.41228070175438586,-0.4293532873883301,-0.10324506722454617,0.6075428510474382,-0.06810287069009947,-0.4091171481603183,-0.4682256079614255,-0.7623885430698674,-0.01566425414503588,0.0018216857002744755,Uranium,Energy,30.6299,13263726857,4344514,CCJ
2011,2011-12-31,2012-02-24,450404000.0,2384404000.0,506241000.0,1.14,776120000.0,0.32549853128916073,7801831000.0,4919567000.0,2585334000.0,708019000.0,2696326000.0,493875000.0,2874973000.0,7907788176.7300005,12.4652664811915,3.6515037025842525,0.13314925688597973,0.21115842105616206,0.08076858297234732,12.4652664811915,0.09155358591518319,3.0482498673588876,16.13719944034689,1.477418475392245,0.3241911705935116,3.256459630473298,0.020089679859998228,0.3056210779238874,2.6525192120550436,0.05773055068739633,86.04850624184593,0.32549853128916073,-0.12307692307692318,0.06657929375120407,0.15818398445210763,0.5966405379134905,-0.22058776270968572,-0.1250026712048008,-0.0673491796211482,-0.11226926131819644,-0.2601467078621086,0.24169523017149985,Uranium,Energy,30.6299,13263726857,4344514,CCJ
2010,2010-12-31,2010-12-31,514749000.0,2123655000.0,542798000.0,1.3,995776000.0,0.46889725496843887,7671368000.0,5216327000.0,2573299000.0,604709000.0,2276902000.0,542526000.0,3563089000.0,16519634754.312002,13.267391376227526,4.255433605254759,0.13380168960738162,0.19677485709772413,0.08249151582751281,13.267391376227526,0.0986803549700776,7.4728775409904165,30.83019831862131,3.042334913879441,0.2061820421215,2.0789399955025196,0.006687665125947857,0.27682872207408116,3.0439335283582682,0.06710002700952425,430.99898846614707,0.46889725496843887,-0.5390070921985816,1.0781442693505763,0.421459727994149,0.939038240605819,0.005116548081319704,-0.531800345999989,-0.7449316251646461,0.10951770266837928,-0.17535029914855135,0.7051061872250134,Uranium,Energy,30.6299,13263726857,4344514,CCJ
2009,2009-12-31,2010-03-31,1099422000.0,2314985000.0,2128049000.0,2.82,990707000.0,0.42795396082480014,7342102000.0,4843828000.0,2527741000.0,763057000.0,2334234000.0,453224000.0,3158506000.0,13072043943.944,12.485508665931189,3.3126503000431162,0.14181824224179942,0.2149630416274071,0.33665837416247424,12.485508665931189,0.22697379015109537,5.672619452801638,11.944484414486885,2.7110848989567753,0.08422880386239315,2.921906165604646,0.007051690214458828,0.3153027566220137,2.5062505160164967,0.1497421310681873,44.1570070140756,0.42795396082480014,1.2031249999999998,2.4802628258329413,0.94850445348923,0.978548725353134,-0.26143735440239946,1.442527325716416,3.0598489610707986,1.6484889909586073,0.14390177596745984,0.5992333017970453,Uranium,Energy,30.6299,13263726857,4344514,CCJ
2008,2008-12-31,2009-03-27,450116561.0,2859158572.0,524169500.0,1.28,1341398737.0,0.46915856648751136,7010601020.0,3514923507.0,1659938077.0,888916950.0,2716474016.0,470649587.0,2153314716.0,8387520865.75,10.038909853482991,1.8673713860445569,0.18728401848205592,0.37354256170445876,0.11411369449071689,10.038909853482991,0.12805870742381423,2.568490946136303,16.315158210208576,2.0892980718143406,0.17883231361487276,3.224819222034078,0.010961114278559394,0.4078335885672752,0.998239340581817,0.06420513158799045,92.8221327072642,0.46915856648751136,0.13274336283185853,1.0249212983808604,2.3597657478664646,0.5386449277628177,0.22158865984428033,0.08172017883615651,0.10349051115989395,1.0405870142130627,1.149011710656074,0.4671934781977487,Uranium,Energy,30.6299,13263726857,4344514,CCJ
TTM,,,,,,,,,,,,,,,,17195582010.07326,13.760998036271225,7.745062348074447,0.11589873606623702,0.16741420390138553,0.027695373954602778,13.760998036271225,0.031077121360718062,8.161262255822258,104.74343540251382,2.9541019172338445,0.30891535856087526,2.768140928386434,0.0021893469942077096,0.2506900560680362,5.699688774145158,0.019524730965592676,84.95985740607124,0.1625659499105214,,,,,,,,,,,Uranium,Energy,30.6299,13263726857,4344514,CCJ
