Quarters,Year,Quarter,FillingDate,Date,NetIncome,Revenue,OperatingIncome,EPSDiluted,GrossProfit,GrossProfitRatio,TotalAssets,CommonStockEquity,CurrentAssets,CurrentLiability,TotalLiability,Inventory,RetainedEarnings,MarketCap,EnterpriseValue,bookValuePerShare,currentRatio,debtToAssets,debtToEquity,roic,shareholdersEquityPerShare,roe,priceToSalesRatio,peRatio,pbRatio,payoutRatio,inventoryTurnover,dividendYield,assetTurnover,quickRatio,returnOnAssets,priceToFreeCashFlowsRatio,grossProfitMargin,epsdilutedGrowth,fiveYNetIncomeGrowthPerShare,fiveYRevenueGrowthPerShare,fiveYShareholdersEquityGrowthPerShare,grossProfitGrowth,netIncomeGrowth,operatingIncomeGrowth,threeYNetIncomeGrowthPerShare,threeYRevenueGrowthPerShare,threeYShareholdersEquityGrowthPerShare,Industry,Sector,Symbol
2023Q1,2023,Q1,2023-04-27,2023-03-31,1363000000.0,15591000000.0,2416000000.0,4.85,13168000000.0,0.8445898275,52711000000.0,-2495000000.0,13541000000.0,11028000000.0,52479000000.0,2085000000.0,-917000000.0,73106490554.88,112836490554.88,-8.998949272583912,1.2278745012694958,0.769706512872076,-16.26132264529058,0.04874193775891174,-8.998949272583912,-0.5462925851703406,4.689018700203964,13.409114188349228,-29.30119861919038,0.12839325018341893,1.1621103117505995,0.00239376830527284,0.29578266396008424,0.8967174464998187,0.025857980307715658,120.6377731928713,0.8445898274645629,-0.3337912087912089,0.5082826487753324,0.7278526298322641,0.4941513920866358,0.007652280379553107,-0.3450264296011533,-0.005351996706463565,1.8566238851536458,0.47615707718011313,-0.025696410041820862,Medical Care Facilities,Healthcare,HCA
2022Q4,2022,Q4,2023-02-17,2022-12-31,2081000000.0,15497000000.0,2429000000.0,7.28,13068000000.0,0.8432599858,52438000000.0,-2767000000.0,13643000000.0,9902000000.0,52511000000.0,2068000000.0,-2280000000.0,66559696868.0,105487696868.0,-9.975546032259913,1.3778024641486568,0.7596780960372249,-14.396819660281894,0.05013875750308483,-9.975546032259913,-0.7520780628839899,4.295005282828934,7.996119277751082,-24.054823588001447,0.07496395963479097,1.1745647969052224,0.0023437606741114883,0.29552995918990044,1.0280751363360938,0.03968496128761585,55.28214025581396,0.843259985803704,0.8618925831202046,4.541188790119048,0.691702053286504,0.4868711620177013,0.03296182119990514,0.8350970017636684,0.12819321876451464,1.3708222785318411,0.3982697917932014,-0.20234318454979544,Medical Care Facilities,Healthcare,HCA
2022Q3,2022,Q3,2022-11-01,2022-09-30,1134000000.0,14971000000.0,2153000000.0,3.91,12651000000.0,0.8450337319,51484000000.0,-3370000000.0,13481000000.0,9784000000.0,52262000000.0,2009000000.0,-2781000000.0,52178624265.0,90651624265.0,-11.870230553691659,1.3778618152085036,0.7666847952762024,-11.712759643916915,0.04484842713581298,-11.870230553691659,-0.3364985163204748,3.485313223231581,11.503224044312168,-15.483271295252225,0.14109347442680775,1.1548033847685415,0.003066389776537739,0.2907893714552094,0.9761856091578087,0.022026260585813067,27.622352707781896,0.8450337318816379,0.0025641025641026235,2.3471590587329354,0.7599580306185001,0.3750099514733425,0.01054397316079559,-0.01818181818181818,-0.06553819444444445,1.219410437618665,0.4126296194102788,-0.13226050420689067,Medical Care Facilities,Healthcare,HCA
2022Q2,2022,Q2,2022-08-01,2022-06-30,1155000000.0,14820000000.0,2304000000.0,3.9,12519000000.0,0.8447368421,51584000000.0,-3680000000.0,13937000000.0,8999000000.0,52726000000.0,2043000000.0,-3168000000.0,48233959464.0,88074959464.0,-12.822103075771661,1.548727636404045,0.7889849565756824,-11.059510869565218,0.04650873022378883,-12.822103075771661,-0.3138586956521739,3.254653135222672,10.440250966233767,-13.107054202173913,0.13852813852813853,1.1262848751835537,0.0033171649555209736,0.2872983870967742,1.0541171241249028,0.022390663771712158,87.69810811636364,0.8447368421052631,-0.18238993710691817,1.222844304444151,0.7459005585680886,0.3149179776675269,-0.008317490494296578,-0.21160409556313994,0.04159132007233273,0.7552692304966919,0.399368990893182,-0.122235677013761,Medical Care Facilities,Healthcare,HCA
2022Q1,2022,Q1,2022-05-03,2022-03-31,1465000000.0,14945000000.0,2212000000.0,4.77,12624000000.0,0.8446972232,52208000000.0,-2033000000.0,15006000000.0,10518000000.0,51794000000.0,2003000000.0,-1589000000.0,74930593158.0,112045593158.0,-6.799765469968149,1.4266970907016543,0.7563208703646951,-19.422528283325136,0.04552220227564093,-6.799765469968149,-0.720609936055091,5.01375665158916,12.786790641296928,-36.85715354549926,0.12081911262798635,1.1587618572141787,0.0023621860249627893,0.28625881091020533,1.0354630157824682,0.028060833588722033,154.81527511983472,0.8446972231515557,-0.2500000000000001,1.741420524083793,0.7348909744535166,0.6427194684309155,-0.0020553359683794467,-0.26932668329177056,-0.20802005012531327,0.6177498513943687,0.3698876759674175,0.4642795247942331,Medical Care Facilities,Healthcare,HCA
2021Q4,2021,Q4,2022-02-18,2021-12-31,2005000000.0,15064000000.0,2793000000.0,6.36,12650000000.0,0.8397503983,50742000000.0,-933000000.0,13542000000.0,9582000000.0,49253000000.0,1986000000.0,-532000000.0,78483099456.0,113758099456.0,-3.0542417623858835,1.4132748904195367,0.7237791178905049,-39.363344051446944,0.05707678016455338,-3.0542417623858835,-2.1489817792068595,5.209977393520977,9.78592262543641,-84.11907765916399,0.07381546134663342,1.215508559919436,0.001885756309649484,0.2968743841393717,0.9962429555416406,0.03951361791021245,62.7362905323741,0.8397503983005842,-0.09142857142857139,1.6434957029541162,0.7171566773207353,0.8450142125111971,-0.012721454772496683,-0.11635081533715293,0.1293974929235746,1.1152218408996044,0.3776451297711232,0.7884273050582505,Medical Care Facilities,Healthcare,HCA
2021Q3,2021,Q3,2021-11-01,2021-09-30,2269000000.0,15276000000.0,2473000000.0,7.0,12813000000.0,0.8387666928515318,49562000000.0,-695000000.0,13248000000.0,9624000000.0,47737000000.0,2019000000.0,-206000000.0,76093302528.0,109107302528.0,-2.2168889297179226,1.3765586034912718,0.6868366893991364,-48.979856115107914,0.0551873304367382,-2.2168889297179226,-3.264748201438849,4.981232163393559,8.384013059497576,-109.48676622733812,0.06654914059056853,1.2199108469539377,0.0019844059198828525,0.3082200072636294,0.9829592684954281,0.045781041927283,54.82226406916426,0.8387666928515318,0.6055045871559632,3.4050982051395,0.7846324278545981,0.8925850347114205,0.06287847366238075,0.5648275862068965,-0.00482897384305835,2.2906291371798435,0.4684273132419589,0.8635117056515873,Medical Care Facilities,Healthcare,HCA
2021Q2,2021,Q2,2021-08-02,2021-06-30,1450000000.0,14435000000.0,2485000000.0,4.36,12055000000.0,0.8351229650155871,48164000000.0,-593000000.0,12475000000.0,8615000000.0,46374000000.0,2027000000.0,-121000000.0,66740799152.0,99959799152.0,-1.8369096798015518,1.4480557167730703,0.7129598870525704,-57.90725126475548,0.055001115241571405,-1.8369096798015518,-2.4451939291736933,4.623539948181503,11.507034336551726,-112.54772201011805,0.10758620689655173,1.174148988653182,0.002337400839997661,0.29970517398887137,1.016366802089379,0.030105472967361515,47.36749407523066,0.8351229650155871,0.05314009661835765,1.5943538505032235,0.6468963895502595,0.9138844415985118,0.025695567089253808,0.018973998594518624,0.06469580119965725,0.8994003075050118,0.34489228780464104,0.8936438190098643,Medical Care Facilities,Healthcare,HCA
2021Q1,2021,Q1,2021-04-30,2021-03-31,1423000000.0,13977000000.0,2334000000.0,4.14,11753000000.0,0.8408814480932961,47277000000.0,247000000.0,12036000000.0,8642000000.0,44795000000.0,2068000000.0,735000000.0,62851788930.0,94623788930.0,0.740153634319156,1.3927331636195326,0.6938257503648708,132.80161943319837,0.05374199235613675,0.740153634319156,5.761133603238866,4.496801096801889,11.042127359451863,254.4606839271255,0.11876317638791287,1.0754352030947776,0.002688865390740438,0.29564058633162005,0.9782457764406387,0.030099202572075216,47.115284055472266,0.8408814480932961,0.0024213075060532173,1.4186922225616565,0.6069478498705153,1.0385602803268577,-0.014258156504235512,-0.0021037868162692847,-0.0473469387755102,0.3082641725585395,0.2869164756603494,1.0416054890655981,Medical Care Facilities,Healthcare,HCA
2020Q4,2020,Q4,2021-02-19,2020-12-31,1426000000.0,14293000000.0,2450000000.0,4.13,11923000000.0,0.8341845658714055,47490000000.0,572000000.0,12333000000.0,8704000000.0,44598000000.0,2025000000.0,777000000.0,55821934176.0,87084934176.0,1.685199937777233,1.4169347426470589,0.6960623289113498,57.79020979020979,0.05613902860259362,1.685199937777233,2.493006993006993,3.905543565101798,9.78645409817672,97.59079401398601,0.0,1.1703703703703703,0.0,0.30096862497367866,1.0160845588235294,0.030027374184038745,-12.888925000230893,0.8341845658714055,1.1179487179487178,1.8783283488461793,0.6382708158996672,1.0884266919896532,0.06617186801394974,1.1347305389221556,0.8574677786201668,2.1029750245522756,0.27505090794654563,1.0866844464496521,Medical Care Facilities,Healthcare,HCA
2020Q3,2020,Q3,2020-10-29,2020-09-30,668000000.0,13311000000.0,1319000000.0,1.95,11183000000.0,0.8401322214709639,51016000000.0,-974000000.0,16266000000.0,14379000000.0,49717000000.0,1950000000.0,-647000000.0,42188033940.0,68199033940.0,-2.878501524216798,1.1312330481952848,0.6389956092206367,-33.469199178644764,0.03126821314584393,-2.878501524216798,-0.6858316221765913,3.1694113094433174,15.788934857784431,-43.314203223819305,0.0,1.0912820512820514,0.0,0.2609181433275835,0.9055567146533139,0.013093931315665674,18.93538327648115,0.8401322214709639,-0.38291139240506333,0.8142919095460879,0.6469750916153117,0.8371565704002978,0.19989270386266095,-0.3809082483781279,-0.33181357649442755,0.6543142554804203,0.3129265718705838,0.8484414604108248,Medical Care Facilities,Healthcare,HCA
2020Q2,2020,Q2,2020-07-30,2020-06-30,1079000000.0,11068000000.0,1974000000.0,3.16,9320000000.0,0.8420672208167691,48709000000.0,-1786000000.0,14031000000.0,12856000000.0,48141000000.0,1834000000.0,-1315000000.0,32802436424.0,60637436424.0,-5.28464281614059,1.0913970130678283,0.6666735100289474,-18.181970884658455,0.04775925545681583,-5.28464281614059,-0.6041433370660694,2.963718505963137,7.600193796107508,-18.36642576931691,0.0009267840593141798,0.9531079607415486,3.0485540374932244e-05,0.22722700117021494,0.8382856253889235,0.022151963702806463,4.111611484582602,0.8420672208167691,0.8698224852071007,1.6221992660101974,0.3779002735060691,0.7028676395975352,-0.13205438629167443,0.8571428571428571,0.2995391705069124,0.7634828649428267,0.10729462082857551,0.7176427481208275,Medical Care Facilities,Healthcare,HCA
2020Q1,2020,Q1,2020-05-06,2020-03-31,581000000.0,12861000000.0,1519000000.0,1.69,10738000000.0,0.8349272995879015,45421000000.0,-2962000000.0,11016000000.0,7019000000.0,46124000000.0,1953000000.0,-2394000000.0,30334033874.999996,65961033875.0,-8.773501773509178,1.5694543382248183,0.8004667444574096,-12.274814314652263,0.037513697076742195,-8.773501773509178,-0.1961512491559757,2.358606163984138,13.0525102732358,-10.241064778865631,0.26161790017211706,1.0870455709165388,0.005010873285971763,0.2831509654124744,1.085767203305314,0.012791440082781092,58.11117600574712,0.8349272995879015,-0.45307443365695793,0.22342926855922912,0.6541279236163375,0.5162507581185913,-0.048977061376317424,-0.45751633986928103,-0.24950592885375494,-0.03717906116948956,0.3221549808615459,0.5390133099140039,Medical Care Facilities,Healthcare,HCA
2019Q4,2019,Q4,2020-02-20,2019-12-31,1071000000.0,13523000000.0,2024000000.0,3.09,11291000000.0,0.8349478665976484,45058000000.0,-2808000000.0,11196000000.0,7757000000.0,45623000000.0,1849000000.0,-2351000000.0,50025644136.0,84975644136.0,-8.29675433806792,1.443341498001805,0.7894491544231879,-12.667735042735043,0.046322963982766086,-8.29675433806792,-0.3814102564102564,3.6993007569326335,11.677321226890758,-17.815400333333333,0.12698412698412698,1.2071389940508384,0.002718605674127246,0.30012428425584803,1.031455459584891,0.023769363930933464,40.63821619496344,0.8349478665976484,0.7556818181818181,1.5248359063489272,0.7435345542974638,0.5580691866117699,0.06478687287815918,0.75,0.2386780905752754,0.274509458446395,0.3913360057341191,0.5789858482970555,Medical Care Facilities,Healthcare,HCA
2019Q3,2019,Q3,2019-11-01,2019-09-30,612000000.0,12694000000.0,1634000000.0,1.76,10604000000.0,0.8353552859618717,43912000000.0,-3565000000.0,10769000000.0,7124000000.0,45359000000.0,1769000000.0,-3107000000.0,40949194302.0,76075194302.0,-10.483656817126501,1.511650758001123,0.812648023319366,-10.009817671809257,0.03799625265254492,-10.483656817126501,-0.17166900420757364,3.22587004112179,16.727612051470587,-11.486450014586255,0.2222222222222222,1.1814584511023176,0.003321188666057774,0.28907815631262523,1.079449747332959,0.013936964838768447,41.488545392097265,0.8353552859618717,-0.21777777777777776,0.5057139934819331,0.7546415008628062,0.38469751318358325,0.011446012972148036,-0.21839080459770116,-0.009096422073984234,0.09538465484600941,0.3671990752499858,0.4920351588149664,Medical Care Facilities,Healthcare,HCA
2019Q2,2019,Q2,2019-08-02,2019-06-30,783000000.0,12602000000.0,1649000000.0,2.25,10484000000.0,0.8319314394540549,45449000000.0,-3902000000.0,12869000000.0,8961000000.0,47219000000.0,1826000000.0,-3474000000.0,45947670272.0,81170670272.0,-11.425499419062254,1.4361120410668453,0.8284670729829039,-9.64966683751922,0.0362380827550049,-11.425499419062254,-0.20066632496155817,3.6460617578162196,14.67039280715198,-11.77541524141466,0.17496807151979565,1.1599123767798467,0.002981652806094203,0.2772778278950032,1.0767771454078785,0.01722810182842307,44.47983569409487,0.8319314394540549,-0.2424242424242425,1.0476480692869816,0.7245605974329425,0.3831477251815697,0.0007636502481863307,-0.24639076034648702,-0.1371009942438514,0.3242738043214385,0.3590761231646209,0.46436492043815586,Medical Care Facilities,Healthcare,HCA
2019Q1,2019,Q1,2019-05-03,2019-03-31,1039000000.0,12517000000.0,1911000000.0,2.97,10476000000.0,0.8369417592074778,43379000000.0,-4354000000.0,11108000000.0,10531000000.0,45634000000.0,1778000000.0,-3983000000.0,45273165390.0,81051165390.0,-12.692748895506377,1.0547906181749123,0.8370179118928514,-8.339228295819936,0.04621410964228101,-12.692748895506377,-0.2386311437758383,3.6169342006870657,10.893446917709335,-10.398062790537436,0.13570741097208855,1.1479190101237344,0.0031144276921079676,0.28854975910002534,0.7550090209856614,0.023951681689296664,234.57598647668394,0.8369417592074778,-0.013289036544850363,2.8773317915240533,0.835219795935615,0.2797479533204244,0.01985981308411215,-0.023496240601503758,-0.0062402496099844,0.718041287756203,0.4000076567848085,0.3387373474436097,Medical Care Facilities,Healthcare,HCA
2018Q4,2018,Q4,2019-02-21,2018-12-31,1064000000.0,12274000000.0,1923000000.0,3.01,10272000000.0,0.8368909890826136,39207000000.0,-4950000000.0,10213000000.0,7569000000.0,42125000000.0,1732000000.0,-4572000000.0,42673307640.0,74992307640.0,-14.435897615364695,1.3493195930770248,0.8371209222842859,-6.63050505050505,0.05769011259997881,-14.435897615364695,-0.21494949494949495,3.4767237770897834,10.026623035714286,-8.62087023030303,0.1137218045112782,1.1558891454965359,0.0028354961612251533,0.3130563419797485,0.9632712379442463,0.027138011069451885,41.75470414872798,0.8368909890826136,0.39999999999999997,2.2171847478389015,0.7808635354799898,0.2326386535302562,0.07436460621273926,0.4018445322793149,0.2777408637873754,1.125913678220893,0.3926167316464071,0.2425120346777709,Medical Care Facilities,Healthcare,HCA
2018Q3,2018,Q3,2018-11-06,2018-09-30,759000000.0,11451000000.0,1505000000.0,2.15,9561000000.0,0.8349489127587111,38044000000.0,-5605000000.0,10010000000.0,6231000000.0,41774000000.0,1634000000.0,-5342000000.0,48415537740.00001,80944537740.0,-16.242337412898472,1.6064837104798588,0.8702292082851435,-5.906690454950937,0.04586723142645498,-16.242337412898472,-0.13541480820695806,4.228061980613048,15.947146818181817,-8.637919311329172,0.15942028985507245,1.156670746634027,0.0024991976883493765,0.3009935863736726,1.1410688493018777,0.01995058353485438,55.33204313142858,0.8349489127587111,-0.06926406926406932,1.697031944813058,0.756368418464367,0.13208713230203287,-0.005305867665418227,-0.07439024390243902,-0.09227985524728588,1.0213330716276556,0.3892652304436214,0.08113374032289232,Medical Care Facilities,Healthcare,HCA
2018Q2,2018,Q2,2018-08-03,2018-06-30,820000000.0,11529000000.0,1658000000.0,2.31,9612000000.0,0.8337236533957846,37742000000.0,-5989000000.0,10394000000.0,7625000000.0,41867000000.0,1636000000.0,-5731000000.0,35577596520.0,67901596520.0,-17.27130160843142,1.3631475409836065,0.879444650521965,-5.542160627817665,0.047558068318631345,-17.27130160843142,-0.13691768241776592,3.085922154566745,10.846828207317072,-5.940490318918016,0.14878048780487804,1.171760391198044,0.003429124278572824,0.30546870860049813,0.9783606557377049,0.021726458587250277,51.93809710948905,0.8337236533957846,-0.27358490566037735,1.4992906067025507,0.7590500727633104,0.1248524006521084,0.01093815734118637,-0.28321678321678323,0.06555269922879177,0.9422032203243496,0.39886835503854945,0.028910222945975988,Medical Care Facilities,Healthcare,HCA
2018Q1,2018,Q1,2018-05-08,2018-03-31,1144000000.0,11423000000.0,1556000000.0,3.18,9508000000.0,0.8323557734395518,37299000000.0,-6244000000.0,10391000000.0,7478000000.0,41733000000.0,1677000000.0,-6051000000.0,34045787500.0,66250787500.0,-17.789807329320844,1.3895426584648303,0.8925440360331376,-5.331678411274824,0.04792254755055053,-17.789807329320844,-0.1832158872517617,2.9804593801978463,7.440075939685315,-5.452560458039718,0.10751748251748251,1.1419200954084674,0.0036127817575081797,0.30625485937960806,0.9919764642952661,0.030671063567387864,56.18116749174917,0.8323557734395518,1.4461538461538461,3.224455525398854,0.7192573534825322,0.1492335198344803,-0.011128445137805512,1.4135021097046414,-0.136993899057127,1.3171235664615346,0.41317181734679653,0.019113914724475826,Medical Care Facilities,Healthcare,HCA
2017Q4,2017,Q4,2018-02-23,2017-12-31,474000000.0,11562000000.0,1803000000.0,1.3,9615000000.0,0.8316035288012454,36593000000.0,-6806000000.0,9977000000.0,6158000000.0,41588000000.0,1573000000.0,-6532000000.0,30752046144.0,63078046144.0,-19.4406263960632,1.6201688860019487,0.9033968245292816,-4.85718483690861,0.03197108833206027,-19.4406263960632,-0.06964443138407288,2.6597514395433315,16.219433620253163,-4.518372927416985,0.0,1.2377622377622377,0.0,0.31596206924821685,1.1745696654758038,0.01295329707867625,40.89367838297872,0.8316035288012454,0.1304347826086958,0.9110275619731711,0.7354720572600992,0.10806526844094305,0.07803565422132526,0.11267605633802817,0.4730392156862745,0.08026227640595625,0.44111174511229523,-0.03551479119599988,Medical Care Facilities,Healthcare,HCA
2017Q3,2017,Q3,2017-11-07,2017-09-30,426000000.0,10696000000.0,1224000000.0,1.15,8919000000.0,0.8338631264023935,35731000000.0,-6780000000.0,9448000000.0,5611000000.0,40797000000.0,1546000000.0,-6516000000.0,28412022282.0,60647022282.0,-18.99267129400599,1.683835323471752,0.9222523858834065,-4.860324483775811,0.031858416466978616,-18.99267129400599,-0.06283185840707965,2.656322202879581,16.673721996478875,-4.19056375840708,0.0,1.149417852522639,0.0,0.2993479051803756,1.193726608447692,0.011922420307296185,101.83520531182796,0.8338631264023935,-0.3428571428571429,0.4631170073675504,0.6404030220862247,-0.0666805234460169,-0.0021257552025061533,-0.3515981735159817,-0.2133676092544987,-0.0016018675648717521,0.40836230889791963,-0.11471007515217155,Medical Care Facilities,Healthcare,HCA
2017Q2,2017,Q2,2017-08-04,2017-06-30,657000000.0,10733000000.0,1556000000.0,1.75,8938000000.0,0.8327587813286127,34566000000.0,-6792000000.0,9337000000.0,5771000000.0,39645000000.0,1544000000.0,-6503000000.0,31644444000.0,62600444000.0,-18.716157566238167,1.6179171720672327,0.9159578776832725,-4.661513545347468,0.04288055618336636,-18.716157566238167,-0.09673144876325088,2.948331687319482,12.041264840182649,-4.65907597173145,0.0,1.1625647668393781,0.0,0.31050743505178496,1.1240686189568532,0.01900711681999653,47.16012518628912,0.8327587813286127,0.005747126436781614,1.0348847920859778,0.6023020977101383,0.0021538379100588295,0.012689780194878767,-0.0030349013657056147,0.05563093622795115,0.6169255056323719,0.38226464910645347,-0.010468247132583703,Medical Care Facilities,Healthcare,HCA
2017Q1,2017,Q1,2017-05-09,2017-03-31,659000000.0,10623000000.0,1474000000.0,1.74,8826000000.0,0.8308387461169161,33795000000.0,-7017000000.0,9037000000.0,5463000000.0,39152000000.0,1501000000.0,-6701000000.0,32810141353.0,63571141353.0,-19.032006698224844,1.6542192934285191,0.93250480840361,-4.491093059712128,0.04385795680000944,-19.032006698224844,-0.09391477839532564,3.0885946863409584,12.446942850151745,-4.675807517885136,0.0,1.1972018654230514,0.0,0.3143364403018198,1.1746293245469521,0.019499926024559845,46.27664506770099,0.8308387461169161,-0.27196652719665276,0.4509412675863535,0.37298167532027227,0.03137604000994737,-0.0014707546102500284,-0.28369565217391307,-0.12935617247489664,1.2880666699761585,0.4491083406180907,-0.07997423486955085,Medical Care Facilities,Healthcare,HCA
2016Q4,2016,Q4,2017-02-22,2016-12-31,920000000.0,10641000000.0,1693000000.0,2.39,8839000000.0,0.8306550136265388,33758000000.0,-7302000000.0,9086000000.0,5834000000.0,39391000000.0,1503000000.0,-6968000000.0,27427067318.0,58157067318.0,-19.706592532599405,1.557422008913267,0.9294389478049647,-4.296904957545878,0.04875555429332508,-19.706592532599405,-0.1259928786633799,2.5774896455220375,7.453007423369566,-3.756103439879485,0.0,1.1989354624085162,0.0,0.31521417145565495,1.1093589304079534,0.02725279933645358,33.32571970595383,0.8306550136265388,0.5031446540880503,-0.4380635369611004,0.5083457641137565,-0.04507463155200452,0.031268230078170575,0.4886731391585761,0.17569444444444443,1.574265370370473,0.42875604121867755,-0.047532878319326316,Medical Care Facilities,Healthcare,HCA
2016Q3,2016,Q3,2016-11-03,2016-09-30,618000000.0,10270000000.0,1440000000.0,1.59,8571000000.0,0.8345666991236611,33127000000.0,-7763000000.0,8843000000.0,5155000000.0,39290000000.0,1503000000.0,-7426000000.0,28447528704.0,59211528704.0,-20.6385481181515,1.7154219204655674,0.9491049597005464,-4.050109493752415,0.044506759069911625,-20.6385481181515,-0.07960839881489115,2.7699638465433303,11.507899961165048,-3.66450195852119,0.0,1.130405854956753,0.0,0.3100190177196849,1.1988360814742969,0.018655477405137802,57.586090493927124,0.8345666991236611,-0.036363636363636265,12.693934929006007,0.7244244939545302,-0.029329872335318,-0.003487966515521451,-0.060790273556231005,-0.07276239536381197,1.01469558411936,0.4451711834515592,-0.10282535247190411,Medical Care Facilities,Healthcare,HCA
2016Q2,2016,Q2,2016-08-04,2016-06-30,658000000.0,10319000000.0,1553000000.0,1.65,8601000000.0,0.8335109991278224,33205000000.0,-8107000000.0,9095000000.0,5396000000.0,39703000000.0,1481000000.0,-7767000000.0,29268543816.000004,60029543816.0,-21.330752699036157,1.6855077835433654,0.9472067459719922,-3.879610213395831,0.046484443290722134,-21.330752699036157,-0.08116442580486,2.836374049423394,11.120267407294833,-3.610280475638337,0.0,1.1600270087778528,0.0,0.3107664508357175,1.178650852483321,0.019816292726998946,42.66551576676385,0.8335109991278224,-0.023668639053254458,3.071628016393353,0.8135044909948004,-0.3233298216029046,0.006435759419611514,-0.05187319884726225,0.027116402116402115,0.8298018005502267,0.4364794845215561,-0.08084251205085882,Medical Care Facilities,Healthcare,HCA
2016Q1,2016,Q1,2016-05-06,2016-03-31,694000000.0,10260000000.0,1512000000.0,1.69,8546000000.0,0.8329434697855751,32776000000.0,-7556000000.0,9201000000.0,5398000000.0,38775000000.0,1415000000.0,-7266000000.0,30724382500.0,60426382500.0,-19.194716118379272,1.7045201926639497,0.9322064925555285,-4.043673901535204,0.048693215729301055,-19.194716118379272,-0.0918475383800953,2.9945791910331385,11.06786113112392,-4.066223200105876,0.0,1.2113074204946996,0.0,0.3130339272638516,1.2471285661356057,0.02117402977788626,34.52177808988764,0.8329434697855751,0.20714285714285718,2.263010584698759,0.43731537033081724,0.045203663021689884,-0.001985285530771926,0.19243986254295534,-0.07973219720024345,1.2849967271126812,0.376859002782923,0.08204620952275742,Medical Care Facilities,Healthcare,HCA
2015Q4,2015,Q4,2016-02-26,2015-12-31,582000000.0,10249000000.0,1643000000.0,1.4,8563000000.0,0.8354961459654601,32744000000.0,-7599000000.0,9232000000.0,5516000000.0,38790000000.0,1439000000.0,-7338000000.0,26966698281.0,56713698281.0,-19.057593356250596,1.6736765772298767,0.9311018812606889,-4.012106856165285,0.05035601639720343,-19.057593356250596,-0.07658902487169364,2.6311540912284124,11.583633282216494,-3.5487167102250297,0.0,1.1716469770674078,0.0,0.31300390911312,1.2019579405366208,0.017774248717322257,35.76485183156499,0.8354961459654601,0.3333333333333332,1.291018890298165,0.4759007486945594,0.2901709639415372,0.04274232830004871,0.2962138084632517,0.24093655589123866,1.0601787139437557,0.3507017282183391,0.12563880051667337,Medical Care Facilities,Healthcare,HCA
2015Q3,2015,Q3,2015-10-29,2015-09-30,449000000.0,9856000000.0,1324000000.0,1.05,8212000000.0,0.833198051948052,31896000000.0,-7294000000.0,9221000000.0,6313000000.0,37708000000.0,1379000000.0,-6989000000.0,31921698888.0,61085698888.0,-17.67649779479995,1.4606367812450498,0.9327815400050163,-4.078969015629284,0.04007227092787517,-17.67649779479995,-0.061557444474910884,3.238808734577922,17.77377443652561,-4.376432531944063,0.0,1.192168237853517,0.0,0.309004263857537,1.0161571360684303,0.01407700025081515,59.77846233707865,0.833198051948052,-0.11016949152542364,0.9105014487478449,0.3326524700175529,0.2648634207388272,-0.0018232648596086059,-0.11439842209072978,-0.1340745585349902,0.3341046774163019,0.3076874855232265,0.007239390996031709,Medical Care Facilities,Healthcare,HCA
2015Q2,2015,Q2,2015-08-05,2015-06-30,507000000.0,9897000000.0,1529000000.0,1.18,8227000000.0,0.8312619985854299,31710000000.0,-7406000000.0,9293000000.0,6310000000.0,37665000000.0,1348000000.0,-7120000000.0,37776443040.0,66840443040.0,-17.78548391357494,1.4727416798732171,0.9377798801639862,-4.01525789900081,0.04627280862616516,-17.78548391357494,-0.06845800702133405,3.8169589815095484,18.627437396449704,-5.100788960302458,0.0,1.238872403560831,0.0,0.3121097445600757,1.0264659270998415,0.015988647114474928,75.70429466933868,0.8312619985854299,-0.1323529411764707,0.7729608955782473,0.3074484898823913,0.2790246423613951,0.023513311769096792,-0.14213197969543148,0.04084411164057182,0.36850181810798094,0.28762620042325154,0.051772416359272266,Medical Care Facilities,Healthcare,HCA
2015Q1,2015,Q1,2015-05-05,2015-03-31,591000000.0,9676000000.0,1469000000.0,1.36,8038000000.0,0.8307151715584953,31288000000.0,-7620000000.0,9130000000.0,7172000000.0,37510000000.0,1287000000.0,-7280000000.0,31607734040.0,60464734040.0,-18.136466197625598,1.2730061349693251,0.9410317054461774,-3.8639107611548558,0.044959459207860306,-18.136466197625598,-0.07755905511811023,3.2666116205043405,13.3704458714044,-4.147996593175853,0.01015228426395939,1.2727272727272727,0.00018982695793399556,0.30925594477115825,0.9082543223647518,0.01888903093837893,55.258276293706295,0.8307151715584953,0.142857142857143,0.5467862196129416,0.3024729691524848,0.24968350765558522,0.007646985082111069,0.12144212523719165,-0.011440107671601614,0.14186955416768485,0.09743299459429934,0.07695410225930671,Medical Care Facilities,Healthcare,HCA
2014Q4,2014,Q4,2015-02-26,2014-12-31,527000000.0,9636000000.0,1486000000.0,1.19,7977000000.0,0.8278331257783312,31199000000.0,-7894000000.0,8930000000.0,5480000000.0,37697000000.0,1279000000.0,-7575000000.0,30858873081.0,59937873081.0,-18.773876106211528,1.6295620437956204,0.950190711240745,-3.755383835824677,0.04771016512587433,-18.773876106211528,-0.06675956422599442,3.2024567331880447,14.63893409914611,-3.9091554447681784,0.0,1.2971071149335418,0.0,0.3088560530786243,1.1423357664233578,0.016891567037405044,33.074890762057876,0.8278331257783312,0.025862068965517265,1.4756573171023133,0.2856751148790168,0.10861694746320052,0.03853664887384455,0.017374517374517374,0.09748892171344166,-0.7163406400439497,0.20365596743428102,0.004388931163737954,Medical Care Facilities,Healthcare,HCA
2014Q3,2014,Q3,2014-11-04,2014-09-30,518000000.0,9220000000.0,1354000000.0,1.16,7681000000.0,0.8330802603036876,29825000000.0,-7384000000.0,8527000000.0,5632000000.0,35843000000.0,1258000000.0,-8054000000.0,30561865924.0,58516865924.0,-17.038216229823938,1.5140269886363635,0.9545683151718357,-3.8556338028169015,0.04223280803908582,-17.038216229823938,-0.07015167930660889,3.3147360004338395,14.749935291505789,-4.138930921451788,0.0,1.2233704292527823,0.0,0.3091366303436714,1.072265625,0.017367979882648786,54.67238984615385,0.8330802603036876,0.08411214953271014,1.6018542542254945,0.20495889127631872,0.21657073547413166,-0.0022083658093011173,0.07246376811594203,-0.11906310995445674,8.96213507387646,0.34365428625377054,0.15023359025717117,Medical Care Facilities,Healthcare,HCA
2014Q2,2014,Q2,2014-08-05,2014-06-30,483000000.0,9230000000.0,1537000000.0,1.07,7698000000.0,0.8340195016251354,29822000000.0,-7990000000.0,8772000000.0,5895000000.0,36410000000.0,1211000000.0,-8572000000.0,24320798464.0,52650798464.0,-18.522261950683955,1.4880407124681934,0.9720340688082624,-3.628035043804756,0.051173436661055796,-18.522261950683955,-0.060450563204005006,2.634972747995666,12.588405002070393,-3.0439046888610766,0.0,1.2650701899256813,0.0,0.3095030514385353,1.0398642917726888,0.016196096841258133,32.99972654545454,0.8340195016251354,0.4078947368421053,0.6940339297574352,0.21997249096805416,0.16691801891534233,0.05452054794520548,0.3919308357348703,0.2937710437710438,1.6332407428433378,0.4291702226245946,-0.14909501547914963,Medical Care Facilities,Healthcare,HCA
2014Q1,2014,Q1,2014-05-06,2014-03-31,347000000.0,8832000000.0,1188000000.0,0.76,7300000000.0,0.8265398550724637,29809000000.0,-7828000000.0,8877000000.0,5891000000.0,36276000000.0,1187000000.0,-9055000000.0,23320557750.0,51394557750.0,-17.622648840806562,1.5068748939059582,0.9703109799053977,-3.694941236586612,0.037597871913270436,-17.622648840806562,-0.04432805314256515,2.6404617017663043,16.801554574927952,-2.97912081630046,0.020172910662824207,1.290648694187026,0.00030016434748435635,0.2962863564695226,1.0760482091325752,0.011640779630312993,542.3385523255814,0.8265398550724637,-0.1739130434782609,-0.07418506192603101,0.14158698524211263,0.2396044456741178,0.0038503850385038503,-0.18160377358490565,-0.05187549880287311,0.445836262749762,0.0964640465049956,0.12340247924031844,Medical Care Facilities,Healthcare,HCA
2013Q4,2013,Q4,2014-02-26,2013-12-31,424000000.0,8836000000.0,1253000000.0,0.92,7272000000.0,0.8229968311453146,28831000000.0,-8270000000.0,8037000000.0,5695000000.0,35759000000.0,1179000000.0,-9403000000.0,20973506840.0,48935506840.0,-18.812385692577866,1.4112379280070237,0.9842183760535534,-3.431197097944377,0.04315639610066647,-18.812385692577866,-0.051269649334945586,2.3736426935264827,12.366454504716982,-2.5360951438935913,0.007075471698113208,1.3265479219677694,0.00014303759609139355,0.3064756685512122,0.9871817383669886,0.014706392424820506,33.2912806984127,0.8229968311453146,0.16455696202531644,0.49098055179833133,0.18041655747070318,0.21731853557612785,0.03900557222460351,0.16164383561643836,0.08861859252823631,0.5139038562267879,0.15413900949323867,0.2993040961416675,Medical Care Facilities,Healthcare,HCA
2013Q3,2013,Q3,2013-11-06,2013-09-30,365000000.0,8456000000.0,1151000000.0,0.79,6999000000.0,0.8276963103122044,28393000000.0,-8376000000.0,7771000000.0,5419000000.0,35437000000.0,1135000000.0,-9827000000.0,19133762850.0,47026762850.0,-18.714248880742243,1.4340284185274035,0.999436480822738,-3.387893982808023,0.038337384129367,-18.714248880742243,-0.04357688634192932,2.2627439510406813,13.105317020547945,-2.2843556411174784,0.00821917808219178,1.2837004405286343,0.0001567909053498068,0.29781988518296765,0.9979701051854586,0.012855281231289402,42.614171158129174,0.8276963103122044,-0.13186813186813187,3.0458239870251864,0.15121234893690186,0.28151463545279565,0.0027220630372492838,-0.13711583924349882,-0.08067092651757188,0.4318554028154981,0.05411126811248683,0.22170505349321754,Medical Care Facilities,Healthcare,HCA
2013Q2,2013,Q2,2013-08-07,2013-06-30,423000000.0,8450000000.0,1252000000.0,0.91,6980000000.0,0.8260355029585799,27934000000.0,-8823000000.0,7791000000.0,6020000000.0,35419000000.0,1152000000.0,-10193000000.0,16514651285.999998,44252651286.0,-19.735301360937257,1.294186046511628,1.0095224457650176,-3.19619177150629,0.04304840188753108,-19.735301360937257,-0.047942876572594356,1.9543966018934908,9.760432202127658,-1.8717727854471267,0.0,1.2760416666666667,0.0,0.30249874704660984,0.8931893687707642,0.015142836686475264,51.287736913043474,0.8260355029585799,0.2297297297297298,1.863027882404177,0.15532882551648977,0.17327785938628518,0.0027294928889527365,0.22965116279069767,0.10211267605633803,0.3777710969931365,0.03973635921932685,0.19998432283603934,Medical Care Facilities,Healthcare,HCA
2013Q1,2013,Q1,2013-05-07,2013-03-31,344000000.0,8440000000.0,1136000000.0,0.74,6961000000.0,0.8247630331753555,27882000000.0,-9323000000.0,7787000000.0,5991000000.0,35894000000.0,1104000000.0,-10616000000.0,18155264464.0,46169264464.0,-20.91032938422747,1.299783007845101,1.0260383042823327,-3.0685401694733456,0.04037680407916342,-20.91032938422747,-0.036897994207873,2.151097685308057,13.194232895348838,-1.9473629157996353,0.029069767441860465,1.3396739130434783,0.0005508044247897881,0.3027042536403414,0.9132031380403939,0.012337708916146618,54.03352519047619,0.8247630331753555,0.08823529411764697,0.9363842897698195,0.13322909724309828,0.1524323975463071,0.0040386557046011825,0.09554140127388536,-0.007860262008733625,-0.15158420293590388,0.07058904772687703,0.13492712271622503,Medical Care Facilities,Healthcare,HCA
2012Q4,2012,Q4,2012-12-31,2012-12-31,314000000.0,8434000000.0,1145000000.0,0.68,6933000000.0,0.8220298790609438,28075000000.0,-9660000000.0,7763000000.0,6172000000.0,36416000000.0,1086000000.0,-10960000000.0,13371350034.0,41596350034.0,-21.79601904511776,1.2577770576798444,1.0304541406945682,-2.994824016563147,0.0457149936651753,-21.79601904511776,-0.03250517598343685,1.5854102482807684,10.645979326433121,-1.3841977260869567,6.8949044585987265,1.3821362799263353,0.16191334416457173,0.30040961709706143,0.8711924821775762,0.01118432769367765,19.987070304932736,0.8220298790609438,-0.12820512820512817,0.08733093480053522,0.1795944457182628,0.11753838435237068,0.036787797218483624,-0.12777777777777777,0.025985663082437275,0.3994351846043927,0.06760664955671306,-0.034874305107357936,Medical Care Facilities,Healthcare,HCA
2012Q3,2012,Q3,2012-09-30,2012-09-30,360000000.0,8062000000.0,1116000000.0,0.78,6687000000.0,0.8294467873976681,27302000000.0,-7859000000.0,7272000000.0,5861000000.0,33865000000.0,1052000000.0,-9103000000.0,14896676250.0,41357676250.0,-17.805398033000817,1.2407439003583007,0.9864845066295509,-3.4270263392289095,0.039322864273158925,-17.805398033000817,-0.04580735462527039,1.8477643574795337,10.344914062500001,-1.8954925881155364,0.002777777777777778,1.3070342205323193,6.712906847257287e-05,0.29528972236466194,0.865040095546835,0.013185847190682002,87.11506578947369,0.8294467873976681,-0.08235294117647053,0.15995858472120572,0.1863279684911911,0.29147900599049026,-0.0004484304932735426,-0.0792838874680307,-0.028720626631853787,0.7754468133487843,0.03451326496995016,0.18129517213385457,Medical Care Facilities,Healthcare,HCA
2012Q2,2012,Q2,2012-06-30,2012-06-30,391000000.0,8112000000.0,1149000000.0,0.85,6690000000.0,0.8247041420118343,27132000000.0,-8243000000.0,7137000000.0,5447000000.0,34075000000.0,1055000000.0,-9463000000.0,13373163390.0,39896163390.0,-18.75655614793173,1.3102625298329356,0.9966460268317854,-3.2804804076185854,0.04241045641327015,-18.75655614793173,-0.047434186582554896,1.6485655066568048,8.550615978260868,-1.6223660548344048,0.0,1.347867298578199,0.0,0.2989827509951349,0.9184872406829447,0.014411027568922305,13.227659139465876,0.8247041420118343,-0.2796610169491525,2.2723775859440423,0.1703669650478981,0.2661551156996046,-0.14010282776349614,-0.2759259259259259,-0.17634408602150536,0.3460843970549962,0.05243876891718639,0.15638009031248032,Medical Care Facilities,Healthcare,HCA
2012Q1,2012,Q1,2012-03-31,2012-03-31,540000000.0,9199000000.0,1395000000.0,1.18,7780000000.0,0.84574410261985,27139000000.0,-8613000000.0,7282000000.0,5615000000.0,34463000000.0,1046000000.0,-9854000000.0,10844880434.0,38275880434.0,-19.648498782148952,1.2968833481745325,1.0281145215372711,-3.239521653314757,0.04798870888109682,-19.648498782148952,-0.06269592476489028,1.1789194949451027,5.020777978703703,-1.2591292736561013,1.8185185185185184,1.3565965583173996,0.09054963823495114,0.3389586941302185,0.952626892252894,0.01989756439072921,23.473767173160173,0.84574410261985,-0.7329382532299742,1.9199339073137447,0.3409451357086087,0.24585010364359833,0.11270022883295194,-0.7209302325581395,0.15194054500412882,0.4599669536568724,0.20488368606195403,0.15219152023687696,Medical Care Facilities,Healthcare,HCA
2011Q4,2011,Q4,2012-02-24,2011-12-31,1935000000.0,8338000000.0,1211000000.0,4.418453838003726,6992000000.0,0.8385704005756777,26898000000.0,-8258000000.0,7233000000.0,5554000000.0,33912000000.0,1054000000.0,-9423000000.0,9647730080.0,36326730080.0,-18.85663658616784,1.3023046453006841,1.0057253327384936,-3.275853717607169,0.05361744315041328,-18.85663658616784,-0.23431823686122547,1.1570796449988008,1.246476754521964,-1.1682889416323565,0.0,1.2770398481973435,0.0,0.30998587255558036,0.8833273316528628,0.07193843408431853,10.9883030523918,0.8385704005756777,39.16776216367024,14.452093625028526,0.25184427876947907,0.2926606046534693,0.030204803300427286,30.721311475409838,0.23319755600814665,5.830273269034348,0.11813042325328979,0.21547749559517895,Medical Care Facilities,Healthcare,HCA
2011Q3,2011,Q3,2011-11-09,2011-09-30,61000000.0,8050000000.0,982000000.0,0.11,6787000000.0,0.8431055900621118,23756000000.0,-10194000000.0,6693000000.0,4271000000.0,32818000000.0,891000000.0,-11358000000.0,10249686720.0,36486686720.0,-20.05047038159621,1.5670803090611098,1.119548745580064,-2.6089856778497156,0.07106609049263277,-20.05047038159621,-0.005983912105159898,1.2732530086956522,42.006912786885245,-1.005462695703355,0.01639344262295082,1.4175084175084176,9.756395754503607e-05,0.33886176123926587,1.0030437836572232,0.002567772352247853,21.08989037037037,0.8431055900621118,-0.7441860465116279,-0.7983026973921015,0.02819626916185832,-2.578147255292467,0.0028073286052009458,-0.7336244541484717,-0.007077856420626896,-0.4047654116189462,-0.035214984158616146,0.23021385398542865,Medical Care Facilities,Healthcare,HCA
2011Q2,2011,Q2,2011-08-05,2011-06-30,229000000.0,8063000000.0,989000000.0,0.43,6768000000.0,0.8393898052833932,23877000000.0,-8681000000.0,6891000000.0,4278000000.0,31411000000.0,887000000.0,-11419000000.0,17772381000.0,42553381000.0,-16.118999474521733,1.6107994389901823,1.060434727980902,-2.9167146642091923,0.04072885186411585,-16.118999474521733,-0.026379449372192144,2.2041896316507503,19.40216266375546,-2.047273470798295,0.0,1.459977452085682,0.0,0.33768898940402897,1.0483870967741935,0.009590819617204841,59.04445514950166,0.8393898052833932,-0.17307692307692313,-0.4204440849988873,-0.053498251844963284,-2.342963826712634,-0.0017699115044247787,-0.04583333333333333,-0.1444636678200692,0.2866532878632588,-0.08486239544935299,0.32476664498752383,Medical Care Facilities,Healthcare,HCA
2011Q1,2011,Q1,2011-05-11,2011-03-31,240000000.0,8055000000.0,1156000000.0,0.52,6780000000.0,0.8417132216014898,23809000000.0,-8930000000.0,6986000000.0,4267000000.0,31597000000.0,881000000.0,-11648000000.0,15045121739.999998,39858121740.0,-20.103466440943535,1.6372158425123038,1.0653954386996514,-2.84053751399776,0.04543783448419354,-20.103466440943535,-0.026875699888017916,1.8677990986964617,15.672001812499998,-1.6847840694288911,0.125,1.4472190692395006,0.0019940018112475574,0.33831744298374566,1.0810874150456995,0.010080221764878827,25.543500407470287,0.8417132216014898,-0.1837984452296819,-0.4231163389866639,0.14389217985597436,-2.785991075914568,0.04953560371517028,-0.1519434628975265,0.1377952755905512,0.3559967550534113,0.08556320829965196,0.1851373290555991,Medical Care Facilities,Healthcare,HCA
2010Q4,2010,Q4,2011-02-17,2010-12-31,283000000.0,7736000000.0,1016000000.0,0.6370975367062732,6460000000.0,0.8350568769389866,23852000000.0,-11926000000.0,6919000000.0,4269000000.0,34646000000.0,897000000.0,-11888000000.0,13779146040.0,41593146040.0,-26.848145663459416,1.6207542750058561,1.1833389233607245,-2.366677846721449,0.04354616020910651,-26.848145663459416,-0.02372966627536475,1.7811719286452947,12.172390494699647,-1.1553870568505786,7.088339222614841,1.4225195094760312,0.1455823165076201,0.32433338923360727,0.9939095806980558,0.011864833137682374,1531.0162266666666,0.8350568769389866,0.1472268851279012,-0.2067331944960592,0.14073499285508045,-3.234121265278525,0.007328863246530485,0.1646090534979424,0.08315565031982942,-0.022227159987715843,0.07953075966502128,-0.08700850142752678,Medical Care Facilities,Healthcare,HCA
2010Q3,2010,Q3,2010-11-09,2010-09-30,243000000.0,7647000000.0,938000000.0,0.555337,6413000000.0,0.8386295279194456,23253000000.0,-10259000000.0,6551000000.0,4330000000.0,32495000000.0,815000000.0,-10090000000.0,13234838100.0,38936838100.0,-24.04518873562949,1.512933025404157,1.1215327054573603,-2.542060629691003,0.041175024582104224,-24.04518873562949,-0.02368651915391364,1.7307229109454687,13.616088580246913,-1.2900709718296128,0.0,1.5141104294478527,0.0,0.32886079215585085,0.9267898383371824,0.010450264482002323,14.139784294871795,0.8386295279194456,-0.17064862217071583,-0.08739478367433039,0.33465415705334145,-2.6964884584046414,-0.014142966948501152,-0.17064846416382254,-0.11509433962264151,-0.19000000000000009,0.16410412543766176,0.043182242119007556,Medical Care Facilities,Healthcare,HCA
2010Q2,2010,Q2,2010-08-11,2010-06-30,293000000.0,7756000000.0,1060000000.0,0.669604,6505000000.0,0.8387055183084065,23420000000.0,-10525000000.0,6792000000.0,4397000000.0,32928000000.0,805000000.0,-10333000000.0,13234838100.0,39682838100.0,-24.668643283214774,1.544689561064362,1.1442356959863365,-2.546128266033254,0.04790346426165803,-24.668643283214774,-0.02783847980997625,1.7063999613202683,11.292523976109216,-1.2574668028503564,1.7064846416382253,1.5540372670807454,0.037779079443366975,0.33116994022203244,0.9367750739140323,0.01251067463706234,103.39717265625,0.8387055183084065,-0.24484527653316587,-0.2479986677876464,0.32817445205188667,-2.78850285123911,0.02537831021437579,-0.24484536082474226,-0.0790616854908775,1.5258620689655171,0.15262297518204784,0.03484640073360849,Medical Care Facilities,Healthcare,HCA
2010Q1,2010,Q1,2010-05-07,2010-03-31,388000000.0,7544000000.0,1151000000.0,0.886711,6344000000.0,0.8409331919406151,24091000000.0,-10313000000.0,6738000000.0,4571000000.0,33389000000.0,794000000.0,-10126000000.0,13234838100.0,39701838100.0,-24.17175469641748,1.4740756945963684,1.1147316425221037,-2.603994957820227,0.04835080269025449,-24.17175469641748,-0.03762241830699117,1.7543528764581124,8.527601868556701,-1.2833160186172792,4.512886597938144,1.5113350125944585,0.13230233621067114,0.3131459881283467,0.9332749945307373,0.016105599601510937,19.264684279475983,0.8409331919406151,0.7514800078935187,-0.060561381971665044,0.223234449717664,-2.9391587300300785,-0.0031426775612822125,0.7962962962962963,0.249728555917481,1.1555555555555554,0.12984873446158468,0.07223821518531846,Medical Care Facilities,Healthcare,HCA
2009Q4,2009,Q4,2010-03-01,2009-12-31,216000000.0,7605000000.0,921000000.0,0.5062638431519612,6364000000.0,0.8368178829717291,24131000000.0,-8986000000.0,6577000000.0,4313000000.0,32109000000.0,802000000.0,-8763000000.0,13234838100.0,38592838100.0,-21.06151340075705,1.5249246464178066,1.063776884505408,-2.8566659247718675,0.03720972760391277,-21.06151340075705,-0.0240373914978856,1.740281143984221,15.318099652777779,-1.4728286334297798,0.0,1.5473815461346634,0.0,0.3151547801583026,0.9283561326223047,0.00895114168496954,441.16127,0.8368178829717291,0.1302399127354991,-0.3275888536645497,0.28336383842882085,-3.043903504349619,0.005847953216374269,0.10204081632653061,0.06351039260969978,0.7704918032786886,0.17198335644937596,0.2099525232987516,Medical Care Facilities,Healthcare,HCA
2009Q3,2009,Q3,2009-11-12,2009-09-30,196000000.0,7533000000.0,866000000.0,0.447926,6327000000.0,0.8399044205495818,24120000000.0,-9279000000.0,6301000000.0,4104000000.0,32409000000.0,745000000.0,-8979000000.0,13234838100.0,38705838100.0,-21.748250928736333,1.5353313840155944,1.0743781094527363,-2.7927578402845135,0.03513335435850283,-21.748250928736333,-0.021122965836835865,1.756914655515731,16.881171045918368,-1.4263215971548657,0.0,1.6187919463087248,0.0,0.3123134328358209,0.9605263157894737,0.00812603648424544,17.764883355704697,0.8399044205495818,-0.30496458302623103,-0.02637764513487953,0.4665596672910579,-2.6050202513141447,0.9011418269230769,-0.3049645390070922,-0.11451942740286299,-0.22772931291089993,0.1465456076315673,-2.7117774225436775,Medical Care Facilities,Healthcare,HCA
2009Q2,2009,Q2,2009-08-14,2009-06-30,282000000.0,7483000000.0,978000000.0,0.644465,3328000000.0,0.44474141387144195,24241000000.0,-9486000000.0,6448000000.0,3395000000.0,32722000000.0,730000000.0,-9175000000.0,13234838100.0,39329838100.0,-22.233420445090296,1.899263622974963,1.0950455839280557,-2.798334387518448,0.03978253063568019,-22.233420445090296,-0.029728020240354206,1.7686540291327009,11.7330125,-1.3951969323213156,0.0,5.691780821917808,0.0,0.3086918856482818,1.2164948453608246,0.01163318344952766,31.140795529411765,0.44474141387144195,-0.2166673554371951,-0.09464295987496812,0.44976365178434263,-2.690058926120809,0.009096422073984234,-0.21666666666666667,-0.055984555984555984,-0.09912651610508151,0.1088054231877951,-2.8523903700750832,Medical Care Facilities,Healthcare,HCA
2009Q1,2009,Q1,2009-05-14,2009-03-31,360000000.0,7431000000.0,1036000000.0,0.822722,3298000000.0,0.443816444623873,24284000000.0,-9888000000.0,6489000000.0,3897000000.0,33153000000.0,717000000.0,-9457000000.0,13234838100.0,39445838100.0,-23.175633708734225,1.6651270207852193,1.09401251853072,-2.686792071197411,0.04334937542018583,-23.175633708734225,-0.03640776699029126,1.7810305611626969,9.190859791666666,-1.3384747269417474,0.0,5.764295676429568,0.0,0.30600395322022733,1.0844239158326918,0.014824575852413112,57.54277434782609,0.443816444623873,0.27180599605072464,0.19284321463273704,0.4308040841511214,-2.8201903867729174,-0.46005239030779305,0.30434782608695654,0.24819277108433735,-0.0990863484919458,0.09867812484240789,-3.0589222810930066,Medical Care Facilities,Healthcare,HCA
2008Q4,2008,Q4,2009-03-04,2008-12-31,276000000.0,7265000000.0,830000000.0,0.6468926884719504,6108000000.0,0.8407432897453544,24280000000.0,-10255000000.0,6301000000.0,3910000000.0,33540000000.0,737000000.0,-9817000000.0,13234838100.0,39758838100.0,-24.035813479274825,1.6115089514066496,1.1115733113673805,-2.6317893710385176,0.044017667017532125,-24.035813479274825,-0.02691370063383715,1.8217258224363386,11.988077989130435,-1.290574168698196,0.0,1.5698778833107192,0.0,0.2992174629324547,1.0856777493606138,0.011367380560131795,275.72579375,0.8407432897453544,2.291421491266112,-0.004709683689719392,0.4838167541321035,-2.8880520536006236,0.042142979013820164,2.2093023255813953,0.25188536953242835,-0.19453699485172227,0.11534080610413261,-3.000097984249275,Medical Care Facilities,Healthcare,HCA
2008Q3,2008,Q3,2008-11-13,2008-09-30,86000000.0,7002000000.0,663000000.0,0.196539,5861000000.0,0.8370465581262496,23793000000.0,-11113000000.0,6098000000.0,3643000000.0,33937000000.0,716000000.0,-10082000000.0,13234838100.0,39831838100.0,-26.046805967350668,1.6738951413670051,1.136510738452486,-2.4332763430216864,0.0219615570681564,-26.046805967350668,-0.0077386844236479796,1.8901511139674378,38.47336656976744,-1.1909329703950329,0.0,1.5935754189944134,0.0,0.29428823603580884,1.1372495196266814,0.003614508468877401,29.94307262443439,0.8370465581262496,-0.3900717803576915,-0.6723373640042087,0.4921252775442063,-3.1184281248370564,0.960200668896321,-0.3900709219858156,-0.033527696793002916,-0.677020376115195,0.22208034623872064,-2.8377109112243666,Medical Care Facilities,Healthcare,HCA
2008Q2,2008,Q2,2008-08-13,2008-06-30,141000000.0,6980000000.0,686000000.0,0.322233,2990000000.0,0.4283667621776504,24070000000.0,-10185000000.0,6289000000.0,3404000000.0,34255000000.0,715000000.0,-10168000000.0,13234838100.0,40481838100.0,-23.87174649306817,1.8475323149236194,1.1472787702534275,-2.711340206185567,0.03100222117520361,-23.87174649306817,-0.013843888070692194,1.8961086103151863,23.466025,-1.2994440942562593,0.0,5.580419580419581,0.0,0.2899875363523058,1.2602820211515864,0.005857914416285833,-62.428481603773584,0.4283667621776504,-0.17058637296110496,-0.30224159449672444,0.5163643121126336,-3.022819144681096,-0.4978165938864629,-0.17058823529411765,-0.16646415552855406,-0.6381153998568537,0.19528850893787641,-2.730726987161077,Medical Care Facilities,Healthcare,HCA
2008Q1,2008,Q1,2008-05-12,2008-03-31,170000000.0,7127000000.0,823000000.0,0.388507,5954000000.0,0.8354146204574154,24492000000.0,-10526000000.0,6501000000.0,3756000000.0,34065000000.0,705000000.0,-10309000000.0,13234838100.0,40252838100.0,-24.670987097303442,1.7308306709265175,1.1223664870161685,-2.61153334600038,0.028638720221134888,-24.670987097303442,-0.016150484514535435,1.8569998737196576,19.462997205882353,-1.2573473399201975,0.0,1.6638297872340426,0.0,0.29099297729870977,1.226038338658147,0.006941041972889106,-163.39306296296297,0.8354146204574154,-0.4037465680395684,-0.5656258324694163,0.6197086383948532,-3.0880574375134886,0.03153153153153153,-0.38848920863309355,0.040455120101137804,-0.5883902962246986,0.15561928991752258,-2.979209230320625,Medical Care Facilities,Healthcare,HCA
2007Q4,2007,Q4,2008-03-28,2007-12-31,278000000.0,6883000000.0,791000000.0,0.6515803166492834,5772000000.0,0.8385878250762748,24025000000.0,-10538000000.0,6205000000.0,3849000000.0,33625000000.0,710000000.0,-10479000000.0,13234838100.0,40149838100.0,-24.69911286636744,1.6121070407898155,1.1366493236212278,-2.5913835642436895,0.037571868170921945,-24.69911286636744,-0.026380717403681912,1.922829885224466,11.901832823741007,-1.255915553235908,0.0,1.564788732394366,0.0,0.2864932362122789,1.114055598856846,0.011571279916753382,-367.63439166666666,0.8385878250762748,-0.04962169447056906,4.266122993712374,0.6417841166026611,-3.2147203297275357,0.0525164113785558,-0.07333333333333333,0.26156299840510366,-0.13458195054974445,0.16152443128278418,-3.3969124336563867,Medical Care Facilities,Healthcare,HCA
2007Q3,2007,Q3,2007-11-08,2007-09-30,300000000.0,6569000000.0,627000000.0,0.685601,5484000000.0,0.8348302633581975,23777000000.0,-10722000000.0,6029000000.0,3709000000.0,33584000000.0,689000000.0,-10757000000.0,13234838100.0,40432838100.0,-25.130374658682072,1.6255055270962524,1.1584724733986627,-2.5690169744450664,0.032982658065574995,-25.130374658682072,-0.027979854504756575,2.014741680621099,11.02903175,-1.2343628147733632,0.0,1.5747460087082727,0.0,0.2762753921857257,1.1334591534106229,0.012617235143205618,51.497424513618675,0.8348302633581975,1.5862074168518179,0.8070314422659995,0.6055169465402517,-3.038936187737548,-0.026451269305876088,1.5862068965517242,-0.23443223443223443,0.4902382982629395,0.27888363924531523,-2.854620878822099,Medical Care Facilities,Healthcare,HCA
2007Q2,2007,Q2,2007-08-14,2007-06-30,116000000.0,6729000000.0,819000000.0,0.265099,5633000000.0,0.8371229008768019,23704000000.0,-10905000000.0,5946000000.0,3353000000.0,33718000000.0,689000000.0,-11057000000.0,13234838100.0,40976838100.0,-25.55929263690804,1.7733373098717566,1.1852851839352008,-2.5764328289775333,0.028486495271141037,-25.55929263690804,-0.010637322329206786,1.9668358002674988,28.52335797413793,-1.2136486107290234,0.0,1.590711175616836,0.0,0.2838761390482619,1.2382940650164032,0.0048936888288896386,-46.114418466898954,0.8371229008768019,-0.3555563118526064,-0.6013543227465483,0.650766889349003,-3.0711583123119617,0.010584858270541802,-0.35555555555555557,-0.11074918566775244,-0.6275836288847386,0.3036829630972659,-2.94287292740327,Medical Care Facilities,Healthcare,HCA
2007Q1,2007,Q1,2007-05-15,2007-03-31,180000000.0,6677000000.0,921000000.0,0.411361,5574000000.0,0.8348060506215366,23643000000.0,-11116000000.0,5918000000.0,3590000000.0,33800000000.0,676000000.0,-11173000000.0,13234838100.0,40728838100.0,-26.05383740961667,1.6484679665738162,1.1801801801801801,-2.510165527168046,0.03206330811024919,-26.05383740961667,-0.016192875134940627,1.9821533772652389,18.381719583333332,-1.190611559913638,0.0,1.6316568047337279,0.0,0.2824091697331134,1.1888579387186629,0.007613247049866768,735.2687833333333,0.8348060506215366,0.4386002250409836,-0.44287855679495297,0.6327626745648792,-3.283015775811896,0.028792912513842746,0.47540983606557374,-0.00967741935483871,-0.4035783926836315,0.28562493202490086,-3.0462415391755404,Medical Care Facilities,Healthcare,HCA
