Quarters,Year,Quarter,FillingDate,Date,NetIncome,Revenue,OperatingIncome,EPSDiluted,GrossProfit,GrossProfitRatio,TotalAssets,CommonStockEquity,CurrentAssets,CurrentLiability,TotalLiability,Inventory,RetainedEarnings,MarketCap,EnterpriseValue,bookValuePerShare,currentRatio,debtToAssets,debtToEquity,roic,shareholdersEquityPerShare,roe,priceToSalesRatio,peRatio,pbRatio,payoutRatio,inventoryTurnover,dividendYield,assetTurnover,quickRatio,returnOnAssets,priceToFreeCashFlowsRatio,grossProfitMargin,epsdilutedGrowth,fiveYNetIncomeGrowthPerShare,fiveYRevenueGrowthPerShare,fiveYShareholdersEquityGrowthPerShare,grossProfitGrowth,netIncomeGrowth,operatingIncomeGrowth,threeYNetIncomeGrowthPerShare,threeYRevenueGrowthPerShare,threeYShareholdersEquityGrowthPerShare,Industry,Sector,Symbol
2023Q1,2023,Q1,2023-05-04,2023-03-31,-28700000.0,132200000.0,10400000.0,-0.21,87700000.0,0.6633888048,8150000000.0,1924900000.0,541500000.0,13000000.0,6178600000.0,0.0,47900000.0,2288574208.62,7525174208.62,13.953705708872825,41.65384615384615,0.6853865030674846,2.9019169827004,0.0012190217048595217,13.953705708872825,-0.014909865447555718,17.31145392299546,-19.93531540609756,1.1889314814379968,-1.5156794425087108,0.0,0.019007467547329526,0.01622085889570552,41.65384615384615,-0.003521472392638037,-21.54966298135593,0.6633888048411498,-2.3125,-11.824589550539606,-0.2565468916836365,0.5343681275571285,-0.026637069922308545,-1.9409836065573771,-0.654485049833887,-4.209024852391483,0.0897601890865493,0.21330785414175718,Real Estate Services,Real Estate,KW
2022Q4,2022,Q4,2023-02-22,2022-12-31,30500000.0,139600000.0,30100000.0,0.16,90100000.0,0.6454154728,8271800000.0,1964000000.0,629500000.0,16200000.0,6261400000.0,-12700000.0,122100000.0,2156754582.84,7304454582.84,14.324170327863339,38.858024691358025,0.6754273555937039,2.844704684317719,0.002953877088851888,14.324170327863339,0.015529531568228106,15.449531395702007,17.678316252786885,1.0981438812830957,1.3344262295081968,-3.8976377952755907,0.018870946339386706,0.01687661693948113,38.858024691358025,0.003687226480330762,-154.05389877428573,0.6454154727793696,0.3333333333333334,-0.6849608089068233,-0.21189296286872414,0.47365014726378135,-0.024891774891774892,0.2551440329218107,-0.48896434634974534,-0.8060873408901947,0.0010640778504141814,0.19384996840668164,Real Estate Services,Real Estate,KW
2022Q3,2022,Q3,2022-11-03,2022-09-30,24300000.0,139600000.0,58900000.0,0.12,92400000.0,0.6618911175,8084500000.0,1926400000.0,602100000.0,613900000.0,6141300000.0,-13800000.0,132500000.0,2115559912.0400002,7222659912.04,14.077665128037694,0.9807786284411142,0.6837033830168842,2.8692898671096345,0.004972998112819411,14.077665128037694,0.012614202657807308,15.154440630659026,21.765019671193418,1.0981934759343854,1.7407407407407407,-3.420289855072464,0.01999470672480781,0.017267610860288204,0.9807786284411142,0.0030057517471705113,-64.49877780609756,0.66189111747851,19.18181818181818,3.2340318892560047,-0.5879354122519684,0.5553877376495955,0.003257328990228013,28.0,0.40572792362768495,0.2005639249469328,-0.0016134032065237016,0.5951212807902418,Real Estate Services,Real Estate,KW
2022Q2,2022,Q2,2022-08-05,2022-06-30,-900000.0,136100000.0,41900000.0,-0.0066,92100000.0,0.6767083027,8320100000.0,1966200000.0,644700000.0,612000000.0,6329700000.0,2171800000.0,149200000.0,2591757497.98,7848857497.98,14.368561884753683,1.0534313725490196,0.6872152978930541,2.907995117485505,0.009815328153671964,14.368561884753683,-0.00045773573390296,19.04303819235856,-719.9326383277778,1.3181555782626386,-41.22222222222222,0.020259692421033246,0.014314610849554987,0.016357976466629006,4.621078431372549,-0.00010817177678152906,602.734301855814,0.6767083027185893,-1.0244444444444445,-1.0781711599699348,-0.3750312973632279,0.5623479497043797,0.08736717827626919,-1.0225,-0.5671487603305785,-1.018076877712613,-0.03362434640314896,0.6098468709265638,Real Estate Services,Real Estate,KW
2022Q1,2022,Q1,2022-05-05,2022-03-31,40000000.0,124700000.0,96800000.0,0.27,84700000.0,0.6792301524,8067800000.0,2037500000.0,706800000.0,591000000.0,6004600000.0,0.0,191600000.0,3336924923.1,8288424923.1,14.892341345766251,1.1959390862944161,0.6710131634398473,2.6569815950920246,0.01078122025036154,14.892341345766251,0.0196319018404908,26.759622478748998,20.855780769375002,1.6377545634846626,1.01,0.0,0.012106955035256963,0.015456506110711718,1.1746192893401015,0.0049579811100919705,-39.02836167368421,0.6792301523656776,-0.15624999999999997,39.99229223575815,-0.4131183878531525,0.629693569372824,-0.07532751091703056,-0.09706546275395034,-0.1986754966887417,8.70940854664516,-0.09466503152749614,0.6914257526022834,Real Estate Services,Real Estate,KW
2021Q4,2021,Q4,2022-02-25,2021-12-31,44300000.0,131400000.0,120800000.0,0.32,91600000.0,0.697108067,7876500000.0,1777600000.0,756800000.0,637700000.0,6072600000.0,0.0,192400000.0,3277733027.7599998,8187833027.76,12.950746031018173,1.1867649364905128,0.6900146003935759,3.05743699369937,0.010262343259718436,12.950746031018173,0.02492124212421242,24.944695797260273,18.497364716478554,1.8439092190369035,0.7629796839729119,0.0,0.010312005191923422,0.01668253665968387,4.220009408812921,0.005624325525296769,196.27143878802394,0.6971080669710806,-0.3191489361702127,1.2650239024621868,-0.4190316232021281,0.35290225450738844,0.1698595146871009,-0.36894586894586895,12.96039603960396,0.4849976260516611,-0.24328695411936982,0.4673458589481031,Real Estate Services,Real Estate,KW
2021Q3,2021,Q3,2021-11-04,2021-09-30,70200000.0,114400000.0,-10100000.0,0.47,78300000.0,0.6844405594405595,7774600000.0,1799800000.0,1075400000.0,562600000.0,5941700000.0,0.0,196300000.0,2906515053.6800003,7444815053.68,12.954282122959674,1.9114824031283328,0.6918812543410593,2.9887209689965553,-0.0009893337192399122,12.954282122959674,0.03900433381486832,25.40660011958042,10.350837085754986,1.614910019824425,0.48717948717948717,0.0,0.011766668800389889,0.014714583386926659,1.8849982225382154,0.009029403441977722,-56.6572135220273,0.6844405594405595,-0.6928104575163399,28.44497897768618,-0.4868026284957006,0.32362531764665653,0.0653061224489796,-0.6804733727810651,0.6130268199233716,4.8880361849027505,-0.37511652018454256,0.457779722507741,Real Estate Services,Real Estate,KW
2021Q2,2021,Q2,2021-08-06,2021-06-30,219700000.0,108400000.0,-26100000.0,1.53,73500000.0,0.6780442804428044,7187900000.0,1797200000.0,926500000.0,604100000.0,5360100000.0,0.0,165400000.0,2767104306.96,6836604306.96,12.905319076761574,1.5336864757490483,0.6616675245899358,2.6463387491653685,-0.0030793166452902573,12.905319076761574,0.12224571555753394,25.526792499630997,3.1487304357760584,1.5396752208769198,0.162949476558944,0.0,0.012937712506880757,0.015080899845573812,1.517629531534514,0.030565255498824412,-251.55493699636364,0.6780442804428044,164.32493313076924,157.4094613158759,-0.519038602283953,0.31300925565870075,0.13425925925925927,170.0,-0.21962616822429906,1.0365612003121896,-0.4955088997411201,0.43736833960831845,Real Estate Services,Real Estate,KW
2021Q1,2021,Q1,2021-05-06,2021-03-31,-1300000.0,99400000.0,-21400000.0,-0.009367828724442069,64800000.0,0.6519114688128773,7648500000.0,1617800000.0,1648900000.0,494900000.0,6002200000.0,0.0,-18900000.0,2804598671.9900002,6873298671.99,11.657902546463367,3.331784198828046,0.7200496829443682,3.4041908764989492,0.004368678717108915,11.657902546463367,-0.0008035603906539745,28.21527839024145,-539.3458984596153,1.73358800345531,-28.384615384615383,0.0,0.013156962658695707,0.0129960122899915,3.3055162659123054,-0.00016996796757534158,-22.635986053188056,0.6519114688128773,-1.0077420072102827,0.8517240614280002,-0.5454497151522292,0.14271544441012568,-0.07560627674750357,-1.0074584050487665,0.4964705882352941,0.4225436881122952,-0.44432262609845974,0.28191854369454256,Real Estate Services,Real Estate,KW
2020Q4,2020,Q4,2021-02-26,2020-12-31,174300000.0,106500000.0,-42500000.0,1.21,70100000.0,0.6582159624413145,7329000000.0,1644500000.0,1086600000.0,561800000.0,5656300000.0,0.0,17700000.0,2476615066.58,6956015066.58,11.879159340101538,1.9341402634389462,0.6951152954018284,3.097902097902098,-0.004805141161856752,11.879159340101538,0.10598966251140164,23.254601564131455,3.552230445467585,1.505998824311341,0.20137693631669534,0.0,0.014172569840847405,0.014531313958248056,1.9131363474546101,0.023782234957020056,-28.565341021683967,0.6582159624413145,7.722222222222222,3.7258797718658796,-0.4964522750254426,0.1404616994306875,-0.10128205128205128,9.379807692307692,-19.238095238095237,0.7831421593631782,-0.40451170173839457,0.22211091534275212,Real Estate Services,Real Estate,KW
2020Q3,2020,Q3,2020-11-05,2020-09-30,-20800000.0,114200000.0,-2100000.0,-0.18,78000000.0,0.6830122591943958,7176600000.0,1488900000.0,862300000.0,523900000.0,5660000000.0,0.0,-122500000.0,2034534297.84,6443434297.84,10.625934408160147,1.6459247948081694,0.7156731599921968,3.4495936597488077,-0.00019213933236574747,10.625934408160147,-0.013970044999664182,17.815536758669,-24.453537233653844,1.3664680622204313,-1.6730769230769231,0.0,0.017104651436422598,0.015912827801465874,1.6171025004771904,-0.0028983083911601594,83.04221623836735,0.6830122591943958,0.4,-2.0355770555297474,-0.44999980188833116,0.020085183529385795,0.07290233837689133,0.4497354497354497,0.7640449438202247,-0.8675140146712929,-0.6707972766414821,0.17401912385345886,Real Estate Services,Real Estate,KW
2020Q2,2020,Q2,2020-08-06,2020-06-30,-37800000.0,106900000.0,-8900000.0,-0.3,72700000.0,0.6800748362956034,7069500000.0,1547800000.0,869500000.0,468300000.0,5480400000.0,0.0,-70200000.0,2134135873.94,6411535873.940001,11.038433066826515,1.8567157804825967,0.7089751750477403,3.238209070939398,-0.0012540913654157143,11.038433066826515,-0.02442175991730198,19.963852889990648,-14.114655250925926,1.3788188874143947,-0.9232804232804233,0.0,0.016353223066143535,0.015121295706909966,1.8300234892163143,-0.005346912794398472,-30.31443002755682,0.6800748362956034,-6.5112877678571435,-1.8792774547279205,-0.437188919928602,0.026560141903273184,-0.09801488833746898,-5.75,-0.36923076923076925,-4.204076096964269,-0.5209456099541849,0.20025047796918588,Real Estate Services,Real Estate,KW
2020Q1,2020,Q1,2020-05-08,2020-03-31,-5600000.0,123300000.0,-6500000.0,-0.03993988904056933,80600000.0,0.6536901865369019,6948000000.0,1612500000.0,786600000.0,496100000.0,5293000000.0,0.0,3400000.0,1881627661.1,6012927661.1,11.500548406771081,1.585567425922193,0.6904001151410478,2.9748217054263564,-0.02991699691078728,11.500548406771081,-0.0034728682170542635,15.260564972424978,-84.00123487053573,1.1669008751007752,-6.232142857142857,0.0,0.018547771549870525,0.017746113989637307,1.558758314855876,-0.0008059873344847438,-25.393085844804318,0.6536901865369019,-1.035660615214794,-1.437606994416011,-0.4153498630339749,-0.0029826302516694062,-0.10643015521064302,-1.0348909657320873,0.4881889763779528,-6.599944233929927,-0.4337599441991471,0.258524052573102,Real Estate Services,Real Estate,KW
2019Q4,2019,Q4,2020-02-28,2019-12-31,160500000.0,142300000.0,-12700000.0,1.12,90200000.0,0.6338721011946592,7304500000.0,1678700000.0,702000000.0,538400000.0,5585300000.0,0.0,46200000.0,3120026115.5,7593026115.5,11.998300211022705,1.3038632986627043,0.6909302484769663,3.006433549770656,-0.0018162956414448815,11.998300211022705,0.09560969798058021,21.92569301124385,4.85985376246106,1.858596601834753,0.18255451713395637,0.0,0.009390947035488043,0.01948114176192758,1.277303120356612,0.021972756519953455,-119.08496624045802,0.6338721011946592,6.466666666666668,4.594132461677467,-0.3518833527049534,0.201466402306059,0.040369088811995385,6.753623188405797,-1.5918367346938775,7.050632248502852,-0.38276873421450036,0.2534048128865136,Real Estate Services,Real Estate,KW
2019Q3,2019,Q3,2019-10-31,2019-09-30,20700000.0,143000000.0,-4900000.0,0.15,86700000.0,0.6062937062937063,6935800000.0,1235100000.0,524500000.0,527100000.0,5660100000.0,0.0,-80100000.0,3067649594.5600004,7814849594.56,8.82545126666698,0.995067349649023,0.7400732431731019,4.155938790381346,-0.0005043084258234775,8.82545126666698,0.01675977653631285,21.45209506685315,37.04890814685991,2.4837256858230106,1.3719806763285025,0.0,0.009257902222718979,0.020617664869229217,0.960728514513375,0.0029845151244268864,-55.37273636389892,0.6062937062937063,-0.5833333333333334,67.01918608517231,-0.1977580113630973,-0.17539360063876622,-0.08447729672650475,-0.59251968503937,-48.0,9.034185070720582,-0.3631456314627491,-0.09824484094621011,Real Estate Services,Real Estate,KW
2019Q2,2019,Q2,2019-08-01,2019-06-30,50800000.0,143700000.0,-100000.0,0.36,94700000.0,0.6590118302018093,6996200000.0,1246200000.0,540800000.0,523100000.0,5705900000.0,0.0,-71800000.0,2839945203.72,7618745203.719999,8.92542150700564,1.0338367424966546,0.7408021497384294,4.158883004333173,-1.3549031613671433e-05,8.92542150700564,0.04076392232386455,19.76301463966597,13.976108286023623,2.2788839702455466,0.5807086614173228,0.0,0.010387524365385082,0.020539721563134272,1.0040145287707896,0.0072610845887767644,-60.42436603659574,0.6590118302018093,9.999999999999998,-0.15540494950242129,-0.0027937657801952826,-0.1849026554713726,0.12872467222884387,10.584905660377359,0.9919354838709677,37.07159340236791,-0.3640743270156483,-0.09191233632834682,Real Estate Services,Real Estate,KW
2019Q1,2019,Q1,2019-05-02,2019-03-31,-5300000.0,140700000.0,-12400000.0,-0.04,83900000.0,0.5963041933191187,7239600000.0,1230500000.0,555200000.0,483300000.0,5937400000.0,0.0,-92100000.0,3004761697.0,8015961697.0,8.804608374239404,1.148768880612456,0.7533703519531466,4.432425843153189,-0.0005300028637251508,8.804608374239404,-0.004307192198293377,21.355804527363183,-141.73404231132076,2.4419030451036163,-5.716981132075472,0.0,0.010083994358105664,0.01943477540195591,1.1210428305400373,-0.0007320846455605282,-36.64343532926829,0.5963041933191187,-1.1904761904761905,-1.267411463484187,0.7230625074292516,-0.1853234696865074,-0.1593186372745491,-1.1726384364820848,-0.3626373626373626,0.3997446562671237,-0.3611153066381017,-0.13696636842462473,Real Estate Services,Real Estate,KW
2018Q4,2018,Q4,2019-03-01,2018-12-31,30700000.0,178700000.0,-9100000.0,0.21,99800000.0,0.5584778959149412,7357100000.0,1246700000.0,634500000.0,513100000.0,5925900000.0,0.0,-56400000.0,2566578729.65,7491378729.65,8.825966933455062,1.2366010524264277,0.7357246741243153,4.341702093526911,-0.0007859585417960671,8.825966933455062,0.02462501002646988,14.362499886121993,20.90047825447883,2.0586979462982278,0.8794788273615635,0.0,0.010519840941595405,0.024289461880360467,1.209900604170727,0.004172839841785486,1974.2913305000002,0.5584778959149412,1.3333333333333333,8.356797475610763,2.379301959120252,-0.09048100584004462,-0.10251798561151079,1.537190082644628,-1.2791411042944785,-0.18422167168707823,-0.1719356465365065,-0.1526608104272489,Real Estate Services,Real Estate,KW
2018Q3,2018,Q3,2018-11-01,2018-09-30,12100000.0,185800000.0,32600000.0,0.09,111200000.0,0.5984930032292788,7381400000.0,1253000000.0,591100000.0,534300000.0,5939600000.0,0.0,-56700000.0,2999142594.5099998,7985042594.51,8.886309723580947,1.10630731798615,0.7322865581055085,4.31388667198723,0.003189912431010008,8.886309723580947,0.00965682362330407,16.141779303067814,61.96575608491736,2.393569508786911,2.206611570247934,0.0,0.008902544363470736,0.025171376703606363,1.072992700729927,0.0016392554257999836,93.43123347383177,0.5984930032292788,-0.8831168831168832,4.066285690996369,1.8824887034589541,-0.15723005720282285,-0.05602716468590832,-0.8895985401459854,0.9520958083832335,-0.40134966601330224,-0.11077589723264138,-0.14691804625513574,Real Estate Services,Real Estate,KW
2018Q2,2018,Q2,2018-08-03,2018-06-30,109600000.0,218300000.0,16700000.0,0.77,117800000.0,0.5396243701328447,7505400000.0,1270300000.0,601900000.0,516900000.0,6055700000.0,0.0,-40700000.0,2992374861.75,8084074861.75,8.978435604250377,1.1644418649642096,0.7379753244330749,4.360229866960561,0.0020860193844630466,8.978435604250377,0.08627883177202236,13.707626485341274,6.825672586108577,2.3556442271510667,0.2572992700729927,0.0,0.009423952981448349,0.029085724944706477,1.1319404140065776,0.01460281930343486,274.5298038302752,0.5396243701328447,39.5,128.2723938754028,2.045803266820799,-0.006863972943819215,0.0718835304822566,46.666666666666664,-0.39928057553956836,1.526658107837014,0.13904388557017971,-0.1650169845511893,Real Estate Services,Real Estate,KW
2018Q1,2018,Q1,2018-05-04,2018-03-31,-2400000.0,190700000.0,27800000.0,-0.02,109900000.0,0.5762978500262191,7962800000.0,1345400000.0,568000000.0,504800000.0,6396100000.0,0.0,-121500000.0,2574190486.7999997,8032490486.799999,9.09410555281056,1.1251980982567353,0.7398528155925052,4.37884643972053,0.0010670916608705933,9.09410555281056,-0.0017838561022744165,13.498639154693233,-268.144842375,1.913327253456221,-19.375,0.0,0.018063931258562215,0.02394886220927312,1.0964738510301109,-0.0003014015170543025,52.749805057377046,0.5762978500262191,-1.028985507246377,0.37129125358674203,2.559852392319084,-0.10771496209220716,0.024231127679403542,-1.0241935483870968,7.465116279069767,0.009905512824615255,-0.14301462098608445,-0.2116044489549226,Real Estate Services,Real Estate,KW
2017Q4,2017,Q4,2018-02-27,2017-12-31,99200000.0,181500000.0,-4300000.0,0.69,107300000.0,0.5911845730027548,7724800000.0,1365600000.0,584000000.0,485400000.0,6147300000.0,0.0,-90600000.0,2437518398.9,7748118398.9,9.720197398588752,1.2031314379892872,0.7329510149130074,4.146089630931459,-0.0007312057990515072,9.720197398588752,0.07264206209724663,13.429853437465566,6.142939513356855,1.7849431743555948,0.021169354838709676,0.0,0.0008615319584654971,0.023495753935376968,1.1757313555830242,0.01284175642087821,-43.06569609363958,0.5911845730027548,9.624999999999998,2.9170204236708015,2.413875322191292,0.15294265572344493,-0.2832331329325317,12.146067415730338,-1.0730050933786077,3.212257403335629,-0.1767535838461933,-0.026654576665931264,Real Estate Services,Real Estate,KW
2017Q3,2017,Q3,2017-11-03,2017-09-30,-8900000.0,277200000.0,58900000.0,-0.08,149700000.0,0.54004329004329,8536600000.0,1013400000.0,1488500000.0,513400000.0,6142300000.0,0.0,-160400000.0,2076982581.8000002,7542982581.8,9.050904020441218,2.899298792364628,0.7003842279127521,5.899842115650286,0.013532918997782807,9.050904020441218,-0.008782316952832051,7.492722156565657,-58.34220735393259,2.0495190268403394,-2.157303370786517,0.0,0.00924417959411122,0.03247194433380971,2.8696922477600313,-0.0010425696413091862,33.82707787947883,0.54004329004329,-2.0,-0.09694365444970907,8.429134720447447,0.04041251167211271,0.3759191176470588,-1.946808510638298,3.565891472868217,-34.478568389913306,0.9437429778115024,-0.15432841338675385,Real Estate Services,Real Estate,KW
2017Q2,2017,Q2,2017-08-04,2017-06-30,9400000.0,177800000.0,12900000.0,0.08,108800000.0,0.6119235095613048,8284300000.0,1027500000.0,1503900000.0,452200000.0,5932600000.0,0.0,-132000000.0,2128341285.6000001,7389541285.6,9.19677456450878,3.3257408226448475,0.703789095035187,5.674355231143553,0.001340088959948581,9.19677456450878,0.009148418491484185,11.97042342857143,56.60482142553192,2.0713783801459855,2.0638297872340425,0.0,0.0091150794899564,0.02146228407952392,3.2972136222910216,0.0011346764361503084,37.3393208,0.6119235095613048,10.217049915872126,5.1221076048023955,5.216540054967799,0.25820438231632836,-0.03801945181255526,10.75,-0.6868932038834952,-0.8046895882011346,0.541958536962291,-0.16012184748074393,Real Estate Services,Real Estate,KW
2017Q1,2017,Q1,2017-05-10,2017-03-31,800000.0,174200000.0,41200000.0,0.007132,113100000.0,0.6492537313432836,7626000000.0,1025000000.0,1007100000.0,392500000.0,5288800000.0,0.0,-121900000.0,2490117323.4,7858717323.4,9.13812364829878,2.565859872611465,0.6420535011801731,4.776878048780488,-0.00195691824430446,9.13812364829878,0.0007804878048780488,14.29458853846154,778.1616635624999,2.429382754536585,23.125,0.0,0.007429368819755105,0.022842905848413322,2.535796178343949,0.0001049042748492001,222.331903875,0.6492537313432836,-0.9451384615384616,1.2772682174455336,5.716289359507583,0.13551024888540109,0.028181818181818183,-0.9487179487179487,-0.22846441947565543,-0.9497080033924636,1.6580296750706343,-0.15446382724378285,Real Estate Services,Real Estate,KW
2016Q4,2016,Q4,2017-02-27,2016-12-31,15600000.0,180400000.0,53400000.0,0.13,110000000.0,0.6097560975609756,7659100000.0,1048000000.0,1078100000.0,423300000.0,5316000000.0,0.0,-112200000.0,2244330324.0,7502330324.0,9.572565932143952,2.546893456177652,0.6388087373190061,4.6686068702290076,0.007115508833554232,9.572565932143952,0.014885496183206106,12.440855454545455,35.96683211538462,2.14153656870229,1.108974358974359,0.0,0.007708312726963805,0.023553681241921375,2.522797070635483,0.0020367928346672584,91.60531934693877,0.6097560975609756,8.06122482,-0.26564426998116153,1.584356890287185,0.19379150409225504,-0.029982363315696647,8.8,0.3383458646616541,5.823272184787561,3.401550894268284,-0.01354371665143372,Real Estate Services,Real Estate,KW
2016Q3,2016,Q3,2016-11-04,2016-09-30,-2000000.0,174300000.0,39900000.0,-0.018410403763351638,113400000.0,0.6506024096385542,7966800000.0,1063200000.0,1162700000.0,454700000.0,5438800000.0,0.0,-106700000.0,2449701841.4,7843601841.4,9.786970640597731,2.5570705959973608,0.625608776422152,4.687829194883371,0.004646968548480447,9.786970640597731,-0.0018811136192626034,14.054514293746415,-306.21273017500005,2.3040837484951093,-8.25,0.0,0.006735513571957916,0.021878294923934328,2.525841213987244,-0.00025104182356780637,36.078083083946986,0.6506024096385542,-0.8252566518236524,0.832360667521101,4.527834820651318,0.2744832661782638,0.02254283137962128,-0.8181818181818182,1.4478527607361964,0.3421601409673123,2.5097989030348873,-0.07181215335690427,Real Estate Services,Real Estate,KW
2016Q2,2016,Q2,2016-08-05,2016-06-30,-1100000.0,176500000.0,16300000.0,-0.010086474000769927,110900000.0,0.628328611898017,7696300000.0,1071900000.0,1098600000.0,436500000.0,5132200000.0,0.0,-88100000.0,2067719601.3600001,7252419601.360001,9.828810437659351,2.5168384879725085,0.6101243454647038,4.380725813975184,0.0010192607886452187,9.828810437659351,-0.001026215132008583,11.715125220169972,-469.9362730363637,1.9290228578785333,-15.181818181818182,0.0,0.00807653029405724,0.022933097722282136,2.488888888888889,-0.00014292582149864221,106.58348460618558,0.628328611898017,0.8559075142747153,-2.843765640320001,6.439469287525561,0.10395163435958653,-0.03732638888888889,0.8405797101449275,-0.4280701754385965,-0.6571760880502883,2.194810744785992,0.08719894857009657,Real Estate Services,Real Estate,KW
2016Q1,2016,Q1,2016-05-06,2016-03-31,-6900000.0,172100000.0,28500000.0,-0.07,115200000.0,0.6693782684485764,7658400000.0,1114200000.0,1143100000.0,423900000.0,4892500000.0,0.0,-68400000.0,2391800462.7,6729500462.7,10.201929626041961,2.6966265628686013,0.5900188028831087,4.055465805061928,0.004939182745957352,10.201929626041961,-0.006192784060312331,13.897736564206856,-86.65943705434782,2.14665272186322,-2.072463768115942,0.0,0.005978759609343561,0.022472056826491175,2.669261618306204,-0.0009009714822939517,-268.7416250224719,0.6693782684485764,-1.28,-3.431329998257088,6.226766978509915,0.363509888956307,0.019469026548672566,-1.2379310344827585,-0.4789762340036563,-1.4484878494230646,3.3518384979198963,0.000981252113592153,Real Estate Services,Real Estate,KW
2015Q4,2015,Q4,2016-02-29,2015-12-31,29000000.0,166300000.0,54700000.0,0.25,113000000.0,0.6794948887552615,7640100000.0,1133800000.0,1096100000.0,414200000.0,4775000000.0,0.0,-44200000.0,2621126204.48,7348326204.48,10.416096696655005,2.646306132303235,0.5707778693996152,3.8461809843005823,0.005726279963269185,10.416096696655005,0.025577703298641737,15.761432378111847,22.59591555586207,2.3118064953960134,0.4862068965517241,0.0,0.0053793670735504595,0.021766730801952853,2.6219217769193626,0.0037957618355780685,40.955096945,0.6794948887552615,0.923076923076923,3.552905595388369,2.2367923525007294,0.38872059590002883,0.0660377358490566,0.8831168831168831,0.7875816993464052,0.4779479364064209,3.0371998626181838,0.23548542228753502,Real Estate Services,Real Estate,KW
2015Q3,2015,Q3,2015-11-09,2015-09-30,15400000.0,159200000.0,30600000.0,0.13,106000000.0,0.6658291457286433,7292700000.0,1119100000.0,1034100000.0,368800000.0,4367900000.0,0.0,-58900000.0,2381792359.0800004,6614892359.08,10.416712819409403,2.8039587852494576,0.5483702880963155,3.573496559735502,0.0031761654487905905,10.416712819409403,0.013761057993030113,14.961007280653268,38.66546037467533,2.1283105701724603,0.9155844155844156,0.0,0.005919911509602087,0.021830049227309502,2.7632863340563993,0.002111700741837728,30.97259244577374,0.6658291457286433,-0.5185185185185185,2.136544964180471,3.904073524353363,0.35081181251896243,0.12526539278131635,-0.5157232704402516,0.9615384615384616,2.978179834181089,4.643810383238117,0.19741390731049996,Real Estate Services,Real Estate,KW
2015Q2,2015,Q2,2015-08-10,2015-06-30,31800000.0,140500000.0,15600000.0,0.27,94200000.0,0.6704626334519573,7347000000.0,1115300000.0,1525200000.0,320000000.0,4300400000.0,0.0,-60200000.0,2550510996.48,7146310996.48,10.752836211194534,4.76625,0.5417721518987342,3.5689052272931048,0.0013869091051813738,10.752836211194534,0.028512507845422756,18.153103177793593,20.05118707924528,2.2868385156280824,0.4056603773584906,0.0,0.005057809990940439,0.019123451749013202,4.71875,0.0043282972641894655,47.31931347829313,0.6704626334519573,17.47861084,0.30359246832474074,4.8690953780222985,0.47410172434522546,0.04666666666666667,22.2,-0.43272727272727274,16.020908786691084,4.291404006918594,0.4710881025033905,Real Estate Services,Real Estate,KW
2015Q1,2015,Q1,2015-05-11,2015-03-31,-1500000.0,137700000.0,27500000.0,-0.016384876287302383,90000000.0,0.6535947712418301,6680600000.0,1056000000.0,1073300000.0,242300000.0,3617400000.0,0.0,-78000000.0,2393060485.32,6048060485.32,11.534952906260877,4.42963268675196,0.5052091129539263,3.1961174242424244,0.0021521270841508085,11.534952906260877,-0.0014204545454545455,17.37879800522876,-398.84341422,2.2661557626136366,-7.133333333333334,0.0,0.004471261827955509,0.02061192108493249,4.389186958316137,-0.0002245307307726851,-144.1602702,0.6535947712418301,0.9531860677505646,0.7965961054870625,4.415811878915875,1.5563070335631268,0.011235955056179775,0.9479166666666666,1.6699029126213591,0.3630283474354199,5.504799744745888,0.4333420896431073,Real Estate Services,Real Estate,KW
2014Q4,2014,Q4,2015-03-02,2014-12-31,-28800000.0,141600000.0,10300000.0,-0.35,89000000.0,0.6285310734463276,6332100000.0,901100000.0,1317900000.0,264900000.0,3288200000.0,0.0,-62000000.0,2282892268.8,5894692268.8,9.986380133471501,4.975084937712344,0.4774561361949432,3.35512151814449,0.0018617440560856238,9.986380133471501,-0.0319609366330041,16.122120542372883,-19.816773166666668,2.533450525801798,-0.3645833333333333,0.0,0.0045994286035754605,0.02236224949069029,4.93280483201208,-0.00454825413369972,184.10421522580646,0.6285310734463276,-155.2187165,0.13076232966953008,-0.29065006231612484,1.1953856030665708,0.18983957219251338,-143.0,-0.11206896551724138,-2.644910972258165,1.4612018242254279,0.24539813509583044,Real Estate Services,Real Estate,KW
2014Q3,2014,Q3,2014-11-10,2014-09-30,-200000.0,113700000.0,11600000.0,-0.0022404485700661864,74800000.0,0.6578715919085312,5713300000.0,955400000.0,1149200000.0,253800000.0,3009500000.0,0.0,-22600000.0,2138857398.48,4658257398.48,10.702622819206173,4.527974783293932,0.48233070204610295,2.8843416370106763,-0.0026047982179587363,10.702622819206173,-0.00020933640360058616,18.811410716622692,-2673.5717481,2.238703578061545,-51.5,0.0,0.0048156553154594575,0.019900932910927135,2.1481481481481484,-3.500603854164843e-05,103.82802905242718,0.6578715919085312,-1.0058959172896478,0.9085357973891305,0.0,1.0384586334787738,0.06552706552706553,-1.0052083333333333,-0.6627906976744186,0.9795991816601625,3.3882342285096705,0.39372173353764445,Real Estate Services,Real Estate,KW
2014Q2,2014,Q2,2014-08-08,2014-06-30,38400000.0,92000000.0,34400000.0,0.38,70200000.0,0.7630434782608696,5354700000.0,976100000.0,1092000000.0,285700000.0,2560400000.0,0.0,-11800000.0,2390748156.36,4608748156.360001,10.950129535960187,3.8221911095554777,0.4248043774627897,2.3303964757709252,0.007565365590056948,10.950129535960187,0.03934023153365434,25.986393003913044,15.564766642968749,2.449286094006762,0.2682291666666667,0.0,0.004308274785279818,0.017181167945916672,3.785089254462723,0.007171270099165219,23.438707415294118,0.7630434782608696,2.166666666666667,122.92751249563575,1486.1792371966542,1.075914501287386,1.5342960288808665,2.072,6.292307692307692,77.74491387049663,3.744203707287804,0.2298958733963724,Real Estate Services,Real Estate,KW
2014Q1,2014,Q1,2014-05-12,2014-03-31,12500000.0,51500000.0,-6500000.0,0.12,27700000.0,0.537864077669903,4407200000.0,952600000.0,1812500000.0,154700000.0,1783000000.0,0.0,-39900000.0,1984089385.7600002,3364889385.76,10.807489901361631,11.716224951519068,0.37556725358504267,1.737560361116943,-0.0021188563780549325,10.807489901361631,0.013121981944152844,38.52600749048544,39.6817877152,2.0828148076422424,0.624,0.0,0.003931274495988612,0.011685423851878743,11.658047834518422,0.0028362679252132874,-53.76936004769648,0.537864077669903,5.061919709277468,31.153020783143713,937.1272026903611,1.04750160832735,0.22691234442131372,6.344164172723386,-1.7956989247311828,4.457577640152892,1.6795724386991076,0.44444432528586,Real Estate Services,Real Estate,KW
2013Q4,2013,Q4,2014-03-03,2013-12-31,-2339000.0,29640000.0,-2325000.0,-0.029542681438512606,22577000.0,0.7617071524966261,1798800000.0,768300000.0,259200000.0,99100000.0,979900000.0,0.0,-42200000.0,1761612266.25,2440112266.25,9.703994078328018,2.615539858728557,0.47626195241271957,1.1150592216582065,-0.001180220311560468,9.703994078328018,-0.0030443837042821815,59.43361222165992,-188.286903190466,2.2928703192112456,-3.3142368533561353,0.0,0.0044005143177743246,0.01647765176784523,2.5388496468213924,-0.0013003113186568823,36.51993835126562,0.7617071524966261,-0.05561798876162632,-25.24168713093769,0.0,0.8368053616441831,-0.19820299737197244,-0.15051647811116575,-1.2510256963938675,-1.5048612154793781,-0.20685620903588517,0.2937798900612859,Real Estate Services,Real Estate,KW
2013Q3,2013,Q3,2013-11-07,2013-09-30,-2033000.0,33208000.0,9262000.0,-0.027986148164422544,28158000.0,0.8479282100698626,1641194000.0,765961000.0,257733000.0,59036000.0,865535000.0,0.0,-32049000.0,1348255564.8,1996446564.8,10.544170208642035,4.365692120062334,0.5054624864580299,1.083034253702212,0.00790590286097327,10.544170208642035,-0.0026541821319884433,40.600324162852324,-165.79630654205607,1.7602143774944154,-3.5435317265125432,0.0,0.005343200642430607,0.02023404911302381,4.185310657903652,-0.001238732288809245,244.29345258198947,0.8479282100698626,-3.598036492353359,-4.143539005065237,14.021408919619216,0.9954115783335953,0.07297184010974354,-3.7060185185185186,-0.16120268067379098,0.7781051438242047,0.5128664248936489,0.36734015019641675,Real Estate Services,Real Estate,KW
2013Q2,2013,Q2,2013-08-08,2013-06-30,-432000.0,35955000.0,11042000.0,-0.006086543291025236,26243000.0,0.729884577944653,1513247000.0,641660000.0,201499000.0,51188000.0,862069000.0,0.0,-22283000.0,1195239999.48,1893749999.48,9.040489278053826,3.936449949206845,0.5538824791987031,1.3062385063740922,0.005517522427074326,9.040489278053826,-0.0006732537480908892,33.242664427200666,-691.6898145138888,1.8627310405510704,-4.6875,0.0,0.0016942204083539663,0.02376016605352596,3.7234703446120183,-0.0002854788411938038,322.25397667295766,0.729884577944653,0.7641149545689518,-1.4286549247832856,16.459419246447485,0.7137375988704505,0.5063138560440822,0.7293233082706767,5.281504459092671,-1.0258793944162978,1.1948749208422937,0.2393568145146343,Real Estate Services,Real Estate,KW
2013Q1,2013,Q1,2013-05-09,2013-03-31,-1596000.0,22397000.0,-2579000.0,-0.025803006205428986,17422000.0,0.7778720364334509,1386101000.0,630404000.0,264357000.0,31203000.0,745766000.0,0.0,-14636000.0,943880717.08,1486064717.08,10.19192877439051,8.472166137871358,0.5343275850749692,1.1748529514406634,-0.0011710761382824676,10.19192877439051,-0.0025317098241762425,42.14317618788231,-147.85098951754384,1.4972632107029777,-4.4605263157894735,0.0,0.007542266592778183,0.01615827418059723,8.215363907316604,-0.0011514312449092815,-34.24199953128968,0.7778720364334509,-1.1843071871816357,-1.978025575399753,0.0,0.9372216122363304,-0.0001721664275466284,-1.1464623290813984,0.049391817176557315,0.6796782679163058,0.30378203482117055,1.2586740859087164,Real Estate Services,Real Estate,KW
2012Q4,2012,Q4,2013-03-12,2012-12-31,10897000.0,22876000.0,-2713000.0,0.14,17425000.0,0.7617153348487498,1283789000.0,509644000.0,298832000.0,56160000.0,765009000.0,0.0,-5910000.0,845097291.0,1450420291.0,8.43077264106388,5.321082621082621,0.5656521437712895,1.4248730486378727,-0.0014953513199527128,8.43077264106388,0.021381591856276146,36.942528894911696,19.38830161971185,1.6582110080762256,0.771037900339543,0.0,0.009942050565631267,0.017819127598071024,5.226175213675214,0.008488154984970272,42.03627591524075,0.7617153348487498,2.9320185401806946,8.138755414624292,0.0,0.6105478367392133,0.24776226279985678,3.5908226343319067,-44.21666666666667,1.490928630299225,-0.8289422609545275,0.8534039994014406,Real Estate Services,Real Estate,KW
2012Q3,2012,Q3,2012-11-09,2012-09-30,-4206000.0,15240000.0,-60000.0,-0.07246307273371524,13965000.0,0.9163385826771654,882297000.0,504939000.0,243443000.0,95645000.0,375818000.0,0.0,-11583000.0,800998326.6,994367326.6,8.699341769636101,2.545276804851273,0.3628857402892677,0.6340825327415787,-4.5347105400327434e-05,8.699341769636101,-0.00832971903536863,52.55894531496063,-47.610456883024256,1.586326915924498,-1.1367094626723728,0.0,0.0059688014833862695,0.017273095114230242,2.545276804851273,-0.004767102234281654,-107.93671022773212,0.9163385826771654,-2.5502137891392693,-1288.1790477068769,0.0,2627.600452737188,-0.010276399716513111,-2.7386666666666666,-1.0163309744148068,-1.958236691916969,0.0,0.6569067821463713,Real Estate Services,Real Estate,KW
2012Q2,2012,Q2,2012-08-09,2012-06-30,-1125000.0,14110000.0,3674000.0,-0.020410903972992438,14110000.0,1.0,806818000.0,402879000.0,167932000.0,122304000.0,402463000.0,0.0,-2152000.0,772197547.98,1040051547.98,7.309444072653529,1.3730703819989534,0.43919198629678563,0.8795395143454983,0.0022657413986306484,7.309444072653529,-0.002792401688844541,54.7269700907158,-171.59945510666665,1.9166984329786363,-4.103111111111111,0.0,0.005977744959272462,0.017488454645285555,1.3730703819989534,-0.0013943665114065377,36.090743502523836,1.0,0.20651416549972204,-2.4374718274333,7.823080930647228,0.38559637082426984,0.19273034657650043,0.14513677811550152,2.017446690667405,-4.777072060756041,367.88183788921594,0.3857170270853826,Real Estate Services,Real Estate,KW
2012Q1,2012,Q1,2012-05-09,2012-03-31,-1316000.0,11830000.0,-3611000.0,-0.025723085511472087,11830000.0,1.0,786493000.0,411717000.0,202040000.0,93430000.0,373576000.0,0.0,3765000.0,690663645.0,888492645.0,8.047592399336438,2.16247457989939,0.40705511682875756,0.7775875176395437,-0.03994401990431877,8.047592399336438,-0.0031963703223330587,58.3823875739645,-131.20509973404256,1.677520347714571,-3.113981762917933,0.0,0.005933423642126118,0.015041456185878323,2.16247457989939,-0.0016732507473048075,-25.287919046572934,1.0,-1.1325677445351063,-1.9749962972578483,0.0,0.5296388218132609,-0.6373390557939914,-1.1325677445351063,0.3138894166825005,-4.469273156887244,370.27196436408514,0.5246332433517542,Real Estate Services,Real Estate,KW
2011Q4,2011,Q4,2012-03-14,2011-12-31,9927000.0,32620000.0,-5263000.0,0.19403728713706944,32620000.0,1.0,792776000.0,410235000.0,198864000.0,59075000.0,379208000.0,0.0,9708000.0,541275656.6,768487656.6,8.01862460850969,3.3662970799830725,0.40381267848673524,0.7803649127938864,-0.0070945047245627585,8.01862460850969,0.02419832535010421,16.593367768240345,13.631400639669588,1.3194282706253733,0.3852120479500353,0.0,0.0070647921320169706,0.04114655337699426,3.3662970799830725,0.012521822053139852,70.222581292164,1.0,2.7668423631439656,8.837049019296249,0.0,0.5318143504376883,1.5532247964934252,3.053578816714936,-1.2011710581346717,173.35624976644834,0.0,0.5177928340677954,Real Estate Services,Real Estate,KW
2011Q3,2011,Q3,2011-11-07,2011-09-30,-4834000.0,12776000.0,-2391000.0,-0.10982150484087014,12776000.0,1.0,740009000.0,338013000.0,204857000.0,98835000.0,386424000.0,0.0,3890000.0,466578928.0,646753928.0,7.679167628418916,2.0727171548540495,0.44268245386204763,0.969160949430939,-0.0022247868217192797,7.679167628418916,-0.014301225100809733,36.51995366311834,-24.13006454282168,1.3803579388958411,-0.7910633016135705,0.0,0.008195826623357496,0.017264654889332428,2.0727171548540495,-0.00653235298489613,-177.1370265755505,1.0,-21.07491589016903,-1952.816995157807,0.0,2319.3437730382543,0.5012925969447709,-23.588785046728972,-15.579268292682928,-13.335680567185308,8.537572351321815,0.4532295756334415,Real Estate Services,Real Estate,KW
2011Q2,2011,Q2,2011-08-09,2011-06-30,214000.0,8510000.0,164000.0,0.005470583560185737,8510000.0,1.0,741002000.0,348282000.0,220420000.0,90123000.0,377697000.0,0.0,12561000.0,479199334.25,615555334.25,8.903298053778546,2.44576856074476,0.4420689822699534,0.9405424340046284,0.00018172574920723405,8.903298053778546,0.000614444616718636,56.310145035252646,559.8123063668224,1.3758946320797516,9.462616822429906,0.0,0.004225798859193637,0.011484449434684386,2.44576856074476,0.00028879814089570607,-278.9285996798603,1.0,-0.7894722715439421,-0.61472506275116,6.497784862127792,0.6877312896935395,-0.024865360375845077,-0.7942307692307692,-0.9590409590409591,-0.61472506275116,6.497784862127792,0.6877312896935395,Real Estate Services,Real Estate,KW
2011Q1,2011,Q1,2011-05-09,2011-03-31,1040000.0,8727000.0,4004000.0,0.02598509754655705,8727000.0,1.0,501432000.0,299456000.0,66371000.0,108727000.0,188181000.0,0.0,16781000.0,434649128.4,548743128.4,7.482109010482488,0.6104371499259613,0.2983196126294293,0.49952914618508226,0.0067599369579245195,7.482109010482488,0.0034729643086129514,49.80510237194912,104.4829635576923,1.4514624131758922,1.9471153846153846,0.0,0.004658930313410011,0.01740415450150768,0.6104371499259613,0.0020740598924679715,-36.079449522702745,1.0,-0.555935098206661,-0.015072516068185405,0.0,0.4221550798741379,0.18492871690427698,-0.555935098206661,1.6652267818574513,-0.015072516068185405,0.0,0.4221550798741379,Real Estate Services,Real Estate,KW
2010Q4,2010,Q4,2011-03-14,2010-12-31,2342000.0,18891000.0,-6019000.0,0.05851644082118905,7365000.0,0.38986819120215976,487848000.0,300192000.0,80228000.0,74910000.0,174942000.0,0.0,17777000.0,399829170.6,480643170.6,7.500498464130821,1.0709918568949406,0.26192994539282727,0.4256675727534378,-0.017719720672119,7.500498464130821,0.007801673595565504,21.16506117198666,42.68031283091375,1.3319114786536617,0.8646456020495303,0.0,0.005064662983346619,0.0387231268755842,1.0709918568949406,0.004800675620275168,-193.90357449078564,0.38986819120215976,1.3901096054745936,1.9665901089730033,0.0,0.43283564747481085,-0.37441603669413065,1.4765974765974765,-0.024685052774940416,1.9665901089730033,0.0,0.43283564747481085,Real Estate Services,Real Estate,KW
2010Q3,2010,Q3,2010-11-09,2010-09-30,-4914000.0,11773000.0,-5874000.0,-0.15,11773000.0,1.0,513334000.0,300452000.0,89880000.0,41645000.0,203630000.0,0.0,17469000.0,412995313.2,524267313.2,7.711446348684618,2.158242285988714,0.3155547849937857,0.5391376991998722,-0.014169390733921977,7.711446348684618,-0.0163553579273894,35.07987031342903,-21.01115757020757,1.3745800101180887,-0.36385836385836384,0.0,0.004329346951049129,0.02293438579949896,2.158242285988714,-0.009572714840630077,-54.334339323773186,1.0,-1.7499999999999998,-2242.8425888952124,0.0,2329.0971384020972,0.3014592084899403,-1.5330874376220438,-0.6962171527577246,-2242.8425888952124,0.0,2329.0971384020972,Real Estate Services,Real Estate,KW
2010Q2,2010,Q2,2010-08-09,2010-06-30,9218000.0,9046000.0,-3463000.0,0.2,9046000.0,1.0,500866000.0,285901000.0,134939000.0,26914000.0,210086000.0,0.0,24187000.0,395859864.59999996,486830864.59999996,7.294500802494338,5.013710336627778,0.3657105892594027,0.6406833134546573,-0.004595239327080495,7.294500802494338,0.032241929898811125,43.76076327658633,10.736056210674766,1.3846046869370865,0.07810804946843133,0.0,0.0018188254591748779,0.01806071883497782,5.013710336627778,0.018404124057133046,-46.780886858898604,1.0,3.5000000000000004,15.56356087348526,6.9546306172869965,0.3827636874224931,-0.16441899131719934,3.935668789808917,0.14388133498145858,15.56356087348526,6.9546306172869965,0.3827636874224931,Real Estate Services,Real Estate,KW
2010Q1,2010,Q1,2010-05-10,2010-03-31,-3140000.0,10826000.0,-4045000.0,-0.08,10826000.0,1.0,333354000.0,175893000.0,63646000.0,29865000.0,156948000.0,0.0,15689000.0,395650562.65000004,479004562.65000004,4.512350337738108,2.131123388581952,0.3812253640274303,0.7225017482219304,-0.007513893973388652,4.512350337738108,-0.017851762150853077,36.5463294522446,-31.500840975318475,2.249382082572928,0.0,0.0,0.0,0.03247598648883769,2.131123388581952,-0.009419415996208234,-113.62738732050546,1.0,0.7821282435938567,-4.053260136418757,0.0,-0.142319104680859,-0.8744593262596394,0.7806211021819397,0.4239897107047062,-4.053260136418757,0.0,-0.142319104680859,Real Estate Services,Real Estate,KW
2009Q4,2009,Q4,2010-03-17,2009-12-31,-14313136.0,86235000.0,-7022444.0,-0.36718848426993383,86235000.0,1.0,336257000.0,177314000.0,76982000.0,65481000.0,156921000.0,0.0,18829000.0,348874141.45,391191141.45,4.548804601579909,1.1756387349002,0.29769194395953097,0.564540870997214,-0.018118676640114083,4.548804601579909,-0.08072197344823308,4.045621168319128,-6.09360068698432,1.9675498914355323,0.0,0.0,0.0,0.2564556276895351,1.1756387349002,-0.04256606107828238,-14.299164273015172,1.0,-17.35942421349669,-19.615242319548862,0.0,-0.13103250167834865,0.0,-17.698249464388358,-5.028630320324781,-19.615242319548862,0.0,-0.13103250167834865,Real Estate Services,Real Estate,KW
2009Q3,2009,Q3,2009-11-06,2009-09-30,-765480.0,0.0,-1164849.0,-0.02,0.0,0.0,249182541.0,164073461.0,248494495.0,11009090.0,85109080.0,0.0,1103549.0,309375000.0,308826304.0,5.250350752,22.57175615786591,0.0,0.0,-0.004739849649210377,5.250350752,-0.004665471157459158,0.0,-101.03954381564509,1.885588309738892,0.0,0.0,0.0,0.0,0.050405165186223386,-0.003071964821162972,-986.7539741267128,0.0,-4.660770408209475,-434.7930693069307,0.0,1585.4504153529238,-1.0,-5.933130451321903,-6.189760207388205,-434.7930693069307,0.0,1585.4504153529238,Real Estate Services,Real Estate,KW
2009Q2,2009,Q2,2009-08-07,2009-06-30,-110409.0,21687.0,-162015.0,-0.003533088,21687.0,1.0,249116069.0,164838941.0,248800420.0,10177138.0,84277128.0,0.0,1869029.0,302187500.0,302178075.0,5.274846112,24.446992857913493,0.0,0.0,-0.0006697992557474632,5.274846112,-0.0006697992557474632,13934.038825102596,-684.2456230923203,1.8332288363827818,0.0,0.0,0.0,8.705580530013903e-05,0.0011831420582092923,-0.00044320304363826485,-976.5751237735751,1.0,0.2487906106480694,-1.248823593044325,-0.9760815523444203,-8.707135638400166e-05,0.11426809844319992,0.2487906106480694,0.3428503054246335,-1.248823593044325,-0.9760815523444203,-8.707135638400166e-05,Real Estate Services,Real Estate,KW
2009Q1,2009,Q1,2009-05-11,2009-03-31,-146975.0,19463.0,-246542.0,-0.0047032,19463.0,1.0,249351281.0,164949350.0,249083503.0,10301941.0,84401931.0,0.0,1979438.0,295625000.0,295556139.0,5.2783792,24.178308048939517,0.0,0.0,-0.0008910310953028915,5.2783792,-0.0008910310953028915,15189.076709654215,-502.84912400068043,1.7922168229217033,0.0,0.0,0.0,7.805454185735665e-05,0.0073693879629091255,-0.0005894294964540407,-1443.3616350205305,1.0,-3.1776811347033913,-1.1782679835674459,0.0,0.003283136113772782,0.0,-3.177681134703391,0.5890089885842313,-1.1782679835674459,0.0,0.003283136113772782,Real Estate Services,Real Estate,KW
2008Q4,2008,Q4,2009-03-16,2008-12-31,-35181.0,0.0,-599872.0,-0.001125792,0.0,0.0,249449560.0,165096325.0,249276402.0,10253245.0,84353235.0,0.0,2126413.0,285937500.0,417308822.0,5.2830824,24.311952167338244,0.0,0.0,-0.0004720664737004978,5.2830824,-0.0002130937802522255,0.0,-2031.9028737102415,1.7319434578571027,0.0,0.0,0.0,0.0,24.28039893711698,-0.00014103452417394522,-726.2734788737761,0.0,-1.1125792,-1.0570739328143073,0.0,0.0092380963035082,0.0,-1.1264543817462285,-0.37151845771849523,-1.0570739328143073,0.0,0.0092380963035082,Real Estate Services,Real Estate,KW
2008Q3,2008,Q3,2008-11-14,2008-09-30,278211.0,951016.0,-437378.0,0.01,0.0,0.0,249307216.0,165131506.0,249176270.0,10075720.0,84175710.0,0.0,2161594.0,284375000.0,35648284.0,5.284208192,24.730368648592854,0.0,0.0,-0.0014346439911993522,5.284208192,0.0016847844892785026,299.02230877293334,255.5389614357448,1.722112314533121,0.0,0.0,0.0,0.003814634872020712,24.68575109272588,0.0011159364115637953,-480.92452507910417,0.0,0.0,159.38745049504948,0.0,1595.6808080043722,0.0,-0.37300889742272225,-1.6089223189201118,159.38745049504948,0.0,1595.6808080043722,Real Estate Services,Real Estate,KW
2008Q2,2008,Q2,2008-08-13,2008-06-30,443724.0,906706.0,-167647.0,0.01,0.0,0.0,249001227.0,164853295.0,248901027.0,10047942.0,84147932.0,0.0,1883383.0,290937500.0,290932500.0,5.27530544,24.771343922964522,0.0,0.0,-0.0006105650819866461,5.27530544,0.0026916295485631633,320.87302830244863,163.9180549170205,1.7648267206306067,0.0,0.0,0.0,0.003641371614606542,0.030948924665369287,0.0017820153151293506,-220.1065514301299,0.0,-0.6666666666666666,0.0,0.0,0.0,0.0,-0.46180110399400337,0.22201236263736263,0.0,0.0,0.0,Real Estate Services,Real Estate,KW
2008Q1,2008,Q1,2008-05-12,2008-03-31,824461.0,0.0,-215488.0,0.03,0.0,0.0,249262613.0,164409571.0,249262613.0,10753052.0,84853042.0,0.0,1439659.0,283750000.0,35111108.0,5.261106272,23.18063866891,0.0,0.0,-0.0007683511111761904,5.261106272,0.005014677643067385,0.0,86.04106197867456,1.7258727595609382,0.0,0.0,0.0,0.0,23.1226345785364,0.0033075999247428253,-431.67645640410086,0.0,0.5209008275322796,0.0,0.0,0.0,0.0,0.33751831164596346,-2.0082644628099175,0.0,0.0,0.0,Real Estate Services,Real Estate,KW
2007Q4,2007,Q4,2008-03-31,2007-12-31,616411.0,0.0,-71632.0,0.019725152,0.0,0.0,248161221.0,163585110.0,248161221.0,10476121.0,84576111.0,0.0,615198.0,284375000.0,36976038.0,5.23472352,23.688273646323864,0.0,0.0,,5.23472352,0.0037681363542195253,0.0,115.33497942119787,1.7383917154807058,0.0,0.0,0.0,0.0,23.61551207741873,0.002483913471718452,-5692.851280203391,0.0,353.23485714285715,0.0,0.0,0.0,0.0,1526.769801980198,-176.30693069306932,0.0,0.0,0.0,Real Estate Services,Real Estate,KW
2007Q3,2007,Q3,2007-09-30,2007-09-30,-404.0,0.0,-404.0,-5.6e-05,0.0,0.0,410430.0,23787.0,142227.0,386643.0,386643.0,0.0,-1213.0,65046875.00000001,65104648.00000001,0.003309495652173913,0.36785096329171874,0.4872938138050337,8.407953924412494,,0.003309495652173913,-0.01698406692731324,0.0,-40251.77908415842,2734.5556396350953,0.0,0.0,0.0,0.0,0.36785096329171874,-0.0009843335038861682,32.05737140581654,0.0,0.0,0.0,0.0,0.0,0.0,0.0,0.0,0.0,0.0,0.0,Real Estate Services,Real Estate,KW
