Quarters,Year,Quarter,FillingDate,Date,NetIncome,Revenue,OperatingIncome,EPSDiluted,GrossProfit,GrossProfitRatio,TotalAssets,CommonStockEquity,CurrentAssets,CurrentLiability,TotalLiability,Inventory,RetainedEarnings,MarketCap,EnterpriseValue,bookValuePerShare,currentRatio,debtToAssets,debtToEquity,roic,shareholdersEquityPerShare,roe,priceToSalesRatio,peRatio,pbRatio,payoutRatio,inventoryTurnover,dividendYield,assetTurnover,quickRatio,returnOnAssets,priceToFreeCashFlowsRatio,grossProfitMargin,epsdilutedGrowth,fiveYNetIncomeGrowthPerShare,fiveYRevenueGrowthPerShare,fiveYShareholdersEquityGrowthPerShare,grossProfitGrowth,netIncomeGrowth,operatingIncomeGrowth,threeYNetIncomeGrowthPerShare,threeYRevenueGrowthPerShare,threeYShareholdersEquityGrowthPerShare,Industry,Sector,Symbol
2023Q1,2023,Q1,2023-04-27,2023-03-31,-9501000.0,75150000.0,-364000.0,-0.24,15937000.0,0.2120691949,1445253000.0,663954000.0,203092000.0,52015000.0,700810000.0,0.0,-506358000.0,266288272.32,721509272.3199999,16.755416380629285,3.9044890896856677,0.448914480717217,0.9771685990294509,-0.00027436511833046147,16.755416380629285,-0.01430972627621793,3.5434234506986027,-7.006848550678876,0.40106433927651614,-2.9265340490474685,0.0,0.1044169153892988,0.051997816299291545,26.631587042199367,-0.006573935497798655,6052.006189090909,0.21206919494344645,-1.3870967741935483,-0.18142492161462898,-0.2455881588544267,-0.2822755680107061,-0.49484928206916223,-1.2885912156005104,-1.0234884171129897,0.5992919838463153,-0.18861624628769888,-0.14619324614716592,REIT—Hotel & Motel,Real Estate,HT
2022Q4,2022,Q4,2023-02-23,2022-12-31,32922000.0,96468000.0,15497000.0,0.62,31549000.0,0.3270410913,1488877000.0,683000000.0,239187000.0,78452000.0,727340000.0,0.0,-490815000.0,336516723.35999995,760449723.3599999,17.29233525721323,3.048832407076939,0.4358237785928589,0.9500556368960469,0.011698774717921369,17.29233525721323,0.048202049780380674,3.488376698594352,2.555409174412247,0.4927038409370425,0.2435453496142397,0.0,0.023826453318406042,0.06479245767111723,18.143081119665528,0.022111967610487636,72.83911761038961,0.3270410913463532,-0.7801418439716311,5.075576031894208,-0.19288612238773295,-0.15951817916222177,-0.039399567639984166,-0.7290838620485348,0.1824355257134137,10.973538450945828,-0.29092641897799787,-0.17533459781873253,REIT—Hotel & Motel,Real Estate,HT
2022Q3,2022,Q3,2022-11-01,2022-09-30,121521000.0,104248000.0,13106000.0,2.82,32843000.0,0.3150468114,1574488000.0,677125000.0,311152000.0,144486000.0,820709000.0,0.0,-496284000.0,314935847.1,896887847.1,17.157327594671266,2.1535096825990063,0.4294875540493163,0.9986678973601625,0.009183773426605387,17.157327594671266,0.17946612516152852,3.021025315593585,0.6479041628607402,0.46510739833856374,0.049736259576534096,0.0,0.01919121006914427,0.06621073009130587,8.984476004595601,0.07718128051785723,16.6491777912878,0.31504681144962016,55.4,37.314018943655775,-0.1495681406715198,-0.19205295305388406,-0.2911225745181412,13.925202652910833,-0.44988247145735394,195.5748215138244,-0.23924660962996402,-0.1878741556256529,REIT—Hotel & Motel,Real Estate,HT
2022Q2,2022,Q2,2022-08-09,2022-06-30,8142000.0,123290000.0,23824000.0,0.05,46331000.0,0.3757887907,1836647000.0,557588000.0,428174000.0,243987000.0,1219249000.0,0.0,-612951000.0,385310008.89000005,1391338008.89,14.19620086111384,1.7549049744453598,0.595621259828372,1.9619252925098818,0.013879946669818038,14.19620086111384,0.014602179386930852,3.12523326214616,11.830938617354459,0.69102995202551,0.7422009334315893,0.0,0.015683475281134424,0.06712776053318902,5.869874214609795,0.004433078321528307,21.808354589653614,0.3757887906561765,1.1162790697674418,-0.8918917878467745,-0.050671362109774604,-0.34471057035104685,1.0192198736108085,1.479900978427443,7.149716055756325,0.4483803081315483,-0.16733093832780357,-0.3445812079801239,REIT—Hotel & Motel,Real Estate,HT
2022Q1,2022,Q1,2022-04-28,2022-03-31,-16966000.0,81868000.0,-3874000.0,-0.43,22945000.0,0.2802682367,1824874000.0,549195000.0,110351000.0,164286000.0,1219287000.0,0.0,-615740000.0,356222474.0,1452460474.0,13.998809631533804,0.6717005709555288,0.6431594729279939,2.137100665519533,-0.0021834293263616055,13.998809631533804,-0.03089248809621355,4.351180852103386,-5.249063921961571,0.6486265789018473,-0.35624189555581753,0.0,0.016966925000919512,0.044862275422851115,10.56374858478507,-0.00929708023677251,33.05395508954255,0.2802682366736698,-0.16216216216216217,-1.7282164657200365,-0.1939246637346639,-0.3064574989089645,-0.21971706454465076,-0.17168508287292816,-2.4087272727272726,-1.4307753515967279,-0.28893226510301134,-0.365097022681793,REIT—Hotel & Motel,Real Estate,HT
2021Q4,2021,Q4,2022-02-24,2021-12-31,-14480000.0,93477000.0,2750000.0,-0.37,29406000.0,0.3145800571,1833144000.0,557374000.0,95931000.0,169658000.0,1222538000.0,0.0,-595454000.0,358997430.4,1458323430.4,14.237203799216942,0.5654375272607245,0.6391009107849683,2.101935145880504,0.0016569834839820444,14.237203799216942,-0.025978965649635612,3.8404894294853276,-6.198160055248619,0.6440871486649897,0.0,0.0,0.0,0.05099272070279258,10.304972356151788,-0.00789899756920351,0.0,0.31458005712635195,-0.052828476917484546,-3.371818483192416,-0.10586990665314111,-0.2887810668765168,0.16829558998808106,-0.05270810614322065,10.75177304964539,-6.412464857964575,-0.29771688210419694,-0.372742468662103,REIT—Hotel & Motel,Real Estate,HT
2021Q3,2021,Q3,2021-10-27,2021-09-30,-13755000.0,85251000.0,-282000.0,-0.35143426314161025,25170000.0,0.2952458035682866,1848686000.0,569281000.0,107219000.0,178442000.0,1231313000.0,0.0,-576956000.0,365172561.3,1463515561.3,14.544881770666596,0.6008619047085327,0.6326585477468861,2.0544985692478757,-0.0001600823509553511,14.544881770666596,-0.024162057050911588,4.2834988598374215,-6.637087628135224,0.641462759691611,-0.4394038531443112,0.0,0.016551079244518253,0.046114375291423204,0.4522141648266664,-0.007440419844148763,36.238221821970825,0.2952458035682866,0.5185832011758763,-2.8600009635183845,-0.2359114609857402,-0.18841636776200488,0.3787248028045574,0.3899139536946687,0.9628556375131717,-5.919461890322382,-0.33024003480803404,-0.3715059062654319,REIT—Hotel & Motel,Real Estate,HT
2021Q2,2021,Q2,2021-07-28,2021-06-30,-22546000.0,70096000.0,-7592000.0,-0.73,18256000.0,0.2604428212736818,1857734000.0,586015000.0,99237000.0,173816000.0,1223047000.0,0.0,-557157000.0,420692543.2,1517556543.2,14.988431580072751,0.5709313296819626,0.627617839798378,1.98961971963175,-0.004232290824326622,14.988431580072751,-0.03847341791592365,6.001662622688884,-4.664824616339928,0.7178869878757369,-0.2681628670274106,0.0,0.014371540683871099,0.03773198961745869,0.43824504073272885,-0.012136290771445212,104.05454939401434,0.2604428212736818,-11.428571428571429,-1.2272265663685409,-0.39040882491813317,-0.16580673129749476,3.7865757734661774,-3.5258794532825455,0.6739671905866186,-2.805216114804241,-0.47427257515986215,-0.3627711513903556,REIT—Hotel & Motel,Real Estate,HT
2021Q1,2021,Q1,2021-04-29,2021-03-31,8926000.0,47165000.0,-23286000.0,0.07,3814000.0,0.08086504823491997,1897885000.0,612073000.0,119825000.0,180097000.0,1236640000.0,0.0,-530535000.0,411142921.15000004,1512582921.15,15.70590132486828,0.6653359023193057,0.6206709047176199,1.9245449480699197,-0.013505180373178792,15.70590132486828,0.014583227817596921,8.717119074525602,11.515318203842707,0.6717220350350367,2.708043916647995,0.0,0.05879220766440283,0.024851347684396053,0.470824055925418,0.004703130063201933,-24.8815614348826,0.08086504823491997,1.0603448275862069,2.3146356087417836,-0.49742094683196336,0.07075786991469894,1.7919435215946844,1.2305923686997855,0.23219467159060933,2.128589749980055,-0.5185604553758609,-0.3272319319797397,REIT—Hotel & Motel,Real Estate,HT
2020Q4,2020,Q4,2021-03-29,2020-12-31,-38709000.0,35336000.0,-30328000.0,-1.16,-4816000.0,-0.13629160063391443,1980988000.0,623003000.0,136411000.0,191506000.0,1308739000.0,0.0,-509243000.0,304874365.56,1538523365.56,16.12301401913904,0.7123066640209706,0.6311426419544187,2.0068699508670105,-0.015731130838560016,16.12301401913904,-0.06213292712876182,8.627868620104143,-1.9690147353328682,0.48936259626358136,0.0,0.0,0.0,0.01783756388226481,0.1303771161216881,-0.01954024961281946,-13.617149741390861,-0.13629160063391443,0.08661417322834654,-4.700391746038522,-0.6608552864054437,0.08582529372171487,0.1488158359844468,0.10273289909830556,0.1108765757842275,-3.898215535314402,-0.6978016584130887,-0.21635221740531715,REIT—Hotel & Motel,Real Estate,HT
2020Q3,2020,Q3,2020-11-09,2020-09-30,-43141000.0,33746000.0,-34110000.0,-1.27,-5658000.0,-0.16766431577075802,2025654000.0,657312000.0,78439000.0,182000000.0,1316063000.0,0.0,-470534000.0,214060325.92,1449984325.92,17.01159925058195,0.43098351648351646,0.6166220884711802,1.9002589333528066,-0.017389252119998158,17.01159925058195,-0.06563245460298914,6.3432799715521835,-1.2404691935745578,0.3256601521347549,0.0,0.0,0.0,0.016659311017577533,0.10894505494505495,-0.021297319285524575,-7.269342409073929,-0.16766431577075802,0.2742857142857143,-4.739120158319896,-0.6674075204479786,0.11486276608131075,0.5270812437311936,0.2976066427873657,0.17890327860959993,-14.892786769846458,-0.7188184119461695,-0.19891537289250036,REIT—Hotel & Motel,Real Estate,HT
2020Q2,2020,Q2,2020-08-07,2020-06-30,-61420000.0,17441000.0,-41542000.0,-1.75,-11964000.0,-0.6859698411788315,2054560000.0,695336000.0,87488000.0,169161000.0,1303509000.0,0.0,-427393000.0,222393150.72,1428513150.72,18.009256791557362,0.5171877678661158,0.598350985125769,1.7679913020467803,-0.026952113752304965,18.009256791557362,-0.08833139661976368,12.75116969898515,-0.9052147131227612,0.3198355194035689,0.0,0.0,0.0,0.008488922202320691,0.18432144525038277,-0.02989447862316019,-9.04294517626967,-0.6859698411788315,-1.3026315789473684,-5.0165354821294645,-0.8274230225137816,0.14928751806065638,-1.8788657900536252,-1.6617551462621885,-1.531659455177037,-1.8296210409236295,-0.8633837152713872,-0.1687018430637205,REIT—Hotel & Motel,Real Estate,HT
2020Q1,2020,Q1,2020-05-07,2020-03-31,-23075000.0,90137000.0,-16409000.0,-0.76,13613000.0,0.1510256609383494,2098361000.0,756796000.0,92478000.0,144699000.0,1282403000.0,0.0,-362777000.0,138059474.42000002,1264245474.42,19.624366175390225,0.6391060062612735,0.5481049257015356,1.5197252628185138,-0.007131323549713638,19.624366175390225,-0.030490383141559944,1.5316626293309077,-1.4957689536294692,0.18242627394965089,-0.7303575297941495,0.0,0.12207057915294067,0.04295590701504651,0.21758270616935846,-0.010996677883357535,-18.717390783622562,0.1510256609383494,-8.093764535570054,-6.518520558572716,0.21083361968467687,0.22364721762135847,-0.6790824866215611,-6.168375271823548,-2.499360380116959,-2.0075695161333527,-0.09714744865272874,-0.02775076182565281,REIT—Hotel & Motel,Real Estate,HT
2019Q4,2019,Q4,2020-02-25,2019-12-31,-3219000.0,132671000.0,10944000.0,-0.08357374957612738,42419000.0,0.31973076256303185,2122428000.0,807657000.0,65378000.0,112684000.0,1250627000.0,0.0,-338695000.0,560420589.45,1661607589.45,20.968910798821472,0.5801888466863087,0.5315605523485367,1.3968788730859758,0.01028490707696269,20.968910798821472,-0.0039856027992080795,4.224137825523287,-43.524432234389565,0.6938843957893017,-5.232370301335819,0.0,0.030054213419478067,0.06250906980118996,0.3915906428596784,-0.0015166592223623133,41.797478330101434,0.31973076256303185,-6.335383578567872,-1.4772929614196724,0.514661885574105,0.25546900514808146,-0.012799925527706021,-6.285714285714286,-0.17490952955367914,-1.5359259408605423,0.28986085767898495,0.047501080789441735,REIT—Hotel & Motel,Real Estate,HT
2019Q3,2019,Q3,2019-11-06,2019-09-30,609000.0,134995000.0,13264000.0,0.01566405645356811,42969000.0,0.31830067780288157,2139062000.0,821371000.0,68184000.0,114928000.0,1253420000.0,0.0,-318610000.0,578516811.84,1673485811.8400002,21.126439594948593,0.5932757900598635,0.526674776140196,1.3715970006245655,-0.07631695860842296,21.126439594948593,0.0007414432698500434,4.285468438386607,237.48637596059115,0.7043307005482297,27.952380952380953,0.0,0.02942524685818126,0.06310943768810816,0.4111617708478352,0.00028470423017191646,38.24398835459774,0.31830067780288157,-0.8905547200856261,-0.8981520854451809,0.5259082209490966,0.252658211873168,-0.2156078860898138,-0.89125,-0.4160943828138757,-0.9170964155976361,0.21805059330113666,0.17882516015385788,REIT—Hotel & Motel,Real Estate,HT
2019Q2,2019,Q2,2019-07-31,2019-06-30,5600000.0,147501000.0,22716000.0,0.14312226590149074,54780000.0,0.371387312628389,2156474000.0,847489000.0,77025000.0,104292000.0,1244411000.0,0.0,-302705000.0,642862935.55,1725484935.55,21.65974035831937,0.7385513749856173,0.5190890314467042,1.3208454623009855,0.006513014506366402,21.65974035831937,0.006607755380895799,4.358363235164507,28.699238194196425,0.7585501824212467,3.035892857142857,0.0,0.026445761701061256,0.06839915528775213,0.509080274613585,0.0025968316798625907,22.67674117429186,0.371387312628389,1.8044666257250341,-0.8752482013245858,0.6769546253113122,0.2712384849715596,0.8776349614395886,1.8047133208794368,42.07775768535262,-0.9436038639693943,0.2817759516894511,0.20549034848823777,REIT—Hotel & Motel,Real Estate,HT
2019Q1,2019,Q1,2019-04-30,2019-03-31,-6959000.0,114793000.0,-553000.0,-0.17790951336545538,29175000.0,0.25415312780396015,2165276000.0,862445000.0,71125000.0,97300000.0,1238023000.0,0.0,-291282000.0,677869708.6999999,1764206708.6999998,22.048738361038968,0.7309866392600206,0.5171918037238671,1.2984746853422537,-0.000162745386215686,22.048738361038968,-0.008068920336949023,5.905148473338966,-24.35226716123006,0.7859860149922603,-2.4523638453800833,0.0,0.02517592950528607,0.05301541235389853,0.5308119218910586,-0.0032139089889695357,-250.3211627400295,0.25415312780396015,-3.6034407832440634,-0.4866059989109893,0.8421768066396095,0.37780591112927164,-0.33931927806336193,-3.5889136904761907,-1.0400289540354688,-0.021146465346147877,0.21868830571144218,0.5031840346781622,REIT—Hotel & Motel,Real Estate,HT
2018Q4,2018,Q4,2019-02-27,2018-12-31,2688000.0,133736000.0,13815000.0,0.0683363011405883,44159000.0,0.33019531016330683,2138630000.0,892805000.0,65013000.0,98076000.0,1183815000.0,0.0,-267740000.0,689933742.5799999,1750366742.58,22.697541421065075,0.6628838859659856,0.5110893422424636,1.2242662171470813,0.010653045953446866,22.697541421065075,0.0030107358269722954,5.158923121523,64.16794480840773,0.7727709215114162,6.347470238095238,0.0,0.024729910927673765,0.06253349106671093,0.4703801133814593,0.0012568794041044969,35.02379524747449,0.33019531016330683,-0.04341191384843607,-0.9062842322059396,0.8364824408277051,0.3475260162397327,0.06868178408073376,-0.04307582769668921,-0.20993938007548896,-0.7475757202002946,0.26090423963223514,0.5285953700116448,REIT—Hotel & Motel,Real Estate,HT
2018Q3,2018,Q3,2018-10-24,2018-09-30,2809000.0,127876000.0,17486000.0,0.07143754153944265,41321000.0,0.32313334793080795,2166293000.0,909985000.0,87442000.0,108176000.0,1193711000.0,0.0,-253692000.0,880398578.1800001,1951754578.18,23.14243191091838,0.8083308682147611,0.5119727571478097,1.2187926174607273,0.0045607737536951755,23.14243191091838,0.0030868640691879535,6.884783526072133,78.35516003737986,0.9674869126194388,6.069775720897116,0.0,0.019366228458985627,0.059029872690351676,0.49818813784943056,0.0012966851667803017,55.22163822241737,0.32313334793080795,-0.5535153653784834,0.44208189396080794,0.7908003751844425,0.40931228251143764,-0.13378613504391756,-0.7759432081040121,-0.28388893439266116,-0.7607609155346756,0.23845532362391564,0.516649626764059,REIT—Hotel & Motel,Real Estate,HT
2018Q2,2018,Q2,2018-07-25,2018-06-30,12537000.0,133840000.0,24418000.0,0.16,47703000.0,0.3564181111775254,2177720000.0,923138000.0,83876000.0,106132000.0,1191465000.0,0.0,-241776000.0,841846991.6999999,1904124991.6999998,23.521269654968822,0.7902988731014209,0.5093157063350661,1.2014964176536986,0.01093427481726692,23.521269654968822,0.013580851400332345,6.28995062537358,16.78724957525724,0.9119405676074432,1.3588577809683338,0.0,0.020236456467698512,0.06145877339602888,0.6156201711076772,0.005756938449387433,36.37430831749049,0.3564181111775254,1.788387190452511,-0.11257180437959155,0.5951234599309031,0.4091525013712294,1.0181495113593095,2.5585529587270015,9.158369528900769,-0.19345523235344883,0.30283813091903383,0.5010448202430723,REIT—Hotel & Motel,Real Estate,HT
2018Q1,2018,Q1,2018-04-26,2018-03-31,-8044000.0,99639000.0,-2993000.0,-0.2029459660654363,23637000.0,0.23722638725800138,2158938000.0,925314000.0,69602000.0,111882000.0,1170597000.0,0.0,-237248000.0,709487371.4,1772582371.4,23.345194386359164,0.6221018573139557,0.5070618053876489,1.183074069991376,-0.0011483727046636086,23.345194386359164,-0.008693265205108752,7.12057900420518,-22.05020423296867,0.7667530928960331,-2.1384883142715068,0.0,0.024245674684887,0.04615185799684845,0.45163654564630595,-0.0037259059778465154,-73.9588628583342,0.23722638725800138,0.0076833713450646084,-0.42746837052128767,0.608742118031716,0.3981132301919407,-0.39775275173257235,0.029557244540957896,-1.636944030644818,-1.5500828722310411,0.3022737368079429,0.4556537469995571,REIT—Hotel & Motel,Real Estate,HT
2017Q4,2017,Q4,2018-02-23,2017-12-31,-8289000.0,122646000.0,4699000.0,-0.2045173488027963,39248000.0,0.32001043654093897,2138336000.0,833868000.0,79497000.0,91985000.0,1250182000.0,0.0,-335373000.0,705214500.5999999,1780282500.6,20.574312053503455,0.8642387345762896,0.511151194199602,1.310774607012141,0.004106399649023451,20.574312053503455,-0.009940422225100375,5.750000004892128,-21.269589232718058,0.845714790110665,-2.1323440704548196,0.0,0.02506329632326338,0.05735581311823773,0.4923520139153123,-0.003876378642084312,-670.355989163498,0.32001043654093897,-3.544812176938475,-2.480306820619692,0.5023937021066612,0.21743186022881916,-0.09485482345886857,-3.472114524306591,-0.6292702169625246,-2.168006599762159,0.33067558002950787,0.23184324322987368,REIT—Hotel & Motel,Real Estate,HT
2017Q3,2017,Q3,2017-10-26,2017-09-30,3353000.0,129589000.0,12675000.0,0.08036638250011835,43361000.0,0.3346040173162846,2185454000.0,885984000.0,99803000.0,79754000.0,1244201000.0,0.0,-309864000.0,778939004.7500001,1804588004.75,21.235708032503684,1.2513855104446172,0.49563065614741836,1.2225706107559504,0.010837517773232783,21.235708032503684,0.0037844927222162026,6.010842006265965,58.077766533701165,0.8791795390774552,5.289591410677006,0.0,0.0227694336679062,0.059296146246958295,1.0276976703362841,0.001534234991905572,64.80896952741493,0.3346040173162846,-0.9540763528570751,-0.36089547600716154,0.570772358570656,0.2463148733530797,-0.1743907083015994,-0.958103211295764,-0.4865094798249878,-0.4774566548445071,0.365000428602428,0.25913710790232486,REIT—Hotel & Motel,Real Estate,HT
2017Q2,2017,Q2,2017-07-27,2017-06-30,80030000.0,138004000.0,24684000.0,1.75,52520000.0,0.3805686791687197,2196168000.0,904192000.0,96158000.0,88698000.0,1240161000.0,0.0,-295523000.0,772552684.44,1783146684.44,21.664016263346298,1.084105616812104,0.487300607239519,1.1835915380804076,0.012405257941855137,21.664016263346298,0.08850996248584371,5.59804559606968,2.4133221430713485,0.854412209398004,0.22151693115081844,0.0,0.022947302309680652,0.06283854422794613,0.8828158470315002,0.036440745881007285,20.17741027058086,0.3805686791687197,2.9772727272727275,4.381163241937779,0.5921592983879942,0.1959159768557178,0.6261068796829525,2.2304028416888673,2.2863799760351484,0.6713628410519439,0.4708797128758748,0.27148944342897363,REIT—Hotel & Motel,Real Estate,HT
2017Q1,2017,Q1,2017-04-27,2017-03-31,24774000.0,107998000.0,7511000.0,0.44,32298000.0,0.29906109372395784,2124036000.0,842036000.0,150386000.0,82909000.0,1234510000.0,0.0,-357800000.0,783861640.8199999,1806561640.82,20.18450146820389,1.8138682169607643,0.5039147170763584,1.2711249875302244,0.0036151705788428448,20.18450146820389,0.02942154492206984,7.258112565232689,7.910123928513765,0.930912266007629,1.036005489626221,0.0,0.032743023339107044,0.05084565421678352,0.9283431231832491,0.01166364411902623,108.34300495093295,0.29906109372395784,13.666666666666668,4.527460577591114,0.6836884056496128,0.20938961929747424,-0.15490083206865873,2.806699446834665,-0.37776489106122113,5.962267937893509,0.6250497071973563,0.26131141749274767,REIT—Hotel & Motel,Real Estate,HT
2016Q4,2016,Q4,2017-02-24,2016-12-31,6508000.0,111446000.0,12071000.0,0.03,38218000.0,0.3429284137609246,2155536000.0,835418000.0,329428000.0,142584000.0,1275797000.0,0.0,-364831000.0,897265348.0,1763520348.0,20.01803261436103,2.310413510632329,0.4879988086489857,1.2591289629861937,0.006774334524289043,20.01803261436103,0.007790112255182436,8.051122050140876,34.46778380454825,1.07403162009916,2.479563614013522,0.0,0.017984646388015866,0.0517022216284024,1.4920678336980306,0.0030192026484363982,469.28103974895396,0.3429284137609246,-0.625,8.215297118022281,0.48948594235135673,0.16729068626155477,-0.16243699320622398,-0.1858894170627971,-0.4347724292938753,-0.7861416025648831,0.4424417924216444,0.18844676792845233,REIT—Hotel & Motel,Real Estate,HT
2016Q3,2016,Q3,2016-10-27,2016-09-30,7994000.0,120607000.0,21356000.0,0.08,45630000.0,0.378336249139768,2016368000.0,758246000.0,305839000.0,125856000.0,1217962000.0,0.0,-345905000.0,762408972.88,1637220972.88,17.921605602811542,2.430070874650394,0.5012834958698016,1.3330396731403793,0.01464842997133899,17.921605602811542,0.010542752615905655,6.321432196141186,23.843162774580936,1.00549026685271,1.8491368526394796,0.0,0.019388544109286903,0.05981398236829785,1.2441599923722348,0.0039645540893329,28.281362596631798,0.378336249139768,-0.9656652360515021,1.3712107417156554,0.4904656618011618,0.016849174476273855,-0.13876410856517307,-0.9274664053497382,-0.2366586839189334,2.814120024241588,0.5697217478181646,0.0913779068504908,REIT—Hotel & Motel,Real Estate,HT
2016Q2,2016,Q2,2016-07-29,2016-06-30,110211000.0,127723000.0,27977000.0,2.33,52982000.0,0.4148195704767348,2026495000.0,780291000.0,283601000.0,73488000.0,1208611000.0,0.0,-337743000.0,744785500.9,1562473500.9,17.967576750392134,3.8591470716307423,0.5200062176319211,1.350508976779176,0.015672497741407963,17.967576750392134,0.1412434591710016,5.831255928063074,1.6894536409705019,0.9544971054388682,0.16019272123472247,0.0,0.02370481162518023,0.06302655570332026,3.5193500979751797,0.05438503425865842,28.198754388156896,0.4148195704767348,14.373490935075015,11.038998516189038,0.3702823497519131,-0.022623892931369724,0.703436967495097,15.253879979306777,5.76590084643289,6.050230547722638,0.37567632730073935,0.07643235645002773,REIT—Hotel & Motel,Real Estate,HT
2016Q1,2016,Q1,2016-05-02,2016-03-31,-7732000.0,106870000.0,4135000.0,-0.17422526484009096,31103000.0,0.29103583793393845,2088831000.0,650957000.0,335996000.0,311217000.0,1405188000.0,0.0,-432017000.0,947054838.18,2195898838.18,14.668023244246132,1.0796196865852443,0.6092024677917935,1.9548464798750147,0.0021497516477963358,14.668023244246132,-0.011877896696709614,8.86174640385515,-30.62127645434558,1.454865433784413,-2.0777289187791,0.0,0.016963114861302933,0.05116258806959491,0.1292538646667759,-0.0037015919430533153,-475.6679247513812,0.29103583793393845,-1.916975078105742,0.45246422088807003,0.7182434996094341,-0.07142460675647223,-0.3359168161243488,-1.625465135091409,-0.8052009233523343,-0.22545453711918187,0.5410751161248761,-0.12155122723988945,REIT—Hotel & Motel,Real Estate,HT
2015Q4,2015,Q4,2016-02-17,2015-12-31,12362000.0,123128000.0,21227000.0,0.19,46836000.0,0.3803846403742447,1969772000.0,678039000.0,82301000.0,111530000.0,1261617000.0,0.0,-408274000.0,993635932.1600001,2142767932.16,14.8486263051367,0.7379270151528736,0.597575252364233,1.7360166598086542,0.014144796947664615,14.8486263051367,0.01823198960531769,8.069942922487169,20.09456261446368,1.465455426841229,1.3418540689208867,0.0,0.0166942432968788,0.06250875735871969,0.39149107863355154,0.00627585324595943,38.35691689480795,0.3803846403742447,-0.13636363636363635,2.492977521330693,0.504723108491162,-0.08566766794501735,-0.029808389435525634,-0.12691574263719188,-0.1342632244381908,0.9594849311707873,0.33872316739110275,-0.1213708289494466,REIT—Hotel & Motel,Real Estate,HT
2015Q3,2015,Q3,2015-10-29,2015-09-30,14159000.0,124515000.0,24519000.0,0.22,48275000.0,0.3877042926555034,1922038000.0,723539000.0,76330000.0,78539000.0,1168646000.0,0.0,-400947000.0,1074479462.32,2135282462.32,15.258917750367523,0.9718738461146691,0.5671620436224466,1.506631985283447,0.014138592513196345,15.258917750367523,0.019569090263275375,8.629317450267036,18.971669297266754,1.4850332356928928,1.197895331591214,0.0,0.01578531800261502,0.0647827982589314,0.6030252486026051,0.0073666597642710495,37.797849309459316,0.3877042926555034,-0.3125,6.7291272708188705,0.1272130364204443,-0.02399936420431464,-0.10514023022596251,-0.2633577857551636,-0.18286342731453709,1.37460752784856,0.32796828974864173,-0.10446046279944962,REIT—Hotel & Motel,Real Estate,HT
2015Q2,2015,Q2,2015-07-29,2015-06-30,19221000.0,127030000.0,30006000.0,0.32,53947000.0,0.4246792096355192,1904066000.0,760473000.0,75211000.0,206878000.0,1113906000.0,0.0,-393943000.0,1244327558.24,2251694558.24,15.669931595486867,0.3635524318680575,0.5438508959248262,1.3616893696423147,0.01680042480543514,15.669931595486867,0.025275059075075643,9.795540881996379,16.184479972946257,1.6362547496623812,0.902970709120233,0.0,0.013948095808911157,0.06671512437068883,0.21859260046984214,0.010094713103432339,40.036279222651224,0.4246792096355192,5.020905342118602,1.9817567032764385,0.18245406509363535,-0.01739359695210382,0.8374944650703362,5.871008616320324,3.5182954374341215,0.11148681992708834,0.260393426807193,-0.13497472844011238,REIT—Hotel & Motel,Real Estate,HT
2015Q1,2015,Q1,2015-04-28,2015-03-31,-3946000.0,95712000.0,6641000.0,-0.07958406696323597,29359000.0,0.3067431461049816,1854300000.0,795189000.0,75190000.0,114497000.0,1029885000.0,0.0,-389040000.0,1283202579.32,2201662579.3199997,16.03760127329667,0.6566984287797933,0.5122623092272016,1.1945436870982873,0.0038055627344810573,16.03760127329667,-0.004962342285921963,13.406914277415579,-81.29767988596046,1.613707658581796,-4.432843385707045,0.0,0.013631518734375856,0.0516162433263226,0.41898040996707336,-0.0021280267486383,141.96289183759265,0.3067431461049816,-1.9948008370404495,0.8648677564987562,-0.05891904717928933,-0.2626999303746185,-0.3161829785251782,-1.4538240368027602,-0.6458699941342718,0.5272791076842298,0.25543456012597326,-0.039079140551948166,REIT—Hotel & Motel,Real Estate,HT
2014Q4,2014,Q4,2015-02-20,2014-12-31,8695000.0,112926000.0,18753000.0,0.08,42934000.0,0.38019588048810726,1855539000.0,829382000.0,62506000.0,79227000.0,998150000.0,0.0,-365381000.0,1396368506.32,2293616506.3199997,16.702053744726424,0.7889482120994106,0.495232382612276,1.1079611083915493,0.01367300995345015,16.702053744726424,0.010483709557236593,12.36534107574872,40.14860570212766,1.6836252852364775,2.0269120184013802,0.0,0.012621310148598538,0.060858866345573984,0.4756206848675325,0.004685969952666045,55.09226332833583,0.38019588048810726,0.0,1.4396146110980237,0.05379043007979285,0.3722061639513903,-0.014936331306642193,0.1386851754845469,0.04113924050632911,9.347348855922133,0.2684214433598856,-0.02607053583914893,REIT—Hotel & Motel,Real Estate,HT
2014Q3,2014,Q3,2014-10-31,2014-09-30,7636000.0,112977000.0,18012000.0,0.08,43585000.0,0.3857864875151579,1885609000.0,837351000.0,86543000.0,104070000.0,1019286000.0,0.0,-356567000.0,1265066176.92,2169414176.92,16.865286472163127,0.831584510425675,0.49968789924104096,1.1252342207748005,0.011148707984751151,16.865286472163127,0.009119234347364487,11.197555050319977,41.41782926008381,1.5107955647273366,2.045311681508643,0.0,0.01234559921444145,0.05991539073052791,0.5339290861919862,0.004049620043179683,46.40401206514563,0.3857864875151579,-0.9259259259259258,1.0616126053237394,-0.5228942882129425,-0.29870165393265724,-0.06929318812726884,-0.865872723120971,-0.29420062695924765,1.3021632911327174,0.1897587015572145,-0.043085033417176746,REIT—Hotel & Motel,Real Estate,HT
2014Q2,2014,Q2,2014-08-06,2014-06-30,56931000.0,111553000.0,25520000.0,1.08,46830000.0,0.4198004535960485,1893791000.0,845502000.0,86516000.0,102013000.0,1018790000.0,0.0,-346562000.0,1331897907.12,2246483907.12,17.038298174873102,0.848087988785743,0.4983533029779949,1.1162327232815534,0.014262484726242539,17.038298174873102,0.0673339625453281,11.939597385278745,5.848737538072403,1.5752746973040868,0.2750171259946251,0.0,0.011755405512916203,0.058904599293163815,0.5051415015733289,0.030061923411823163,94.50105769263516,0.4198004535960485,10.024444215784216,12.317504655166426,-0.5625160552302343,-0.38080086184383755,0.9546706736789381,10.479020979020978,3.537695590327169,4.442430531665463,0.04737178718264722,-0.07317354072977142,REIT—Hotel & Motel,Real Estate,HT
2014Q1,2014,Q1,2014-05-02,2014-03-31,-6006000.0,79950000.0,5624000.0,-0.11967495993947468,23958000.0,0.2996622889305816,1718567000.0,803115000.0,114769000.0,113878000.0,887193000.0,0.0,-387863000.0,1170336050.84,1942339050.84,16.00278978551302,1.0078241627004338,0.4633598806447465,0.991532968503888,0.003444438124954935,16.00278978551302,-0.007478381053771876,14.638349604002501,-48.715286831501835,1.4572459122790635,-2.621212121212121,0.0,0.013451691921051716,0.046521316887849,0.3603329879344562,-0.003494772097916462,149.08739501146496,0.2996622889305816,-1.1869921249054292,0.834332344346822,-0.611618089379076,-0.4243563098172481,-0.308471640929427,-1.1655640092623223,-0.5214024338354183,0.6238988501995318,0.13670047944989488,0.01307426165317518,REIT—Hotel & Motel,Real Estate,HT
2013Q4,2013,Q4,2014-02-27,2013-12-31,36276000.0,92101000.0,11751000.0,0.64,34645000.0,0.3761631252646551,1748097000.0,837958000.0,168547000.0,107457000.0,880958000.0,0.0,-364568000.0,1108398117.3200002,1845686117.3200002,16.843861378203663,1.5685064723563844,0.442481738713584,0.9230784836471517,-0.18627066776132684,16.843861378203663,0.043290952529840394,12.03459373209846,7.638646193902305,1.322737079089883,0.4641360679236961,0.0,0.015190390291089853,0.05268643559253291,0.5414630968666536,0.0207517088582613,83.98227893014095,0.3761631252646551,12.099123475436459,1.4251706425149049,-0.643961028984718,-0.4250040848964538,0.03671673948171644,13.728380024360536,-0.13391804245283018,5.021348642281888,0.03312272678957988,0.03719271656907831,REIT—Hotel & Motel,Real Estate,HT
2013Q3,2013,Q3,2013-11-07,2013-09-30,2463000.0,90291000.0,13568000.0,0.048858230949584615,33418000.0,0.37011440785903355,1831756000.0,816450000.0,301480000.0,216630000.0,986674000.0,0.0,-383991000.0,1111730792.6399999,1914886792.6399999,16.421081543174985,1.3916816692055578,0.4638958463900214,1.0407789821789455,0.0137391408647937,16.421081543174985,0.003016718721293404,12.31275312755424,112.84315800243606,1.3616642692632739,6.390580592773041,0.0,0.014158103836111805,0.049292045447101036,0.31882010801828004,0.0013446114002083247,57.785269122095734,0.37011440785903355,-0.8255063180371979,-0.9066246628719312,-0.7141599259843213,-0.48382294258835756,-0.23542600896860988,-0.8622097902097902,-0.5920625375826819,0.28224987757660014,-0.22045862556322204,0.050335698035042946,REIT—Hotel & Motel,Real Estate,HT
2013Q2,2013,Q2,2013-08-01,2013-06-30,17875000.0,106164000.0,33260000.0,0.28,43708000.0,0.41170264873215023,1832255000.0,828885000.0,117551000.0,122929000.0,974157000.0,0.0,-370709000.0,1120290390.72,2008424390.72,16.691784339935214,0.9562511693741916,0.5007097811167114,1.1068218148476567,0.017806849088091332,16.691784339935214,0.021565114581636777,10.552450837572058,15.668397073006991,1.3515631127599124,0.9015384615384615,0.0,0.014384663238647476,0.05794171662787112,0.43365682629810703,0.00975573814780148,73.01162608967675,0.41170264873215023,2.969446111666429,-0.515819119826636,-0.6690725799289744,-0.5165922264836991,1.0130803242446573,3.5524775096387264,15.465346534653465,1.7099885706711646,-0.03421504180564297,0.046683201567948356,REIT—Hotel & Motel,Real Estate,HT
2013Q1,2013,Q1,2013-05-02,2013-03-31,-7003000.0,76970000.0,2020000.0,-0.14217195298787869,21712000.0,0.2820839288034299,1718716000.0,822480000.0,205574000.0,60066000.0,866124000.0,0.0,-372831000.0,1146708873.1200001,1869706873.1200001,16.69764213815086,3.4224686178536943,0.46898847744479016,0.9800335570469799,0.0010812092626651235,16.69764213815086,-0.008514492753623188,14.898127492789401,-40.936344178209346,1.3942088234607528,-2.3394259603027274,0.0,0.01428697412572089,0.044783431352242026,2.1196184197382877,-0.00407455332934586,-3066.0665056684497,0.2820839288034299,-2.7771494123484834,0.49517425897006206,-0.7130133402241137,-0.4675255306600185,-0.11872387060112838,-2.0322818396226414,-0.8840812578905084,0.7585947074169954,-0.23819672815674678,-0.23235573068292992,REIT—Hotel & Motel,Real Estate,HT
2012Q4,2012,Q4,2013-02-22,2012-12-31,6784000.0,98902000.0,17426000.0,0.08,24637000.0,0.2491051748195183,1707679000.0,829828000.0,194542000.0,53862000.0,861891000.0,0.0,-348734000.0,982058640.0,1705707640.0,16.89976476353795,3.611859938360997,0.4642019958083457,0.9552678386364403,0.02093885209613424,16.89976476353795,0.00817518811127125,9.92961355685426,36.19025058962264,1.1834484254568416,2.0779775943396226,0.0,0.014354539969222205,0.05791603691326063,2.252905573502655,0.003972643570600798,11.153040100848353,0.2491051748195183,1.0,-0.7561941553198419,-0.6647863378082339,-0.4771185008452527,-0.43503485598972663,0.0989794265349101,-0.04749931675321126,1.3468691489912978,-0.06665397371559201,0.3884496920133177,REIT—Hotel & Motel,Real Estate,HT
2012Q3,2012,Q3,2012-11-06,2012-09-30,6173000.0,97071000.0,18295000.0,0.04,43608000.0,0.44923818648205954,1701945000.0,836436000.0,131846000.0,82107000.0,834106000.0,0.0,-340099000.0,960201984.3599999,1682926984.36,17.038798530399653,1.6057826981865126,0.458298593667833,0.9325268161580802,0.011318116719818614,17.038798530399653,0.007380122328546356,9.891749176994157,38.887169300178186,1.14796826578483,2.7061396403693503,0.0,0.01739738125112741,0.057035333104183746,1.2906573130183785,0.003627026725305459,28.739097433779293,0.44923818648205954,-0.8571428571428571,-0.8490026442044559,-0.7069154039327451,-0.47632322614441425,-0.04154028748516418,-0.6279756523835353,-0.1171218994305569,1.0503755734484093,-0.5853953645640845,-0.2914866137573919,REIT—Hotel & Motel,Real Estate,HT
2012Q2,2012,Q2,2012-08-06,2012-06-30,16593000.0,96706000.0,20722000.0,0.28,45498000.0,0.47047752983268876,1668792000.0,843545000.0,104517000.0,82449000.0,791793000.0,0.0,-330858000.0,983476222.08,1689529222.08,18.11499861412084,1.2676563693919878,0.4430414335639193,0.8764725059125477,,18.11499861412084,0.019670556994588313,10.16975391475193,14.817637288013017,1.1658847151959886,0.811125173265835,0.0,0.01368513004974836,0.05794970253932186,0.9708547101844777,0.009943120532696706,-42.591322250227364,0.47047752983268876,2.6631702160881083,-0.5355275137643071,-0.6817669799012063,-0.4379057340921839,0.8222524831784684,3.313258051024676,82.55645161290323,3.1363514570069264,-0.5958405294481115,-0.34167183750162056,REIT—Hotel & Motel,Real Estate,HT
2012Q1,2012,Q1,2012-05-02,2012-03-31,-7173000.0,65512000.0,248000.0,-0.16835318315077782,24968000.0,0.3811210159970692,1598842000.0,711101000.0,96240000.0,137892000.0,871406000.0,0.0,-332045000.0,930533756.88,1667503756.88,16.68982530206347,0.6979375163171178,0.49126555344430534,1.1045632055080783,,16.68982530206347,-0.010087174677014938,14.204019979240444,-32.43181921371811,1.3085817020085755,-1.9698870765370138,0.0,0.015184833323378487,0.04097465540685071,0.6979375163171178,-0.004486372011743499,-16.90035882455503,0.3811210159970692,-10.94868238557559,0.5974117656393114,-0.682329793839739,-0.47635552982755724,-0.2943105056386196,-10.948682385575589,-0.9746732026143791,0.7669464256478955,-0.6251444697145304,-0.39964264017998646,REIT—Hotel & Motel,Real Estate,HT
2011Q4,2011,Q4,2012-02-29,2011-12-31,721000.0,76388000.0,9792000.0,0.016922158797115686,35381000.0,0.46317484421636906,1630909000.0,730671000.0,98989000.0,98980000.0,868112000.0,0.0,-310974000.0,831685848.64,1538170848.6399999,17.149141040842323,1.0000909274600929,0.4650008062988186,1.0379144649233376,,17.149141040842323,0.000986764220832632,10.887650529402524,288.37928177531205,1.1382494291411591,19.59778085991678,0.0,0.016989588103616095,0.046837683770216486,1.0000909274600929,0.00044208475150974086,-11.850415329286712,0.46317484421636906,1.028203597995193,1.9856148005019234,-0.5919318891227099,-0.47591266419880357,-0.09197998203515975,1.0335302050876622,-0.4296365330848089,1.0098668888349647,-0.6552062178495568,-0.4145828070765969,REIT—Hotel & Motel,Real Estate,HT
2011Q3,2011,Q3,2011-11-04,2011-09-30,-21503000.0,80799000.0,17168000.0,-0.6,38965000.0,0.4822460674018243,1594644000.0,744576000.0,145419000.0,72800000.0,820151000.0,0.0,-297994000.0,584688764.32,1230732764.3200002,17.624644886044216,1.9975137362637363,0.44786861518934634,0.9591915398831012,,17.624644886044216,-0.02887952337974901,7.236336641790122,-6.797758037483142,0.7852640486934847,-0.601032414081756,0.0,0.022104067648761414,0.05066898944215762,1.6307417582417583,-0.01348451441199415,39.21716844322222,0.4822460674018243,-4.75,-1.6255299317304968,-0.6708724641943068,-0.49855933437021727,-0.10632783651751107,-3.4190572617842276,-0.07380233059991369,-1.9594138937479357,-0.6989602698809289,-0.44599036846117,REIT—Hotel & Motel,Real Estate,HT
2011Q2,2011,Q2,2011-08-08,2011-06-30,8889000.0,90506000.0,18536000.0,0.16,43601000.0,0.4817470664928292,1599564000.0,775199000.0,150792000.0,69420000.0,789057000.0,0.0,-262790000.0,939508253.5200001,1619865253.52,18.38348269458,2.1721694036300776,0.46740049163397024,0.964445258572315,,18.38348269458,0.01146673305822118,10.380618450931431,26.42333933850827,1.2119575148058759,1.1303858701766227,0.0,0.01069495660347182,0.056581668504667525,1.7950014405070585,0.0055571393204648266,-18.63659949059748,0.4817470664928292,1.4444444444444446,-0.6024158801075135,-0.6420800671891932,-0.44311269451606383,1.098320419654459,1.6638040474945859,8.042553191489361,-0.7164559138842672,-0.6677699176897087,-0.4675992537477957,REIT—Hotel & Motel,Real Estate,HT
2011Q1,2011,Q1,2011-05-05,2011-03-31,-13391000.0,58980000.0,-2632000.0,-0.36,20779000.0,0.35230586639538825,1450025000.0,664766000.0,92408000.0,101739000.0,766530000.0,0.0,-259237000.0,999909781.2,1669865781.2,15.796265280098051,0.9082849251516134,0.48956811089463975,1.0678735073695105,,15.796265280098051,-0.020143930345414778,16.95337031536114,-18.66757115226645,1.5041530120373185,-0.7490105294600852,0.0,0.010030904976209867,0.04067516077309012,0.9082849251516134,-0.009235013189427769,-20.675953375653936,0.35230586639538825,-0.9853424452889528,0.5840593538785878,-0.7022949034205533,-0.4664813503331992,-0.3464490155375228,-0.7548158825841961,-1.7086698976844372,-0.12986405345617588,-0.7426045841925525,-0.496269718623563,REIT—Hotel & Motel,Real Estate,HT
2010Q4,2010,Q4,2011-03-03,2010-12-31,-7631000.0,75413000.0,3714000.0,-0.18132891927750253,31794000.0,0.4215983981541644,1457277000.0,683434000.0,97660000.0,85345000.0,753959000.0,0.0,-236159000.0,1111010868.0,1740134868.0,16.239856980408945,1.1442966781885289,0.4767247407322012,1.0165136648162076,,16.239856980408945,-0.011165672179025334,14.732352087836315,-36.39794483029747,1.6256300798614056,-1.1256716026733062,0.0,0.007731697544474426,0.05174925563225111,0.9406057765539868,-0.0052364787202433035,-93.40935496889188,0.4215983981541644,-5.809707197015938,0.5249653882397524,-0.5868509540948889,-0.49939792644015524,-0.12845394736842106,-6.699029126213592,-0.7121376530770424,-1.3199873219499851,-0.7017668612452442,-0.49753615610699037,REIT—Hotel & Motel,Real Estate,HT
2010Q3,2010,Q3,2010-11-05,2010-09-30,1339000.0,80741000.0,12902000.0,0.03770061499585744,36480000.0,0.4518150629791556,1396183000.0,541864000.0,98782000.0,148660000.0,831854000.0,0.0,-218867000.0,718135536.7199999,1445574536.7199998,15.634126854771644,0.6644827122292479,0.5458997853433253,1.4065817253037662,,15.634126854771644,0.0024710997593492094,8.894310656543762,134.08057070948468,1.325305864054449,6.412247946228529,0.0,0.011955960345891739,0.05782981170806406,0.6163796582806403,0.0009590433345772008,-11.827001592885374,0.4518150629791556,-0.5287423125517821,-0.9203554258547968,-0.5224639620170823,-0.5374523731442632,0.01457336744910446,-0.7061018437225637,-0.13779738037957764,-0.953609321571006,-0.654717398383661,-0.5194949280755563,REIT—Hotel & Motel,Real Estate,HT
2010Q2,2010,Q2,2010-08-05,2010-06-30,4556000.0,75928000.0,14964000.0,0.08,35956000.0,0.4735538931619429,1331690000.0,546996000.0,58975000.0,77170000.0,760393000.0,0.0,-212015000.0,620147597.92,1277623597.92,15.94731272550343,0.7642218478683426,0.5203132861251493,1.2667295556091818,,15.94731272550343,0.0083291285493861,8.167574516910758,34.02917021071115,1.133733332455813,1.879060579455663,0.0,0.013804778134614953,0.05701627255592518,0.664247764675392,0.003421216649520534,-57.18281216413093,0.4735538931619429,1.125,-0.8205402767030232,-0.46702107932650944,-0.2983785376041111,0.9465136422693807,1.3115852824511012,4.358922558922559,-0.8268621158451784,-0.660791215011165,-0.5051673350581009,REIT—Hotel & Motel,Real Estate,HT
2010Q1,2010,Q1,2010-05-10,2010-03-31,-14622000.0,50927000.0,-4455000.0,-0.64,18472000.0,0.3627152590963536,1296962000.0,540051000.0,61669000.0,31686000.0,726434000.0,0.0,-208409000.0,514433673.59999996,1132315673.6,21.751796770404884,1.946253866060721,0.5073379173792293,1.2183997437279073,,21.751796770404884,-0.02707522067360305,10.101393634025172,-8.795542224045958,0.9525649866401505,-0.30884967856654355,0.0,0.008778585523760707,0.03926637788925196,1.691441014959288,-0.011274038869296094,-3.0831365960660215,0.3627152590963536,-0.6068200222469412,-2.067302510773814,-0.18708167927044114,-0.043318490091954466,-0.16537140791613952,-0.4786125998584286,-1.8637068631252423,-0.4083379691765671,-0.5762169510066427,-0.31753581065171044,REIT—Hotel & Motel,Real Estate,HT
2009Q4,2009,Q4,2010-03-05,2009-12-31,-9889000.0,53579000.0,5158000.0,-0.3983022312013752,22132000.0,0.41307228578360927,1111044000.0,302197000.0,37075000.0,100478000.0,781454000.0,0.0,-185725000.0,311838172.8,1024985172.8,12.17167957956942,0.3689862457453373,0.6521352889714539,2.3976114918414146,,12.17167957956942,-0.03272368686651423,5.820156643461058,-7.883460734149056,1.031903601955016,-0.4381636161391445,0.0,0.01389502754295256,0.048224012730368915,0.20801568502557774,-0.00890063759851095,98.15491746931067,0.41307228578360927,0.8468068341533173,-0.8553817675447067,0.039028904195046184,-0.48456830552393826,-0.20962788372259125,0.6945482625482625,1.5036617517820525,-22.198728888652596,-0.5088185208239921,-0.6280266686308015,REIT—Hotel & Motel,Real Estate,HT
2009Q3,2009,Q3,2009-11-05,2009-09-30,-32375000.0,61857000.0,-10241000.0,-2.6,28002000.0,0.45268926718075564,1119595000.0,311902000.0,41004000.0,102319000.0,779088000.0,0.0,-171752000.0,160823288.0,853211288.0,24.04866141028033,0.40074668438901867,0.6435094833399577,2.3099242710851486,,24.04866141028033,-0.10379862905656263,2.599920591040626,-1.2418786718146717,0.5156212143557912,-0.13016216216216217,0.0,0.026202672836784683,0.05524944287889817,0.40074668438901867,-0.028916706487613825,66.20966982297242,0.45268926718075564,-31.18115237173282,-5.39151129699031,0.11591216593918012,-0.19795602633295492,-0.027775848899381988,-32.34075508228461,-1.8129068106048578,-4.067751832284303,-0.17925453422012527,-0.3157889499024777,REIT—Hotel & Motel,Real Estate,HT
2009Q2,2009,Q2,2009-08-07,2009-06-30,1033000.0,61616000.0,12598000.0,0.08614647870222206,28802000.0,0.4674435211633342,1213180000.0,329958000.0,38816000.0,35883000.0,849011000.0,0.0,-135353000.0,118952743.67999999,869485743.68,27.516669718903955,1.0817378703006995,0.6403600455002555,2.3544572339509875,,27.516669718903955,0.0031307014832190764,1.9305495923136846,28.788176108422075,0.36050874256723586,11.090997095837366,0.0,0.09631555898215327,0.050788835951796105,1.0817378703006995,0.0008514812311445952,41.46139549668874,0.4674435211633342,1.1025553317883596,-0.7867333083291277,0.38064430729121973,0.19907761613451638,0.6506390051005788,1.1196987253765933,9.03824701195219,-0.8375203156269391,-0.14311086343149562,-0.1664428166176737,REIT—Hotel & Motel,Real Estate,HT
2009Q1,2009,Q1,2009-05-08,2009-03-31,-8630000.0,49003000.0,1255000.0,-0.84,17449000.0,0.356080239985307,1171636000.0,332114000.0,39273000.0,28459000.0,805523000.0,0.0,-132729000.0,90794350.0,822218350.0,27.79981794021324,1.3799852419269827,0.6482149746166899,2.28678104506284,,27.79981794021324,-0.02598505332506308,1.8528324796441034,-2.6301955388180764,0.27338308532612293,-1.327694090382387,0.0,0.12619727989682178,0.041824423285047575,1.3799852419269827,-0.0073657688906793575,-37.894136060100166,0.356080239985307,0.5102169456781688,-1.5799274353304757,0.5345387104609038,0.08527571430696868,-0.322894838960031,0.5787983796183318,1.097173828881146,0.05572542426442067,-0.12868875515979572,-0.061061518944469886,REIT—Hotel & Motel,Real Estate,HT
2008Q4,2008,Q4,2009-03-06,2008-12-31,-20489000.0,62120000.0,-12915000.0,-1.7150450441024139,25770000.0,0.41484224082421123,1179455000.0,349963000.0,115185000.0,118758000.0,774118000.0,0.0,-114207000.0,143359500.0,871443500.0,29.293880070731273,0.9699136058202394,0.6306141395814169,2.1253132474004395,,29.293880070731273,-0.05854618916856925,2.307783322601417,-1.74922519400654,0.40964187642693656,-0.7618722241202597,0.0,0.10888709851806123,0.05266839345290834,0.9431196214149784,-0.017371582637743705,-2.503483864207879,0.41484224082421123,-4.897829645687304,-35.078911897346536,2.1599149466762197,0.21369718499489318,-0.24906023253780926,-4.2342541436464085,-1.7050827100507726,-3.492971997642118,0.1988397440281365,-0.09700084651532376,REIT—Hotel & Motel,Real Estate,HT
2008Q3,2008,Q3,2008-11-06,2008-09-30,6335000.0,75864000.0,18317000.0,0.44,34317000.0,0.4523489402087947,38008000.0,379879000.0,30378000.0,144300000.0,763787000.0,0.0,0.0,355365409.92,385814409.92,31.81288534116202,0.21051975051975053,1.3523468743422438,0.13530624225082197,,31.81288534116202,0.016676362736555587,4.68424298639671,14.023891472770325,0.9354700047120268,1.5597474348855564,0.0,0.027805182283285292,1.996000841928015,0.16366597366597366,0.16667543675015786,19.140655494990845,0.4523489402087947,-0.3125,0.18095921290988132,-0.24185985665605356,0.944735772759834,0.0,-0.2297872340425532,-0.028121186395712844,0.09369613634978337,0.3023334837643451,-0.05879140199652161,REIT—Hotel & Motel,Real Estate,HT
2008Q2,2008,Q2,2008-08-07,2008-06-30,8225000.0,71473000.0,18847000.0,0.64,0.0,0.0,35824000.0,382013000.0,27792000.0,140600000.0,751803000.0,0.0,0.0,334114982.0,364742982.0,34.52940820235352,0.19766714082503556,1.3287181777579276,0.12460308942365836,,34.52940820235352,0.021530680893058613,4.674702083304185,10.155470577507598,0.8746167852926471,0.8891185410334347,0.0,0.021887674585032525,1.9951150066994194,0.13835704125177808,0.22959468512728898,7.650553718629785,0.0,3.2725190691212225,13.091412061710365,-0.16800208937420893,1.0112381596505708,0.0,3.8568947551233066,1.4969528351881294,0.00444651770735321,0.5554559501616504,0.5191634036157078,REIT—Hotel & Motel,Real Estate,HT
2008Q1,2008,Q1,2008-05-09,2008-03-31,-2879000.0,55662000.0,7548000.0,-0.28162579962309686,0.0,0.0,27742000.0,320572000.0,22164000.0,150300000.0,750463000.0,0.0,-78632000.0,369246994.2,506335994.2,31.35857792176985,0.14746506986027944,5.3960421022276694,0.46696841895112484,,31.35857792176985,-0.008980821781066343,6.63373565807912,-32.06382374088225,1.1518379465455497,-3.4411253907606807,0.0,0.026830279340429634,2.006416264148223,0.9513373253493014,-0.10377766563333574,-10.863720444849804,0.0,-1.4969791127222511,-1.597015197578639,0.07045191421047012,0.8005087408564588,0.0,-1.496979112722251,-0.36810380912515694,-0.46676961943987955,1.1578837042694334,0.37920430166879787,REIT—Hotel & Motel,Real Estate,HT
2007Q4,2007,Q4,2008-03-13,2007-12-31,5793000.0,61425000.0,11945000.0,0.5666753237987495,0.0,0.0,1067607000.0,330405000.0,49941000.0,73141000.0,692449000.0,0.0,-67135000.0,388465830.0,1039146830.0,32.32044887963505,0.6828044462066419,0.6210225298260502,2.0066524417003375,,32.32044887963505,0.017533027647886685,6.324230036630037,16.764449766960126,1.1757262450628774,1.7638529259451061,0.0,0.02630347178798197,0.05753521661060671,0.33886602589518877,0.00542615400610899,7.863839956274418,0.0,-0.2129509391684034,-0.03132189463976412,0.39893129180228803,0.8306190893553604,0.0,-0.3181497175141243,-0.3588298443370907,3.6397016675563703,1.8930011163158074,0.3686676208778861,REIT—Hotel & Motel,Real Estate,HT
2007Q3,2007,Q3,2007-11-09,2007-09-30,8496000.0,68831000.0,18630000.0,0.72,0.0,0.0,27822000.0,331938000.0,22157000.0,162000000.0,738876000.0,0.0,-64314000.0,408076240.0,544628240.0,32.536861249260674,0.13677160493827162,5.277550140176839,0.44234766733546627,,32.536861249260674,0.025595141261319884,5.928669349566329,12.007893126177025,1.229374883261332,1.126765536723164,0.0,0.023458851708690515,2.4739774279347277,0.9021234567901234,0.3053698511968945,27.694349507974213,0.0,0.12499999999999993,0.8058408087486967,-0.06955949730283657,-0.3552842266305118,0.0,0.08992944194996792,0.04182977295604518,0.4650912178263641,0.5785966336884801,0.08513289125750682,REIT—Hotel & Motel,Real Estate,HT
2007Q2,2007,Q2,2007-08-09,2007-06-30,7795000.0,66307000.0,17882000.0,0.64,0.0,0.0,25510000.0,327454000.0,19790000.0,117400000.0,709417000.0,0.0,-64194000.0,480395153.76,571979153.76,32.22768797483466,0.16856899488926746,3.96530772246178,0.3089136184013632,,32.22768797483466,0.02380487030239362,7.245014157781229,15.407156951892238,1.467061491873668,1.2012828736369467,0.0,0.01949228656182104,2.5992551940415525,1.0449744463373083,0.30556644453155624,-16.739673627430484,0.0,2.230769230769231,0.603756378345425,0.04029981087592347,-0.34013076097980843,0.0,2.8393109957527134,2.0969864911673017,0.8992427258139484,0.753433606864775,0.40436686798052723,REIT—Hotel & Motel,Real Estate,HT
2007Q1,2007,Q1,2007-05-10,2007-03-31,-4238000.0,49053000.0,5774000.0,-0.52,0.0,0.0,22407000.0,323010000.0,16645000.0,105300000.0,691983000.0,0.0,-63412000.0,477535849.44,561926849.44,31.87243683976515,0.15807217473884141,4.13977774802517,0.2871737717098542,,31.87243683976515,-0.013120336831677038,9.735099778606813,-28.169882576687115,1.4783933916597007,-2.1717791411042944,0.0,0.019273945633177927,2.18918195206855,1.1249952516619184,-0.1891373231579417,-18.669788468214872,0.0,-29.286897931034485,-1.7917441593618084,-0.04380045828853157,-0.38510701264295566,0.0,-23.35632183908046,-0.3806714576852944,-0.4934895236757975,0.8107783194600425,0.24426648161403525,REIT—Hotel & Motel,Real Estate,HT
