Quarters,Year,Quarter,FillingDate,Date,NetIncome,Revenue,OperatingIncome,EPSDiluted,GrossProfit,GrossProfitRatio,TotalAssets,CommonStockEquity,CurrentAssets,CurrentLiability,TotalLiability,Inventory,RetainedEarnings,MarketCap,EnterpriseValue,bookValuePerShare,currentRatio,debtToAssets,debtToEquity,roic,shareholdersEquityPerShare,roe,priceToSalesRatio,peRatio,pbRatio,payoutRatio,inventoryTurnover,dividendYield,assetTurnover,quickRatio,returnOnAssets,priceToFreeCashFlowsRatio,grossProfitMargin,epsdilutedGrowth,fiveYNetIncomeGrowthPerShare,fiveYRevenueGrowthPerShare,fiveYShareholdersEquityGrowthPerShare,grossProfitGrowth,netIncomeGrowth,operatingIncomeGrowth,threeYNetIncomeGrowthPerShare,threeYRevenueGrowthPerShare,threeYShareholdersEquityGrowthPerShare,Industry,Sector,Symbol
2023Q1,2023,Q1,2023-05-02,2023-03-31,144763000.0,1028709000.0,245625000.0,0.93,289094000.0,0.2810260239,15343912000.0,1621711000.0,326114000.0,767399000.0,13722011000.0,35200000.0,499567000.0,10531937500.0,14773251500.0,10.590765714285714,0.4249601576233485,0.2867029607573349,2.7126565707453425,0.030795690513417948,10.590765714285714,0.08926559664453161,10.23801434613676,18.188241297845444,6.494336845467534,0.2846514648079965,21.011789772727273,0.00391257544017898,0.06704346323154095,0.337106251115782,0.009434556194013627,74.34186378106713,0.2810260238804171,0.5762711864406781,1.1347055618890964,0.565449912567855,0.29695713012823866,0.03215418011482105,0.5683115757542928,0.4712312520964109,1.086595814121111,0.5131359194759931,0.09382102634835997,Personal Services,Consumer Cyclical,SCI
2022Q4,2022,Q4,2023-02-15,2022-12-31,92305000.0,1027683000.0,166952000.0,0.59,280088000.0,0.272543187,15066037000.0,1673191000.0,359846000.0,799280000.0,13392614000.0,31740000.0,544384000.0,10656340780.0,14806146780.0,10.855924010718434,0.45021269142228004,0.28818089322361284,2.5948884496749027,0.0208294942814822,10.855924010718434,0.05516704309310772,10.369287786214231,28.86176474730513,6.368872878230877,0.4506798114945019,23.55371770636421,0.003903779060639237,0.06821189938668012,5.584912671404264,0.006126694100114051,199.79639980500974,0.2725431869555106,-0.22368421052631585,-0.5465856722308784,0.5361495751724555,0.442236760365073,0.21273316129479208,-0.23620190318576748,-0.17938736188116866,-0.2579450228334446,0.4289898194150684,0.08557870697476583,Personal Services,Consumer Cyclical,SCI
2022Q3,2022,Q3,2022-11-02,2022-09-30,120850000.0,977720000.0,203448000.0,0.76,230956000.0,0.2362189584,14491529000.0,1677202000.0,338346000.0,706588000.0,12814107000.0,31595000.0,559631000.0,9052534940.0,13075490940.0,10.697737608511236,0.47884481480013813,0.289197985940614,2.498757454379377,0.026458914368868183,10.697737608511236,0.07205452891184246,9.258821482633065,18.72679962763757,5.397402900783566,0.32112536201903186,23.635511948093054,0.0042869759970238785,0.06746838101072702,5.92331457652833,0.008339354667130018,110.07459800583658,0.23621895839299595,-0.07317073170731701,1.5724437341421724,0.5982652943122844,0.6187664983565572,-0.13384462487577115,-0.08909323886334514,0.36413192884585727,0.9877110808682243,0.4799357504593562,0.09991010844387153,Personal Services,Consumer Cyclical,SCI
2022Q2,2022,Q2,2022-08-03,2022-06-30,132670000.0,990855000.0,149141000.0,0.82,266645000.0,0.2691059741,14701961000.0,1839353000.0,361770000.0,715111000.0,12862378000.0,30070000.0,679052000.0,10969689600.0,14781162600.0,11.589760877099021,0.5058934906608904,0.2732774899892606,2.1843088303332747,0.019012852910894433,11.589760877099021,0.07212862348880286,11.070933284890321,20.67100625612422,5.963884909530688,0.29895982513002184,24.08413701363485,0.0036156902744084937,0.06739611130787247,6.141474540316119,0.009023966258650802,243.6896501166278,0.2691059741334504,-0.3880597014925374,1.2900128281188135,0.5147115929579843,0.8047727945376679,-0.2925555764858203,-0.3957653017074515,-0.5557286608797193,1.107757657254618,0.4012275237657135,0.21177569755540648,Personal Services,Consumer Cyclical,SCI
2022Q1,2022,Q1,2022-05-04,2022-03-31,219567000.0,1112403000.0,335698000.0,1.34,376913000.0,0.338827745,15457134000.0,1842750000.0,458732000.0,775205000.0,13614488000.0,28654000.0,678932000.0,10618608959.999998,14344859959.999998,11.422381731627492,0.5917557291297141,0.2605144653594903,2.1852161172161173,0.042310633445554614,11.422381731627492,0.11915181115181116,9.54564933751527,12.090397190834686,5.762370891330891,0.18201277969822424,25.667969567948628,0.0037635814776251077,0.07196696360399024,0.5206235769893125,0.014204897233859783,38.55354074611962,0.3388277449809107,0.08064516129032265,0.466619637375208,0.6691400299158726,0.8205503063458249,0.16196685934489402,0.06294386754774527,0.12479351857746446,2.117479123194283,0.5695657584048757,0.22049893240788712,Personal Services,Consumer Cyclical,SCI
2021Q4,2021,Q4,2022-02-15,2021-12-31,206565000.0,1043255000.0,298453000.0,1.24,324375000.0,0.3109259002,15691178000.0,1909445000.0,441060000.0,728261000.0,13781729000.0,25935000.0,727021000.0,11674021540.0,15466985540.0,11.611380027486227,0.6056345183938177,0.25884544806005005,2.127104996478034,0.03916660549599905,11.611380027486227,0.10818064935098942,11.189998169191616,14.128750683804128,6.113829693968666,0.18218962554159707,27.71852708694814,0.0032237391263199608,0.0664867226667112,0.5332044418141298,0.013164403590348666,181.40601898901372,0.31092590018739424,0.008130081300813016,2.609652785198069,0.4927301928284178,1.0228766214847547,-0.025956476957771177,-0.015677491601343786,-0.019362830462697062,0.1792608899357391,0.40074694819849094,0.2816623372522076,Personal Services,Consumer Cyclical,SCI
2021Q3,2021,Q3,2021-10-28,2021-09-30,209855000.0,1034372000.0,304346000.0,1.23,333019000.0,0.3219528371,15370191000.0,1941895000.0,571863000.0,724262000.0,13428296000.0,24646000.0,746019000.0,10088548420.0,13507386420.0,11.599150623891243,0.7895802900055505,0.24890939871859757,1.9701296929030663,0.04043922989328264,11.599150623891243,0.1080671200039137,9.75330772681395,12.018475161420982,5.1952079901333486,0.18281670677372472,28.45707214152398,0.003802826571555475,0.06729727691737858,0.6999442190809403,0.013653376200725157,60.77731709961926,0.3219528370837571,0.3369565217391304,4.076087083832174,0.655137826626475,1.0618327346121887,0.23931108654959007,0.3306807013094068,0.2379991620463966,2.288650411420426,0.4348179086100854,0.4089950469121534,Personal Services,Consumer Cyclical,SCI
2021Q2,2021,Q2,2021-07-29,2021-06-30,157705000.0,987535000.0,245837000.0,0.92,268713000.0,0.2721047862,15344449000.0,1918138000.0,586574000.0,691492000.0,13426338000.0,25036000.0,714073000.0,9027235500.0,12429347500.0,11.386987236568714,0.8482730096660555,0.2501821994390284,2.001372164046591,0.03305628442082185,11.386987236568714,0.0822177549269135,9.141180312596516,14.310319108462002,4.706249237541825,0.22416537205541992,28.71153538903978,0.003916149080191826,0.06435780131303509,0.7617846627292868,0.010277658063837939,68.7679342733734,0.2721047861594779,-0.3082706766917293,10.616107862263032,0.5114659637469134,0.8977267592832024,-0.28819068255687974,-0.3109678039488114,-0.2812624254473161,0.6562253325387322,0.34495262395537724,0.4087602847787507,Personal Services,Consumer Cyclical,SCI
2021Q1,2021,Q1,2021-05-04,2021-03-31,228879000.0,1077981000.0,342040000.0,1.33,377507000.0,0.3501981946,14788260000.0,1850711000.0,387485000.0,841782000.0,12937600000.0,25945000.0,662271000.0,8674313900.0,12086751900.0,10.891788980567098,0.4603151409747417,0.24723422498657718,1.9755456146313497,0.04638671033222898,10.891788980567098,0.12367084866302734,8.046815203607485,9.47478132550387,4.687016989686666,0.1554008886791711,26.998419734052803,0.004100381933376886,0.07289437702610044,0.39596475096877815,0.015477074381975972,33.97268614979713,0.35019819458784524,0.16666666666666682,4.534028910271972,0.6504338017586534,0.7910679699333883,0.19706684424150178,0.13845794183333915,0.19826517099556484,2.0415367507325146,0.4783064017278732,0.33382077927983,Personal Services,Consumer Cyclical,SCI
2020Q4,2020,Q4,2021-02-16,2020-12-31,201043000.0,970268000.0,285446000.0,1.14,315360000.0,0.3250236017,14515425000.0,1752748000.0,376152000.0,815934000.0,12762804000.0,23929000.0,560731000.0,8640716200.0,12241985200.0,9.959814071893716,0.4610078756370001,0.26400370640198273,2.186353086695863,0.04078331513879691,9.959814071893716,0.11470160000182571,8.90549435825978,10.744860800923187,4.929810902651152,0.17866824510179413,27.368799364787495,0.004157062813844065,0.06684392637487363,0.4014062411910767,0.01385030062846937,48.46167246214246,0.3250236017265333,0.5833333333333333,2.0985849068957645,0.4063245174688,0.6498748974256581,0.1961040143216919,0.5778597496370129,0.2788054459193685,-0.1350929336582931,0.2702128943250484,0.3231863051642562,Personal Services,Consumer Cyclical,SCI
2020Q3,2020,Q3,2020-10-29,2020-09-30,127415000.0,918241000.0,223213000.0,0.72,263656000.0,0.2871315918,13787140000.0,1743072000.0,366058000.0,622134000.0,12044004000.0,25830000.0,556495000.0,7422920760.0,10882984760.0,9.904831175915719,0.588390925427641,0.266942092413655,2.1114262635163663,0.03183149739911459,9.904831175915719,0.07309795579299076,8.08384809652368,14.564456225719107,4.258527909346258,0.26165679080171095,25.34204413472706,0.004491358735722244,0.06660126755802871,0.48266772110188483,0.009241583098452615,51.417375005195126,0.28713159181522063,0.22033898305084748,2.0413295919308556,0.4554593883742744,0.6760128007509819,0.2051909108777832,0.20763354437578194,0.2241917349932816,1.4162672602495372,0.3372611614704034,0.4987850203666835,Personal Services,Consumer Cyclical,SCI
2020Q2,2020,Q2,2020-07-31,2020-06-30,105508000.0,820035000.0,182335000.0,0.59,218767000.0,0.2667776375,13487930000.0,1754281000.0,383636000.0,606825000.0,11733602000.0,25965000.0,561882000.0,6918608780.0,10357350780.0,9.860940292970287,0.6322020351831252,0.27142608243073624,2.0868811781008856,0.025077325280274804,9.860940292970287,0.06014315836516499,8.436967666014256,16.39356442165523,3.9438429647245794,0.31958714031163515,23.15686501059118,0.004873667679761479,0.0607976909725955,0.4930531866683146,0.00782240121352943,52.51036969572774,0.2667776375398611,0.311111111111111,1.2830330763931703,0.23716738898908646,0.5072866248240162,0.22186166528897924,0.28760937747891774,0.20134276829011175,0.6246520227234746,0.11830949412384964,0.5355585812368976,Personal Services,Consumer Cyclical,SCI
2020Q1,2020,Q1,2020-04-30,2020-03-31,81941000.0,802965000.0,151776000.0,0.45,179044000.0,0.2229785856,12715258000.0,1751093000.0,359468000.0,587294000.0,10964165000.0,27891000.0,562549000.0,7073199940.0,10518577940.0,9.68235703937983,0.6120750424829813,0.28482623003009455,2.06821625122138,0.021845472887174467,9.68235703937983,0.04679420224968063,8.808852116841955,21.580161152536583,4.039305702209991,0.41998511123857407,22.369975977914024,0.004865407494758306,0.0631497213819806,0.4279372852438472,0.0064443049445005365,55.38182027451318,0.22297858561705677,-0.43037974683544306,0.5023370932797973,0.2077713615821331,0.47840045698565403,-0.17819964382102924,-0.4431540176144395,-0.2052489095317139,-0.5117600430828292,0.0747534995997909,0.5432173856862539,Personal Services,Consumer Cyclical,SCI
2019Q4,2019,Q4,2020-02-18,2019-12-31,147152000.0,850760000.0,190973000.0,0.79,217868000.0,0.2560863228,13677430000.0,1823313000.0,373553000.0,556719000.0,11854175000.0,25118000.0,601903000.0,8392603870.0,11867001870.0,10.000126145593955,0.6709902122974067,0.2676434096171576,2.007704656304211,0.02597234282786858,10.000126145593955,0.08070583602486243,9.864831292021252,14.25839246153637,4.602941935915556,0.22304148091769055,25.196751333704913,0.003910705248143685,0.06220174404109544,0.49190345578289946,0.010758746343428554,89.49819640838612,0.25608632281724575,1.0789473684210527,0.9026884000836879,0.23272441005101974,0.5122063212334682,0.3639596323842436,1.0786529551361737,0.4851887856281837,1.3192225482599624,0.09790678506150398,0.7421720195131607,Personal Services,Consumer Cyclical,SCI
2019Q3,2019,Q3,2019-11-01,2019-09-30,70792000.0,769241000.0,128585000.0,0.38,159732000.0,0.2076488383,13316321000.0,1775493000.0,352179000.0,563417000.0,11540801000.0,26645000.0,553610000.0,8727763310.0,12069405310.0,9.726010813416524,0.625076985607463,0.2655610359648134,1.9917262416692152,0.023544060929909363,9.726010813416524,0.03987174266527663,11.345941401979355,30.82185596536332,4.915684438068751,0.46460051983274947,22.875173578532557,0.003768433999844572,0.05776678108014969,0.5335515257793073,0.005316183050859167,60.25588256412026,0.207648838270451,-0.025641025641025664,3.631721733942936,0.23673224872722984,0.5106727245352884,-0.1643455787722474,-0.021250120974989285,-0.14336631024949203,0.5703963027709297,0.12884722876983243,0.7288686148268038,Personal Services,Consumer Cyclical,SCI
2019Q2,2019,Q2,2019-07-30,2019-06-30,72329000.0,812572000.0,150105000.0,0.39,191146000.0,0.2352357699,13360343000.0,1744228000.0,394217000.0,614472000.0,11616127000.0,25669000.0,535173000.0,8472863740.0,11861165740.0,9.56427901671885,0.6415540496556393,0.2718482601831405,2.082288554019314,0.02107113501426928,9.56427901671885,0.04146762923195821,10.427215975938132,29.28584571886795,4.857658368057388,0.45446501403309875,24.20920176087888,0.0038795619767632425,0.0608196960212773,0.5304472783137393,0.005413708315722134,502.6615887517798,0.2352357698763925,-0.09302325581395345,2.249578275271496,0.26727829418086935,0.43358011630417065,-0.0035864341044861705,-0.08817114834285138,0.021275292900978376,3.920935046291346,0.14875582575598364,0.5939587747134003,Personal Services,Consumer Cyclical,SCI
2019Q1,2019,Q1,2019-04-25,2019-03-31,79323000.0,798212000.0,146978000.0,0.43,191834000.0,0.2403296367,13079061000.0,1700453000.0,290052000.0,604543000.0,11378656000.0,25219000.0,508578000.0,7358688000.0,10682744000.0,9.358780600563579,0.4797872111661205,0.2659021163675282,2.0451903110524077,0.022414763018220003,9.358780600563579,0.04664815787322554,9.218964385401373,23.192163685185886,4.327486852032958,0.41375137097689196,24.04449026527618,0.004460034180006,0.061029763528130956,0.3895587245241447,0.0060648849332532355,55.19443756891159,0.24032963673810967,-0.5865384615384616,1.260684615003621,0.25149739228847057,0.38670753575555955,-0.08764737495422399,-0.5890979352071527,-0.14898963580568583,0.793612526207558,0.14287643219125634,0.5389769487097276,Personal Services,Consumer Cyclical,SCI
2018Q4,2018,Q4,2019-02-20,2018-12-31,193046000.0,820814000.0,172710000.0,1.04,210263000.0,0.2561640031,12693243000.0,1641903000.0,331232000.0,555600000.0,11051428000.0,24950000.0,474327000.0,7296440580.0,10715889580.0,9.0596249027495,0.5961699064074873,0.28505709691368863,2.2037227534147874,0.05034904026006399,9.0596249027495,0.11757454612117768,8.889274037723528,9.44909578546046,4.443892592924186,0.15979093065901392,24.470981963927855,0.004227677819312825,0.06466542868516738,0.5057739380849532,0.015208564115569204,77.65309997658628,0.25616400305063025,1.810810810810811,7.744728910579353,0.43666548843704545,0.3585881997625641,0.265348739242944,1.8004061797345325,0.30541257567855606,1.8891242641571013,0.1552329424569115,0.500755696767416,Personal Services,Consumer Cyclical,SCI
2018Q3,2018,Q3,2018-10-30,2018-09-30,68935000.0,778786000.0,132303000.0,0.37,166170000.0,0.2133705537,13070234000.0,1488862000.0,300487000.0,554889000.0,11581248000.0,26061000.0,313720000.0,7993923600.000001,11446742600.0,8.232215329153258,0.5415263232826746,0.2762857956483411,2.4254229068913036,0.020802995133630355,8.232215329153258,0.04630046303821308,10.264595922371488,28.99080147965475,5.3691501294277115,0.4462319576412563,23.50700280112045,0.0038480477846948645,0.059584702156059335,0.436698150440899,0.005274197845271936,108.26446903314059,0.21337055365658858,-0.3272727272727273,2.0168194385639096,0.4963289592295168,0.22293008789402535,-0.11671370935591383,-0.3322775307780974,-0.18308285068599725,0.601080743144726,0.20113569208625115,0.3929867178098301,Personal Services,Consumer Cyclical,SCI
2018Q2,2018,Q2,2018-07-31,2018-06-30,103239000.0,796092000.0,161954000.0,0.55,188127000.0,0.2363131397,12860037000.0,1476252000.0,308943000.0,553883000.0,11383640000.0,26095000.0,314669000.0,6536578230.0,9961410230.0,8.082984280293697,0.5577766423594874,0.27910432917105915,2.4313545383850452,0.02767521321669682,8.082984280293697,0.0699331821396347,8.21083270526522,15.828752288379391,4.427820067305582,0.29923769118259574,23.298141406399694,0.004726173069912146,0.06190433200153312,0.4639138590640984,0.008027892921303414,199.62674780112388,0.2363131396873728,0.2790697674418606,2.5619754575830003,0.4760896098825061,0.21974986801613122,-0.039001440524718795,0.25919646777577204,-0.010617501160716468,1.1760189233059382,0.1699071633399668,0.235518493407247,Personal Services,Consumer Cyclical,SCI
2018Q1,2018,Q1,2018-04-26,2018-03-31,81988000.0,794482000.0,163692000.0,0.43,195762000.0,0.2464020582,12429008000.0,1511745000.0,351005000.0,591805000.0,10917159000.0,26955000.0,333864000.0,6986806200.0,10173243200.0,8.165856425214715,0.5931092167183447,0.27403184550207066,2.2529884338959283,0.024744990219204684,8.165856425214715,0.05423401433442809,8.794165506581647,21.304356125286628,4.621683021938224,0.38234863638581257,22.21183453904656,0.004486742454656893,0.06392159374263819,0.5011566309848683,0.006596503920505965,42.28866399946737,0.24640205819640973,-0.6666666666666667,0.6246661459297447,0.3905581551298953,0.24563312296992645,-0.07605827909589054,-0.6684888967960019,-0.0748571525458214,0.46847900066480513,0.16741022184901017,0.24684576509790937,Personal Services,Consumer Cyclical,SCI
2017Q4,2017,Q4,2018-02-14,2017-12-31,247316000.0,812733000.0,176937000.0,1.29,211877000.0,0.2606969324,12864503000.0,1409390000.0,481296000.0,828979000.0,11455066000.0,25378000.0,210364000.0,6987834120.0,10157691120.0,7.52714416180217,0.5805888930841433,0.27205839199540005,2.4832700671921897,0.06672180339458111,7.52714416180217,0.1754773341658448,8.597945598369945,7.06366967765935,4.958055697855101,0.11337317440036229,23.676255024036568,0.004012545163278719,0.06317640098494283,0.5174063516687395,0.01922468361195143,175.23469970158237,0.26069693244891,3.4482758620689657,9.611302649014359,0.46166325926870017,0.18791976160614565,0.4153251125569465,3.4034612919307743,0.6224416813380281,2.113927617210432,0.14673119114041566,0.13824513977036143,Personal Services,Consumer Cyclical,SCI
2017Q3,2017,Q3,2017-10-26,2017-09-30,56164000.0,731346000.0,109056000.0,0.29,149702000.0,0.2046938111,12625198000.0,1238678000.0,404883000.0,579729000.0,11386247000.0,27161000.0,33140000.0,6466507500.0,9567681500.0,6.608573638861472,0.6984004595250539,0.26685759700560735,2.7199401297189425,0.019957428833909666,6.608573638861472,0.04534188869100767,8.841926393252988,28.78404093369418,5.2204911203718805,0.50178049996439,21.414675453775633,0.004358148505974825,0.057927487553066495,0.595764572757271,0.004448563895789991,59.291487488882574,0.20469381113727292,-0.19444444444444448,0.5683101343071804,0.44286185501051517,0.03325866334022353,-0.18394069067022814,-0.17986010718301426,-0.24059940950364883,2.5789022289836945,0.14516925015566384,0.026463175481912658,Personal Services,Consumer Cyclical,SCI
2017Q2,2017,Q2,2017-07-27,2017-06-30,68481000.0,773242000.0,143608000.0,0.36,183445000.0,0.2372413811,12388284000.0,1204697000.0,354869000.0,524349000.0,11183300000.0,27333000.0,28858000.0,6275119650.000001,9411899650.0,6.421728492459901,0.6767801597790785,0.2713587289409897,2.790468474645492,0.02123969816358029,6.421728492459901,0.0568449991989687,8.11533730707851,22.908250646164632,5.208877958524011,0.4102743826754866,21.578202173197234,0.004477364826023675,0.06241719999315482,0.5666836400946698,0.005527884249343977,-672.2862277694452,0.23724138109414647,-0.6043956043956045,1.125690101864563,0.489681084219474,0.022538396173336847,0.03544718200547512,-0.6080125012879074,0.028740078512278288,1.9909542027230882,0.17233223428980077,-0.03745360596425475,Personal Services,Consumer Cyclical,SCI
2017Q1,2017,Q1,2017-04-27,2017-03-31,174702000.0,777710000.0,139596000.0,0.91,177165000.0,0.2278034229,12259166000.0,1181169000.0,390757000.0,612990000.0,11075416000.0,27375000.0,5369000.0,5813468800.0,8863473800.0,6.274136832040795,0.6374606437299141,0.2682286054369441,2.783902218903476,0.05539682525751783,6.274136832040795,0.14790601514262566,7.475111288269407,8.319121704388042,4.921792563130254,0.13985529644766517,21.937716894977168,0.0042028263745046675,0.06343906265728028,0.5305143640189889,0.014250724723035808,39.2184520315989,0.22780342286970723,1.6764705882352942,3.253590019849718,0.5093203656467664,0.012031259996236814,-0.15946312673169621,1.6371705461461825,-0.22155615161130227,3.8053611937266623,0.17683802345090355,-0.0703497392781542,Personal Services,Consumer Cyclical,SCI
2016Q4,2016,Q4,2017-02-15,2016-12-31,66246000.0,809054000.0,179327000.0,0.34,210776000.0,0.2605215474,12038149000.0,1092713000.0,354396000.0,537870000.0,10942902000.0,26431000.0,-103387000.0,5406422800.0,8518953800.0,5.7400337243324735,0.6588878353505494,0.27475295412940975,3.0268853761234653,0.019432821342815515,5.7400337243324735,0.06062525109520981,6.682400433098409,20.402827340518673,4.947706122284625,0.3736527488452133,22.635465930157768,0.004578443254567512,0.06720750839684739,0.5522709948500567,0.005503005486973122,126.21802306578886,0.2605215473874426,0.4166666666666668,0.7195050885142131,0.594963160202541,-0.09232774237604924,0.49757362606131655,0.3880193601106292,0.5677355620443061,1.856872228715133,0.34813699634305045,-0.13922020306265132,Personal Services,Consumer Cyclical,SCI
2016Q3,2016,Q3,2016-10-27,2016-09-30,47727000.0,721467000.0,114386000.0,0.24,140745000.0,0.1950816877,12051476000.0,1087292000.0,344850000.0,537841000.0,10961778000.0,28526000.0,-142742000.0,5129491960.0,8223145960.0,5.625650630710805,0.6411746222396582,0.27143770605359874,3.0085984261817433,0.016643914765998937,5.625650630710805,0.043895292157028656,7.109808154773538,26.868920946214928,4.717676539512844,0.5271439646321788,20.357638645446258,0.004904774234210906,0.05986544718671804,0.46828709600049084,0.003960261796978229,60.36400819054792,0.19508168772792103,1.9999999999999996,0.6203635815581454,0.5173660400526606,-0.06416612771094247,-0.12781726580364502,2.05550576184379,0.21081824917963374,0.9545102997571733,0.29714852342560744,-0.16428602202465978,Personal Services,Consumer Cyclical,SCI
2016Q2,2016,Q2,2016-07-28,2016-06-30,15620000.0,751710000.0,94470000.0,0.08,161371000.0,0.2146718814,11875492000.0,1162900000.0,332602000.0,501710000.0,10707672000.0,28568000.0,-106119000.0,5240514240.0,8272009240.0,6.000330227134351,0.6629367562934763,0.2697389716569217,2.7545644509416114,0.010535642368267241,6.000330227134351,0.013431937397884598,6.971457397134533,83.87506786171575,4.506418643047553,1.6121638924455826,20.664344721366565,0.004805253615721499,0.0632992721480508,0.4994498814055929,0.0013153139255198858,-7329.390545454546,0.21467188144364183,-0.6666666666666666,-0.2633273631811377,0.6038441933676354,-0.03758505070695628,-0.000774012978649626,-0.670776688797555,-0.23593306427479557,-0.49213333272364357,0.31347356911913116,-0.09452972456672977,Personal Services,Consumer Cyclical,SCI
2016Q1,2016,Q1,2016-04-28,2016-03-31,47445000.0,749271000.0,123641000.0,0.24,161496000.0,0.2155375025,11756131000.0,1185366000.0,352881000.0,517811000.0,10566038000.0,28612000.0,-101545000.0,4810724320.0,7730974320.0,6.081170097063471,0.6814861020719916,0.2665634637790273,2.643702451394759,0.017030080669536107,6.081170097063471,0.040025612342516996,6.420539858075383,25.348953103593637,4.058429480852327,0.4916008009273896,20.542954005312456,0.004848334356436371,0.06373448883820707,0.5730778218307452,0.004035766528971138,33.62872985026633,0.2155375024523837,-0.3333333333333333,0.5055494239908346,0.5898989540802577,-0.0234096494594925,-0.12856541587075468,-0.34426569367277554,-0.21264821630984374,-0.10707336903423899,0.24553376240414065,-0.07236834633455776,Personal Services,Consumer Cyclical,SCI
2015Q4,2015,Q4,2016-02-18,2015-12-31,72354000.0,769384000.0,157034000.0,0.36,185322000.0,0.2408706186,11718888000.0,1184692000.0,308409000.0,519396000.0,10529487000.0,27835000.0,-109351000.0,5106372960.0,8160500960.0,6.036708654355714,0.5937839336460042,0.27210149973273917,2.6916084518170122,0.022879912048383796,6.036708654355714,0.06107410196067839,6.636962765017208,17.643713409072063,4.310295806842622,0.3248196367858031,20.983007005568528,0.004602484030073667,0.06565332819974046,0.46346718111036667,0.006174135293382785,174.1957071706352,0.2408706185727803,0.5652173913043477,1.4249270012749564,0.645543637263976,-0.02164464000809881,0.30559939130924874,0.5249114820435002,0.2608109193095143,1.961929693712192,0.32019565613913814,-0.0472979723227375,Personal Services,Consumer Cyclical,SCI
2015Q3,2015,Q3,2015-11-02,2015-09-30,47448000.0,714525000.0,124550000.0,0.23,141944000.0,0.1986550506,11653121000.0,1177874000.0,320742000.0,546638000.0,10465617000.0,29557000.0,-151491000.0,5401301000.0,8400810000.0,5.909758667402539,0.5867539395358538,0.2695809131304824,2.6670586157772393,0.018664293367649323,5.909758667402539,0.040282746711447916,7.559289038172213,28.459055176192887,4.585635645238795,0.4988619119878604,19.372094596880604,0.0043822775290619795,0.06131619160223257,0.40927816946498413,0.004071698903667095,72.88910030633038,0.19865505055806304,-0.07999999999999996,2.123582614215687,0.6555391338552637,-0.0104692949581432,-0.14865950938643316,-0.097861013404316,-0.023749804044521084,0.2459867689112162,0.32568667699337533,-0.07600192189193107,Personal Services,Consumer Cyclical,SCI
2015Q2,2015,Q2,2015-07-30,2015-06-30,52595000.0,754354000.0,127580000.0,0.25,166730000.0,0.2210235513,11924835000.0,1324569000.0,361170000.0,725265000.0,10591100000.0,29846000.0,-79971000.0,5958574380.0,8819355380.0,6.542179921567078,0.4979834956877831,0.25659700951837067,2.310092565959191,0.018419394180889174,6.542179921567078,0.039707255718652634,7.898910034280988,28.322912729346896,4.498500553765036,0.3790664511835726,19.68853447698184,0.003345934569000043,0.06325907234775156,0.4016297491261815,0.004410543206677493,103.97275087682563,0.22102355127698667,-0.16666666666666663,0.6234573869020593,0.6893064612223185,0.1101846603641205,-0.06304615367324345,-0.14305498981670062,-0.09591467951670624,0.5126836134733201,0.3465635406544357,0.04171800043107755,Personal Services,Consumer Cyclical,SCI
2015Q1,2015,Q1,2015-04-30,2015-03-31,61375000.0,748117000.0,141115000.0,0.3,177949000.0,0.2378625269,11958377000.0,1332830000.0,409938000.0,588022000.0,10616821000.0,30181000.0,-72771000.0,5301435500.0,8137942500.0,6.549211340966046,0.6971473856420338,0.2553553881099417,2.291091887187413,0.020152902857646093,6.549211340966046,0.04604863335909306,7.08637218509939,21.594441955193485,3.977578160755685,0.3333767820773931,18.89162055597893,0.003859520690197966,0.06256007817783299,0.5535898316729646,0.005132385439930519,33.03610242157608,0.2378625268507466,-0.2857142857142857,1.4819655725251646,0.7616450965214187,0.09613693041921416,-0.13369293757393713,-0.3009203362416566,-0.13225147888969513,0.3823612672045988,0.34309141332110143,0.05640134775696516,Personal Services,Consumer Cyclical,SCI
2014Q4,2014,Q4,2015-02-13,2014-12-31,87794000.0,783443000.0,162622000.0,0.42,205411000.0,0.2621901019,11923644000.0,1368726000.0,396856000.0,552008000.0,10546266000.0,29697000.0,-81859000.0,4698377900.0,7603565900.0,6.61293766940288,0.7189316096868161,0.25852189146203963,2.252111087244635,0.017817201036149324,6.61293766940288,0.06414285985653813,5.997089641492744,13.37898347267467,3.4326650476428444,0.21061803767911247,19.46432299558878,0.0039356136082625455,0.06570499756618027,0.5597129027115549,0.007363017547320266,397.5948125581789,0.2621901018963728,4.249999999999999,2.1458674005152534,0.8108712534708149,0.1345822586122871,0.385123197885339,3.9738824995750948,0.2035375962107756,1.0959369768347256,0.4205290827631404,0.04570466867969757,Personal Services,Consumer Cyclical,SCI
2014Q3,2014,Q3,2014-10-30,2014-09-30,17651000.0,718314000.0,135120000.0,0.08,148298000.0,0.2064528883,12330231000.0,1357301000.0,467699000.0,585778000.0,10964295000.0,32471000.0,-148085000.0,4456734800.0,7258241800.0,6.438198463143914,0.7984236348923995,0.24880036716262655,2.2601957856068773,0.005592420929016743,6.438198463143914,0.013004484635316706,6.204438170493684,63.122978868052805,3.2835272353000553,1.076539572828735,17.554617966801146,0.004263659574269486,0.05825632950428909,0.6128226051507568,0.0014315222480422306,93.62691540093695,0.206452888291193,-0.3333333333333333,-0.3235627150760079,0.7252494914442578,0.1419939086210918,-0.04854231894472104,-0.31907260242265256,0.23074680973157113,-0.45061186232848854,0.38500023032931135,0.07100219936127723,Personal Services,Consumer Cyclical,SCI
2014Q2,2014,Q2,2014-08-01,2014-06-30,25922000.0,746746000.0,109787000.0,0.12,155864000.0,0.2087242516,12857178000.0,1416982000.0,355701000.0,564932000.0,11431583000.0,33453000.0,-118184000.0,4400720800.0,7412008800.0,6.6716041244879705,0.6296350711236043,0.24513956328519368,2.224307013074266,0.011079237832516943,6.6716041244879705,0.018293810365975008,5.893196347888037,42.441948923694156,3.1056998606898323,0.653653267494792,17.663049651750217,0.0038502783453110683,0.058080085692210216,0.42973667627254253,0.0020161500447454335,408.49538661468483,0.208724251619694,-0.368421052631579,0.32580969117270947,0.7169305900741781,0.2312159282335353,-0.06321597288168192,-0.3693250936694078,0.020704722945332838,0.1155657408692284,0.4538443285867735,0.0700830291200212,Personal Services,Consumer Cyclical,SCI
2014Q1,2014,Q1,2014-04-25,2014-03-31,41102000.0,747123000.0,107560000.0,0.19,166382000.0,0.2226969321,12905611000.0,1436427000.0,376004000.0,591224000.0,11466415000.0,34508000.0,-105893000.0,4231219440.0,7322230440.0,6.748921715107264,0.6359755354992355,0.2510249224155292,2.2553391157364766,0.014853624382951729,6.748921715107264,0.028614054177483438,5.66335053264322,25.736092160965402,2.9456557416422835,0.41555155466887256,16.82917004752521,0.00403666135547912,0.057891331142709945,0.4303478884483715,0.0031848162787488326,41.2138454195685,0.22269693209819535,0.5833333333333334,0.3989105177084346,0.7196462123358299,0.28392062253514566,0.12367882541247661,0.5910656911702087,0.2223421785328712,0.19449315829939826,0.4519071756603569,0.08382625684319096,Personal Services,Consumer Cyclical,SCI
2013Q4,2013,Q4,2014-02-14,2013-12-31,25833000.0,668574000.0,87995000.0,0.12,148069000.0,0.2214698747,12906070000.0,1414230000.0,393747000.0,642584000.0,11481692000.0,34565000.0,-145876000.0,3844992270.0,7007181270.0,6.668411299562899,0.612755686416095,0.25624082311656454,2.3384187861946075,0.010711112944551083,6.668411299562899,0.018266477164251924,5.751034694738354,37.210082743003134,2.7187885068199655,0.5751558084620447,15.058729929119052,0.0038642470404758452,0.05180306630910882,0.3946768049002154,0.002001616293728455,155.18393146870082,0.22146987468851614,0.0,2.1977768686619954,0.5253728248137095,0.2898418486573523,0.2755881770173761,-0.03532618843123343,0.056413273146369576,-0.19884132374675964,0.3231933482900064,0.08073394147497147,Personal Services,Consumer Cyclical,SCI
2013Q3,2013,Q3,2013-10-24,2013-09-30,26779000.0,609951000.0,83296000.0,0.12,116079000.0,0.1903087297,10389362000.0,1426779000.0,357970000.0,431761000.0,8948588000.0,24612000.0,-169797000.0,3946583480.0,6057741480.0,6.731550242033649,0.8290929472555418,0.2207787157671472,1.6076421085536021,0.013366957377640692,6.731550242033649,0.018768849275185576,6.47032873132432,36.844014713021394,2.7660790353656735,0.5533440382389185,20.066309117503657,0.0037546399499954323,0.05870918733989633,0.6058490692767526,0.0025775403725464565,55.84998698064078,0.19030872971763305,-0.25000000000000006,1.2162362402920848,0.4308991442163095,0.19096939972822005,-0.07742745646593176,-0.20336159452625316,-0.06528716026662477,0.6577418950943464,0.3289371505200559,0.12713158555286977,Personal Services,Consumer Cyclical,SCI
2013Q2,2013,Q2,2013-07-25,2013-06-30,33615000.0,625505000.0,89114000.0,0.16,125821000.0,0.2011510699,9855049000.0,1403686000.0,404047000.0,394728000.0,8437188000.0,24280000.0,-196576000.0,3810659789.9999995,5546368790.0,6.626755609689313,1.023608662167366,0.19855761244819786,1.3940404050478525,0.016264808923113928,6.626755609689313,0.023947663508790427,6.09213322035795,28.340471441320837,2.7147522950289447,0.44191581139372305,20.58006589785832,0.0038982750543574505,0.0634705114099382,0.78981982529742,0.0034109419445808946,80.00713409897331,0.20115106993549212,-0.40740740740740744,0.3092805629862272,0.3938584923775825,0.17862153598354685,-0.21164786967418547,-0.4166088163832003,-0.3025163385903808,-0.008226183153769343,0.3388968507256091,0.12453685377957689,Personal Services,Consumer Cyclical,SCI
2013Q1,2013,Q1,2013-04-25,2013-03-31,57620000.0,652352000.0,127765000.0,0.27,159600000.0,0.2446531934,9882053000.0,1385720000.0,374748000.0,425532000.0,8482972000.0,25556000.0,-230098000.0,3521590800.0,5283741800.0,6.555587094332481,0.8806576238684752,0.19739794959610113,1.4077136795312184,0.023919336067245247,6.555587094332481,0.041581271829806886,5.398298464632591,15.279376952447066,2.5413437057991515,0.2203748698368622,19.281264673657848,0.0036057568074064706,0.06601381312162564,0.6615272176945565,0.005830772208973176,27.39365096651239,0.24465319336799765,1.2500000000000002,0.7122942123006558,0.40358171997719033,0.16600450253689203,0.07692307692307693,1.183982109691847,0.8630610399836682,1.2433620179488942,0.47894748979928997,0.0972040358095196,Personal Services,Consumer Cyclical,SCI
2012Q4,2012,Q4,2013-02-13,2012-12-31,26383000.0,629421000.0,68578000.0,0.12,148200000.0,0.2354544891,9683568000.0,1343027000.0,286199000.0,412104000.0,8320741000.0,24560000.0,-286795000.0,2927084740.0,4804666740.0,6.336407899827321,0.6944824607380661,0.20346735831255586,1.4670516676135328,0.011681272073394441,6.336407899827321,0.019644430082194922,4.650440229989149,27.73646609559186,2.1794682757680968,0.9647121252321571,19.593688925081434,0.008695341017014765,0.064998872316485,0.49267660590530543,0.002724512287206534,53.90182564820271,0.2354544891257203,-0.368421052631579,-0.8053721294318987,0.3518236044679357,0.10755692700370195,0.22205638611044684,-0.3574838049778384,-0.27946120870807767,-0.07683309933146136,0.4206983286516223,0.08713802335354123,Personal Services,Consumer Cyclical,SCI
2012Q3,2012,Q3,2012-10-25,2012-09-30,41062000.0,581182000.0,95176000.0,0.19,121271000.0,0.2086626909,9633894000.0,1374559000.0,333489000.0,404694000.0,8238039000.0,25132000.0,-293260000.0,2886295020.0,4648871020.0,6.395856016825335,0.82405224688283,0.19868632559170776,1.3925360788441965,0.018922562213615015,6.395856016825335,0.029872853766189738,4.966249849444752,17.57278639618138,2.0997971131104594,0.3137937752666699,18.299816966417318,0.004464200613837459,0.06032680035715569,0.6038092978892694,0.004262243283972193,31.037766498553655,0.20866269086103836,0.11764705882352934,0.9296902672701943,0.42655562478663483,0.15440310802985005,-0.053967189072385305,0.10750890063653037,-0.045270792163628885,0.5436378646189238,0.3692944058281052,0.1344832958233123,Personal Services,Consumer Cyclical,SCI
2012Q2,2012,Q2,2012-07-27,2012-06-30,37076000.0,597372000.0,99689000.0,0.17,128189000.0,0.2145882298,9425344000.0,1355879000.0,282659000.0,370595000.0,8048914000.0,25497000.0,-316456000.0,2670658260.0,4465079260.0,6.280183234675634,0.7627167123139815,0.20155911550814484,1.4011309268747432,0.018128797692326625,6.280183234675634,0.027344622934642397,4.470678672585926,18.007998840220086,1.9696877523731837,0.29277699859747547,18.40149821547633,0.004064541001962565,0.0633793313007992,0.5299127079426328,0.003933649530457456,78.7456364440513,0.2145882297797687,-0.2272727272727272,2.300738728773881,0.42177545880459233,0.13545548451590964,0.004875869151112749,-0.22798542425819884,-0.014132004193120908,0.8654817390106424,0.35117045930457724,0.1589808817307905,Personal Services,Consumer Cyclical,SCI
2012Q1,2012,Q1,2012-04-26,2012-03-31,48025000.0,602506000.0,101118000.0,0.22,127567000.0,0.2117273521,9475425000.0,1364719000.0,298118000.0,389782000.0,8090330000.0,25438000.0,-342579000.0,2478686320.0,4252254320.0,6.199548452746534,0.76483265004541,0.19918884904898726,1.3829945944916133,0.02102970162324783,6.199548452746534,0.035190394506121776,4.113961221962935,12.903104216553878,1.816261310936537,0.23121290994273816,18.67045365201667,0.00447979234419626,0.06358617159652469,0.5392937590755859,0.005068374241788627,34.23316189266083,0.21172735209275925,0.09999999999999995,0.6987184169349233,0.32039079777954144,0.09889126088493544,-0.01884368967135067,0.07800224466891134,-0.06220264317180617,0.5803757023883767,0.3408320033453771,0.1794073846003443,Personal Services,Consumer Cyclical,SCI
2011Q4,2011,Q4,2012-02-13,2011-12-31,44550000.0,586568000.0,107825000.0,0.2,130017000.0,0.2216571651,9327812000.0,1392094000.0,328093000.0,385608000.0,7915617000.0,25513000.0,-367044000.0,2344405800.0,4100506800.0,6.323905656606036,0.8508459368062903,0.20204845466439503,1.35383817472096,0.020144279234540596,6.323905656606036,0.03200214928014918,3.996818442192551,13.156037037037038,1.6840858447777234,0.2558922558922559,17.894837925763337,0.004862639394596277,0.06288377167121292,0.6028427833447438,0.004776039654315503,36.42644188937228,0.22165716506867064,0.3333333333333335,18.410140942144427,0.6482896188912104,0.1622400980254913,0.21454460532461467,0.2550709939148073,0.37908321182820454,4.312947307182442,0.2893160103375234,0.2232056177137846,Personal Services,Consumer Cyclical,SCI
2011Q3,2011,Q3,2011-10-27,2011-09-30,35496000.0,572999000.0,78186000.0,0.15,107050000.0,0.1868240608,9171306000.0,1400152000.0,308430000.0,377877000.0,7751057000.0,26494000.0,-398997000.0,2133519720.0,3894066720.0,6.011377443466986,0.8162179756905025,0.20581409016338567,1.3481279175403813,0.018906849019679917,6.011377443466986,0.02535153326210297,3.7234266028387486,15.026479885057473,1.5237772184734228,0.33381226053639845,17.586963085981733,0.005553733527243892,0.06247736145757213,0.5740915694789575,0.0038703320988308534,24.545221232829434,0.18682406077497518,0.3636363636363636,12.209093337402406,0.7922972975756787,0.09131503650069435,-0.06931657146831503,0.3603648488100257,-0.33128063017986814,1.6732621046571918,0.2232306925932882,0.06355391075900871,Personal Services,Consumer Cyclical,SCI
2011Q2,2011,Q2,2011-07-28,2011-06-30,26093000.0,576774000.0,116919000.0,0.11,115023000.0,0.1994247314,9513071000.0,1486954000.0,328673000.0,354055000.0,8005522000.0,27017000.0,-412602000.0,2785656640.0,4488256640.0,6.23466024872326,0.9283105732160257,0.1929549353726047,1.2344658947082425,0.020989547317122468,6.23466024872326,0.01754795373629581,4.829719508854422,26.689693021116774,1.8733979934819773,0.45763231518031655,17.09112780841692,0.004286601524587036,0.060629632639134096,0.6626371608930816,0.0027428576954802502,78.23339905074845,0.199424731350581,-0.3125,0.2613189405187255,0.6450139925120006,0.13702106022883492,-0.0903389589231767,-0.3268754514497988,0.20295700307635323,-0.09737389062677175,0.14150507661596584,0.10888423709808215,Personal Services,Consumer Cyclical,SCI
2011Q1,2011,Q1,2011-04-28,2011-03-31,38764000.0,579699000.0,97193000.0,0.16,126446000.0,0.2181235434,9320246000.0,1493046000.0,400035000.0,365419000.0,7825537000.0,34245000.0,-438695000.0,2651878320.0,4294354320.0,6.226940593563886,1.094729611760746,0.1987912121632841,1.2409416722592606,0.018125100488553505,6.226940593563886,0.02596303127967926,4.574578048262977,17.10271334227634,1.7761531258916337,0.2477814467031266,13.235596437436122,0.0036219610558903773,0.06219782181714946,0.8305972048525118,0.00415911768852453,32.00896002317497,0.21812354342512236,0.06666666666666674,0.9666383789297417,0.6105803912328747,0.13942770680564678,0.011802738235270583,0.06333836236455904,-0.47763953457125197,0.01554494183188238,0.09957203005783963,0.10755004313836339,Personal Services,Consumer Cyclical,SCI
2010Q4,2010,Q4,2011-02-14,2010-12-31,36455000.0,571251000.0,186065000.0,0.15,124971000.0,0.2187672319,9190540000.0,1479456000.0,381918000.0,366627000.0,7710592000.0,34770000.0,-477459000.0,1978119000.0,3754619000.0,6.170261748661228,1.0417072392376994,0.20182513758712764,1.2537594899746933,0.028508430783271376,6.170261748661228,0.02464081392079251,3.4627843102244023,13.565484844328624,1.3370583511777303,0.2681936634206556,12.835202761000863,0.0049425742334005185,0.06215641300728793,0.7978954086851214,0.0039665786776402695,34.216408358126344,0.2187672319173183,0.8749999999999999,0.853247804990913,0.6303366390470573,0.14320012560701753,0.21748321918809121,0.9427124966693312,1.7164359962625555,-0.7622715781726463,0.08454835840893984,0.07851581672037793,Personal Services,Consumer Cyclical,SCI
2010Q3,2010,Q3,2010-10-28,2010-09-30,18765000.0,533165000.0,68496000.0,0.08,102647000.0,0.1925238904,8950497000.0,1470460000.0,344495000.0,343583000.0,7479753000.0,33713000.0,-513914000.0,2122364679.9999998,3807412680.0,5.972284273030778,1.0026543804553776,0.20343685942802953,1.2382934591896413,0.013582729066641057,5.972284273030778,0.012761312786474981,3.980690180338169,28.27557527311484,1.4433338411109449,0.5260857980282441,12.770088689822916,0.004651415514509976,0.05956820051445188,0.6530212495961675,0.0020965316227691045,39.12048735530487,0.19252389035289263,-0.5,3.4716715633407076,0.584893001236789,0.11009138720528788,-0.06085198265293052,-0.534193868685615,-0.2859495861393157,-0.23025293770911406,0.14232623505892816,0.07795164692382468,Personal Services,Consumer Cyclical,SCI
2010Q2,2010,Q2,2010-07-30,2010-06-30,40285000.0,555273000.0,95926000.0,0.16,109298000.0,0.196836511,8806027000.0,1483608000.0,345737000.0,334012000.0,7322053000.0,33155000.0,-532679000.0,1863046200.0,3573303200.0,5.892875442380334,1.0351035292145192,0.21150275828134527,1.2553848455926364,0.017103823299689878,5.892875442380334,0.027153399011059526,3.355189609435359,11.561661908899094,1.2557536761732209,0.252972570435646,13.451213994872568,0.005470073688993864,0.06305601833834941,0.7062261236123253,0.004574707754132482,34.61881596551211,0.1968365110495198,0.3333333333333334,2.5302142918202857,0.5148085350478842,0.13242535548824355,-0.026792630913478235,0.3032155797101449,0.12029056594959475,2.075518598551442,0.13331182930433388,0.06543033707605786,Personal Services,Consumer Cyclical,SCI
2010Q1,2010,Q1,2010-04-30,2010-03-31,30912000.0,530863000.0,85626000.0,0.12,112307000.0,0.2115555237,9066537000.0,1519992000.0,378316000.0,364124000.0,7546115000.0,33737000.0,-572964000.0,2335392000.0,4042005000.0,5.974811320754717,1.038975733541321,0.2081375722616033,1.2415111395323133,0.015304006093451485,5.974811320754717,0.02033694914183759,4.39923671455724,18.887422360248447,1.536450191843115,0.32870729813664595,12.40643803539141,0.004350875570353928,0.05855190355479716,0.7476656303896475,0.0034094605250053023,25.776953642384107,0.2115555237415303,-0.07692307692307698,1.2439901899989763,0.44432412885528444,0.125240362653821,-0.048858362410650766,-0.09882805667308028,-0.061859058637917436,-0.05387787427331777,0.006675831714177113,0.05905583218806925,Personal Services,Consumer Cyclical,SCI
2009Q4,2009,Q4,2010-02-26,2009-12-31,34302000.0,531759000.0,91272000.0,0.13,118076000.0,0.2220479578,8890981000.0,1482776000.0,377461000.0,365515000.0,7408193000.0,31117000.0,-603876000.0,2083535999.9999998,3961536000.0,5.828522012578617,1.032682653242685,0.21468137205556956,1.287266586456754,0.016965229128659692,5.828522012578617,0.023133635829012608,3.9181960248909746,15.1852370124191,1.4051589720901874,0.2954638213515247,13.294437124401453,0.004864326798289063,0.05980881074878014,0.7752841880634174,0.0038580669557161354,45.90196294419598,0.22204795781547657,0.08333333333333341,1.5055954105199585,0.49679916747785974,-0.014238765649063952,0.1671856311101885,0.10076375072203325,0.17043895307831394,12.59952201627061,0.29299271605521315,0.07119592908011625,Personal Services,Consumer Cyclical,SCI
2009Q3,2009,Q3,2009-11-05,2009-09-30,31162000.0,497217000.0,77981000.0,0.12,101163000.0,0.2034584497,8563197000.0,1419371000.0,437303000.0,328243000.0,7144206000.0,30717000.0,-637960000.0,1764872650.0,3274955650.0,5.6376819653248065,1.3322538485207605,0.2036118052638518,1.2284089219802292,0.015080434806605736,5.6376819653248065,0.021954795469260678,3.5495018271700283,14.158852528720876,1.243418845389965,0.3221872793787305,12.893641957222385,0.005688795732655271,0.058064412158216144,0.9301462635913028,0.0036390614393199175,23.772210099540686,0.2034584497312039,0.3333333333333333,2.3127498928809427,0.6480394682802981,0.011079736928194294,-0.006501350356002946,0.3487707756232687,0.1290140437237585,9.728147827895238,0.438825040825187,0.02347376414603872,Personal Services,Consumer Cyclical,SCI
2009Q2,2009,Q2,2009-08-07,2009-06-30,23104000.0,513949000.0,69070000.0,0.09,101825000.0,0.1981227709,8234931000.0,1359972000.0,387372000.0,319545000.0,6874738000.0,31111000.0,-669122000.0,1375353960.0,2960027960.0,5.418711674774979,1.2122611838708164,0.21312419011161113,1.2905140694073114,0.013103148464427648,5.418711674774979,0.01698858505910416,2.676051437010287,14.882206111495845,1.0113104975690677,0.43451350415512463,13.246890167464883,0.007299211906148145,0.06241084472960368,0.7677729271307641,0.0028056094216211405,27.08029377018193,0.19812277093641587,-0.3571428571428572,-0.3884335949535445,0.4597512353648748,-0.11061256298270661,0.017029564522572913,-0.33090066608746016,-0.19276798653639382,0.06130178993303599,0.3929475526183799,-0.011784275688686119,Personal Services,Consumer Cyclical,SCI
2009Q1,2009,Q1,2009-05-08,2009-03-31,34530000.0,510595000.0,85564000.0,0.14,100120000.0,0.1960849597,8143261000.0,1314828000.0,430638000.0,366587000.0,6828685000.0,31221000.0,-692226000.0,872967660.0,2501563660.0,5.256494518937849,1.1747225078903507,0.22651453760354728,1.4028960441974159,0.017033953298902678,5.256494518937849,0.026261990161450775,1.7097066363752094,6.32035664639444,0.6639405762578833,0.2890529973935708,13.1474007879312,0.011433413237782485,0.06270153934646083,0.8035827784400429,0.0042403160109936305,7.406818768029866,0.19608495970387488,2.6745406824146984,-0.453768280854374,0.04906288815805047,-0.012486139612642399,0.09128562864461279,2.6240554156171285,1.127452199209329,0.6792611526924056,0.359822276369604,-0.038147962782815965,Personal Services,Consumer Cyclical,SCI
2008Q4,2008,Q4,2009-03-02,2008-12-31,9528000.0,516950000.0,40219000.0,0.0381,91745000.0,0.1774736435,8110883000.0,1293179000.0,355510000.0,326782000.0,6817704000.0,31603000.0,-726756000.0,1243165980.0,3079953980.0,5.169944909528493,1.0879118188884334,0.23062248586251335,1.4464757005797342,0.004217294307230141,5.169944909528493,0.00736788951877505,2.4048089370345296,32.61875472292191,0.961325524154042,1.0846977329974812,13.454577097111034,0.00831345143469901,0.06373535409153357,0.717358973260461,0.0011747179684382084,17.48770509790682,0.17747364348583036,-0.36499999999999994,-0.6606164283829783,0.036458738439789126,0.025952492861954803,0.11790079079798706,-0.34913586993647105,-0.4946472997763426,-0.5356944467369963,0.41424480701890815,-0.04213436792422993,Personal Services,Consumer Cyclical,SCI
2008Q3,2008,Q3,2008-11-10,2008-09-30,14639000.0,516439000.0,79586000.0,0.06,82069000.0,0.1589132502,8756668000.0,1451407000.0,480280000.0,389730000.0,4283512000.0,32635000.0,-736284000.0,2146747679.9999998,3866953680.0,5.652160537096749,1.2323403381828446,0.21607636603329028,1.3036377804433905,0.02205540735567407,5.652160537096749,0.010086075098163368,4.156827195467422,36.66144682013798,1.4790804233409374,0.7027119338752646,13.309943312394669,0.004791899903206137,0.058976656417715045,0.9177507505195904,0.001671754598895379,28.056559890217603,0.15891325016120006,-0.5,4.072334614031831,0.05824625310600359,0.18703642814405397,-0.23557190760059613,-0.5337452622862057,-0.0472735978930987,2.8488071925595904,0.4719578227830706,0.050588760428949546,Personal Services,Consumer Cyclical,SCI
2008Q2,2008,Q2,2008-08-08,2008-06-30,31397000.0,548782000.0,83535000.0,0.12,107360000.0,0.1956332387,8807984000.0,1456409000.0,331111000.0,346459000.0,4145756000.0,33008000.0,-750923000.0,2554075240.0,4329175240.0,5.622462688295745,0.9557003859042484,0.21342000621254534,1.2907088599425025,0.01525016724452041,5.622462688295745,0.02155781789318797,4.65407983498001,20.336936968500176,1.7536799346886758,0.3278657196547441,13.37318225884634,0.00403042159400128,0.06230506322445636,0.5646728761556201,0.0035646068385228676,81.40997800656615,0.19563323869952004,-0.25000000000000006,1.5233843809930652,0.08179973354699314,0.18864122762078203,-0.21975043060531843,-0.2437919988439028,-0.15935392975747206,1.674120583061423,0.4550776769084487,0.08046052742306695,Personal Services,Consumer Cyclical,SCI
2008Q1,2008,Q1,2008-05-09,2008-03-31,41519000.0,573451000.0,99370000.0,0.16,137597000.0,0.2399455228,8748080000.0,1466315000.0,378279000.0,386613000.0,4170988000.0,33747000.0,-771775000.0,2644562700.0,4391043700.0,5.6222656774218285,0.9784435598389086,0.21478495852804272,1.2814136116727988,0.01854678592344084,5.6222656774218285,0.028315198303229525,4.611662897091469,15.923810183289579,1.8035433723313206,0.25494351983429275,12.91534062287018,0.0040025521043611486,0.06555164104580662,0.6127807393957265,0.004746069994787427,154.61662184284378,0.23994552280840037,-0.75,0.12149471558469793,0.12868046831536104,0.22097661060587181,0.1328119211295435,-0.7510836395901654,-0.009183276664905126,1.3196637126165378,0.5218775753661017,0.05884519697253646,Personal Services,Consumer Cyclical,SCI
2007Q4,2007,Q4,2008-03-03,2007-12-31,166799000.0,572922000.0,100291000.0,0.64,121465000.0,0.2120096627,8932244000.0,1492083000.0,421327000.0,426440000.0,4143283000.0,36203000.0,-797965000.0,3664310250.0,5380105250.0,5.721067464197389,0.9880100365819342,0.21096479227392356,1.2629250517565043,0.020309363119286716,5.721067464197389,0.11178935756254846,6.395827442479081,5.492104643912733,2.455835399237174,0.05014418551669974,12.470154407093334,0.0022825578156216437,0.06414088105967548,0.6674842885282807,0.018673806940338843,-231.21594207470974,0.21200966274641225,5.4,30.817336504291415,0.1346101433730285,0.3066641796384315,0.18479321108076474,4.921157259495917,0.33132002336324534,10.88464294814172,0.5730603227629719,-0.032412245653137814,Personal Services,Consumer Cyclical,SCI
2007Q3,2007,Q3,2007-11-09,2007-09-30,28170000.0,539334000.0,75332000.0,0.1,102520000.0,0.1900862916,9408793000.0,1576305000.0,469672000.0,542822000.0,4391234000.0,37898000.0,-865496000.0,3698643000.0,5347201000.0,5.540400898383543,0.8652412761457715,0.20579642893620892,1.2283764880527563,0.014417603244847303,5.540400898383543,0.01787090696280225,6.8577968383228205,32.824307774227904,2.3464006014064536,0.30599929002484916,11.5260435906908,0.0023305844873376534,0.0573223366695388,0.7217688302979614,0.0029940078392626983,41.62513504996849,0.19008629161150603,1.0,35.6249852640652,0.028862655629896233,0.272726389786465,-0.008136531186811274,0.863341711866649,-0.09044589063424412,1.6500036080387666,0.5818880002226742,-0.0063669576842429795,Personal Services,Consumer Cyclical,SCI
2007Q2,2007,Q2,2007-08-08,2007-06-30,15118000.0,565492000.0,82823000.0,0.05,103361000.0,0.1827806583,9740993000.0,1607176000.0,406785000.0,434937000.0,4568741000.0,39017000.0,-858068000.0,3713574060.0,5431944060.0,5.5309814610241,0.935273384421192,0.19927691150173293,1.2078048701573443,0.007199858651502783,5.5309814610241,0.009406561571352483,6.566978949304323,61.409810490805654,2.3106206538674043,0.5849980156105304,11.844349898762077,0.002381533223010503,0.05805280837384854,0.7469863451488377,0.0015519978302006787,151.50024722584857,0.18278065825864911,-0.6153846153846154,1.1090855498765697,0.009846591793717756,0.2774560478052225,-0.2677430324326622,-0.5983741565272833,-0.15551363752230435,-0.6543604160907507,0.38726036867785263,-0.09218542689583743,Personal Services,Consumer Cyclical,SCI
2007Q1,2007,Q1,2007-05-10,2007-03-31,37642000.0,607555000.0,98075000.0,0.13,141154000.0,0.2323312293,9749655000.0,1653542000.0,268136000.0,447897000.0,4658111000.0,39602000.0,-856765000.0,3476118560.0,5265779560.0,5.641639599312171,0.5986554944551984,0.19157129149698118,1.1295473595469605,0.01661003437767686,5.641639599312171,0.022764465613815676,5.721487865296146,23.086702088093084,2.1022257432832063,0.2338079804473726,11.77720822180698,0.002531846899951537,0.06231553834469015,0.4048051226063135,0.0038608545635717365,34.19659973832033,0.232331229271424,12.206896551724139,-0.18590569241518337,0.035643919314712495,0.18083277928189548,0.38524799309113034,12.04842970355151,-0.09054238262595166,-0.49182199462511056,0.06530361793622665,0.05986932537631343,Personal Services,Consumer Cyclical,SCI
