Quarters,Year,Quarter,FillingDate,Date,NetIncome,Revenue,OperatingIncome,EPSDiluted,GrossProfit,GrossProfitRatio,TotalAssets,CommonStockEquity,CurrentAssets,CurrentLiability,TotalLiability,Inventory,RetainedEarnings,MarketCap,EnterpriseValue,bookValuePerShare,currentRatio,debtToAssets,debtToEquity,roic,shareholdersEquityPerShare,roe,priceToSalesRatio,peRatio,pbRatio,payoutRatio,inventoryTurnover,dividendYield,assetTurnover,quickRatio,returnOnAssets,priceToFreeCashFlowsRatio,grossProfitMargin,epsdilutedGrowth,fiveYNetIncomeGrowthPerShare,fiveYRevenueGrowthPerShare,fiveYShareholdersEquityGrowthPerShare,grossProfitGrowth,netIncomeGrowth,operatingIncomeGrowth,threeYNetIncomeGrowthPerShare,threeYRevenueGrowthPerShare,threeYShareholdersEquityGrowthPerShare,Industry,Sector,Symbol
2023Q1,2023,Q1,2023-05-04,2023-03-31,1172000000.0,6560000000.0,963000000.0,0.0037,2554000000.0,0.3893292683,1440000000.0,7059000000.0,0.0,3573000000.0,-5619000000.0,0.0,4744000000.0,7791096059999.999,7798229059999.999,0.02241528774065712,0.0,4.9534722222222225,1.010483071256552,0.05983913615530066,0.02241528774065712,0.16602918260376823,1187.667082317073,1661.923220989761,1103.7110157246068,0.0,0.0,0.0,4.555555555555555,0.0,0.8138888888888889,20943.806612903223,0.38932926829268294,1.6166666666666667,0.0,0.0,0.0,3.764069264069264,40.857142857142854,0.22363405336721728,0.0,0.0,0.0,,Industrials,SREA
2022Q4,2022,Q4,2023-02-28,2022-12-31,28000000.0,3455000000.0,787000000.0,-0.006,-924000000.0,-0.2674384949,78574000000.0,6698000000.0,5912000000.0,3723000000.0,15648000000.0,403000000.0,4384000000.0,0.0,6310000000.0,0.0,1.5879666935267258,0.0850153994960165,0.9973126306360107,0.011054912352344475,0.0,0.0041803523439832785,0.0,0.0,0.0,48.857142857142854,10.866004962779156,,0.04397128821238578,0.8374966424926135,0.00035635197393539845,0.0,-0.267438494934877,-13.0,0.0,0.0,0.0,-1.2819652120842233,-0.8055555555555556,-0.08912037037037036,0.0,0.0,0.0,,Industrials,SREA
2022Q3,2022,Q3,2022-11-03,2022-09-30,144000000.0,3617000000.0,864000000.0,0.0005,3277000000.0,0.9059994471,75563000000.0,29289000000.0,4465000000.0,7836000000.0,46274000000.0,506000000.0,5339000000.0,7440075360000.0,7464970360000.0,0.09306249285087886,0.569806023481368,0.3385254688141021,0.8733654272935232,0.013742484164762685,0.09306249285087886,0.0049165215609955955,2056.9741111418302,12916.7975,254.02285363105605,5.354166666666667,0.6719367588932806,0.00010362798260688585,0.04786734248243188,0.33078101071975496,0.0019056945859746172,-2629.9311983032876,0.9059994470555709,-0.4444444444444444,0.0,0.0,0.0,0.005831798649478207,-0.49295774647887325,-0.14455445544554454,0.0,0.0,0.0,,Industrials,SREA
2022Q2,2022,Q2,2022-08-04,2022-06-30,284000000.0,3547000000.0,1010000000.0,0.0009,3258000000.0,0.9185226952,75582000000.0,29053000000.0,5902000000.0,7550000000.0,46529000000.0,377000000.0,4778000000.0,7433490450000.0,7457175450000.0,0.0922771522495196,0.7817218543046358,0.33891667328199837,0.8816989639624135,0.01441442093365487,0.0922771522495196,0.009775238357484598,2095.7119960530026,6543.5655369718315,255.85965132688534,1.2253521126760563,0.76657824933687,4.681515397655485e-05,0.04692916302823424,0.5090066225165563,0.0037575084014712496,2690.3693268186753,0.9185226952354102,0.0,0.0,0.0,0.0,-0.029779630732578916,-0.1419939577039275,-0.18152350081037277,0.0,0.0,0.0,,Industrials,SREA
2022Q1,2022,Q1,2022-05-05,2022-03-31,331000000.0,3820000000.0,1234000000.0,0.0,3358000000.0,0.8790575916,74922000000.0,5777000000.0,6501000000.0,3931000000.0,69145000000.0,352000000.0,4119000000.0,0.0,2961000000.0,0.0,1.6537776647163571,0.0731427351111823,0.9485892331660031,0.05456307553996477,0.0,0.05729617448502683,0.0,0.0,0.0,1.054380664652568,1.3125,,0.05098635914684605,1.1485627066904096,0.004417927978430902,0.0,0.8790575916230366,-1.0,0.0,0.0,0.0,-0.03616532721010333,-0.1534526854219949,-0.03442879499217527,0.0,0.0,0.0,,Industrials,SREA
2021Q4,2021,Q4,2022-02-25,2021-12-31,391000000.0,3844000000.0,1278000000.0,0.0012,3484000000.0,0.9063475546,72045000000.0,27419000000.0,4375000000.0,10035000000.0,44626000000.0,389000000.0,0.0,0.0,23980000000.0,0.0,0.43597409068261084,0.3406065653411062,0.8949633465844852,0.01797634538032696,0.0,0.014260184543564682,0.0,0.0,0.0,,0.9254498714652957,,0.0533555416753418,0.2699551569506726,0.005427163578319106,0.0,0.9063475546305931,1.0018518518518518,0.0,0.0,0.0,0.584356525693497,1.2290568248388987,2.04071661237785,0.0,0.0,0.0,,Industrials,SREA
2021Q3,2021,Q3,2021-11-05,2021-09-30,-1707000000.0,3013000000.0,-1228000000.0,-0.648,2199000000.0,0.7298373713906405,70472000000.0,24604000000.0,4593000000.0,12944000000.0,45868000000.0,371000000.0,3587000000.0,0.0,6964000000.0,0.0,0.354836217552534,0.11120728800090816,0.31852544301739555,-0.0473374657154442,0.0,-0.06937896277028126,0.0,0.0,0.0,-0.043936731107205626,2.1940700808625335,,0.04275456919060052,0.17683868974042027,-0.024222386195935974,0.0,0.7298373713906405,-2.542857142857143,0.0,0.0,0.0,0.058738565238324505,-4.751648351648352,-3.6351931330472103,0.0,0.0,0.0,,Industrials,SREA
2021Q2,2021,Q2,2021-08-05,2021-06-30,455000000.0,2741000000.0,466000000.0,0.42,2077000000.0,0.7577526450200657,68608000000.0,25692000000.0,3760000000.0,7312000000.0,42916000000.0,339000000.0,0.0,0.0,24021000000.0,0.0,0.5142231947483589,0.35500233208955223,0.9479993772380507,0.013916888896979184,0.0,0.017709792931651876,0.0,0.0,0.0,,1.9587020648967552,,0.03995160914179104,1.973605032822757,0.006631879664179104,0.0,0.7577526450200657,0.0,0.0,0.0,0.0,0.0,0.0,0.0,0.0,0.0,0.0,,Industrials,SREA
