Quarters,Year,Quarter,FillingDate,Date,NetIncome,Revenue,OperatingIncome,EPSDiluted,GrossProfit,GrossProfitRatio,TotalAssets,CommonStockEquity,CurrentAssets,CurrentLiability,TotalLiability,Inventory,RetainedEarnings,MarketCap,EnterpriseValue,bookValuePerShare,currentRatio,debtToAssets,debtToEquity,roic,shareholdersEquityPerShare,roe,priceToSalesRatio,peRatio,pbRatio,payoutRatio,inventoryTurnover,dividendYield,assetTurnover,quickRatio,returnOnAssets,priceToFreeCashFlowsRatio,grossProfitMargin,epsdilutedGrowth,fiveYNetIncomeGrowthPerShare,fiveYRevenueGrowthPerShare,fiveYShareholdersEquityGrowthPerShare,grossProfitGrowth,netIncomeGrowth,operatingIncomeGrowth,threeYNetIncomeGrowthPerShare,threeYRevenueGrowthPerShare,threeYShareholdersEquityGrowthPerShare,Industry,Sector,Symbol
2022Q4,2022,Q4,2022-12-16,2022-12-31,-2844890.0,4906073.0,1096617.0,-0.0575,512016.0,0.1043637141,37853361.0,20066061.0,29874190.0,8346217.0,17939426.0,344823.0,-17081329.0,9457360.798,-6568975.202,0.4052523460678908,3.5793689524247934,0.2031637824709938,0.38325568730205695,0.04066249253706222,0.4052523460678908,-0.14177620610243336,1.9276844837001,-0.831083169999543,0.4713112751924755,0.0,12.742934781032588,0.0,0.12960732865966645,3.331820751844818,-0.07515554563305488,-10.99854257484236,0.10436371411513852,0.0,-0.11741295021335463,0.8273567864703378,0.0,0.0,0.0,0.0,-0.28354085363725795,-0.4878255084894808,5.306881062600002,Internet Retail,Consumer Cyclical,WNW
2022Q3,2022,Q3,2022-09-30,2022-09-30,-2844890.0,4906073.0,1096617.0,-0.0575,512016.0,0.1043637141,,,,,,,,40602281.96,,,0.0,0.0,0.0,0.0,,0.0,8.275922914314565,-3.5680010439770955,0.0,0.0,0.0,0.0,0.0,0.0,0.0,-47.21887388152218,0.10436371411513852,0.22611036339165547,-4.881975559288896,5.4307551354545485,0.0,5.797153780798641,0.02747215369063804,1.4230194464031947,-0.6898569569021281,-0.18785995186539403,0.0,Internet Retail,Consumer Cyclical,WNW
2022Q2,2022,Q2,2022-06-30,2022-06-30,-2925253.0,583213.0,-2592356.0,-0.0743,75328.0,0.1291603582,47535403.0,24550405.0,34842758.0,8493306.0,23014215.0,335838.0,-11514459.0,22877730.812999997,4042751.8129999973,0.623479025152913,4.102378743919035,0.11846204396331719,0.22937059490464617,-0.09024321357868309,0.623479025152913,-0.11915294269076213,39.22705908990368,-1.95519249215367,0.9318677558679785,0.0,1.512291640612438,0.0,0.012269023994600404,2.984793789367768,-0.06153840748967669,-4.5423578789929255,0.1291603582224676,0.0,-34.78485482461857,12.734458363155339,0.0,0.0,0.0,0.0,-3.837491415305813,-0.8195835751561469,0.0,Internet Retail,Consumer Cyclical,WNW
2022Q1,2022,Q1,2022-03-31,2022-03-31,-2925253.0,583213.0,-2592356.0,-0.0743,75328.0,0.1291603582,,,,,,,,34639483.2981,,,0.0,0.0,0.0,0.0,,0.0,59.394223548000475,-2.9603835376034144,0.0,0.0,0.0,0.0,0.0,0.0,0.0,-6.877645828141269,0.1291603582224676,-14.47916666666667,-34.78485482461857,12.733609404176281,0.0,-0.8679579655906816,-21.76709524773127,-11.538717965396124,-3.837491415305813,-0.8195837216563171,0.0,Internet Retail,Consumer Cyclical,WNW
2021Q4,2021,Q4,2021-12-31,2021-12-31,-128486.0,2379456.0,245984.0,-0.0048,570485.0,0.2397543808,28290040.0,17630118.0,27990689.0,3807412.0,10664213.0,432955.0,-6009313.0,63037993.04,38326795.04,0.6600317756562892,7.351631239277493,0.06797918984914832,0.1090823101694498,-0.03240044991272119,0.6600317756562892,-0.007287869542336586,26.49260715054197,-122.65537303675107,3.5755854294338807,0.0,4.178196348350291,0.0,0.08410931903949234,7.109116113517528,-0.004541739778381367,-69.56622690524169,0.23975438083326608,-2.9199999999999995,0.9064486097170092,0.642907977022608,0.0,1.7528975396330134e-06,-2.899023042019539,2.9052517939925067,0.9064486097170092,0.642907977022608,0.0,Internet Retail,Consumer Cyclical,WNW
2021Q3,2021,Q3,2021-09-30,2021-09-30,67659.0,2379456.0,62988.0,0.0025,570484.0,0.2397539606,,,,,,,,110049377.68,,,0.0,0.0,0.0,0.0,,0.0,46.24980570348853,406.6324423949511,0.0,0.0,0.0,0.0,0.0,0.0,0.0,-121.4461249362694,0.2397539605691385,1.1028806584362139,1.259316127228196,4.78165084593286,0.0,-0.328399096344764,1.1111656961842296,1.1026135602774025,1.259316127228196,4.78165084593286,0.0,Internet Retail,Consumer Cyclical,WNW
2021Q2,2021,Q2,2021-06-30,2021-06-30,-608632.0,3749770.0,-613837.0,-0.0243,849439.0,0.2265309606,29323468.0,15861005.0,28305228.0,5815539.0,13462463.0,270756.0,-6144631.0,165001894.2,165229098.2,0.6344329167101161,4.867171899285689,0.024287168216256004,0.044901568343241806,-0.037037953287083134,0.6344329167101161,-0.03837285216163793,44.003203983177634,-67.77572252198372,10.402991121937102,0.0,10.711976835231722,0.0,0.12787607523093789,4.640151153659188,-0.02075579873431069,-47.014189916341344,0.22653096056558136,0.0,-10.726878557138614,138.08515864270146,0.0,0.0,0.0,0.0,-10.726878557138614,138.08515864270146,0.0,Internet Retail,Consumer Cyclical,WNW
2021Q1,2021,Q1,2021-03-31,2021-03-31,-608632.0,3749770.0,-613837.0,-0.0243,849439.0,0.2265309606,,,,,,,,252502898.7,,,0.0,0.0,0.0,0.0,,0.0,67.3382363984991,-103.71739355636903,0.0,0.0,0.0,0.0,0.0,0.0,0.0,-71.94595729621933,0.22653096056558136,-0.09459459459459449,-10.726878557138614,138.07656146390045,0.0,-0.5247431078605693,-0.3454593686444425,-0.3329127969721382,-10.726878557138614,138.07656146390045,0.0,Internet Retail,Consumer Cyclical,WNW
2020Q4,2020,Q4,2020-12-31,2020-12-31,-452360.0,9567527.0,-460523.0,-0.0222,1787326.0,0.1868117017,37462877.0,16901778.0,36366646.0,12987856.0,20561099.0,1534830.0,-4927367.0,765008592.66,758798655.66,0.8291720307799451,2.8000499851553635,0.02183566948155103,0.04839887259198411,-0.02598916861669753,0.8291720307799451,-0.02676404813742081,79.95886425614476,-422.7874882062959,45.262018745010145,0.0,5.069095600164188,0.0,0.25538687271668964,2.615356529976926,-0.012074886827298395,257.77801641875885,0.18681170170724368,0.0,0.5684001763111889,7.656411285456618,0.0,0.0,0.0,0.0,0.5684001763111889,7.656411285456618,0.0,Internet Retail,Consumer Cyclical,WNW
2020Q3,2020,Q3,2020-09-30,2020-09-30,-452360.0,9567526.0,-460523.0,-0.0222,1787326.0,0.1868117212,,,,,,,,245626260.10000002,,,0.0,0.0,0.0,0.0,,0.0,25.67291273627059,-135.74711518480856,0.0,0.0,0.0,0.0,0.0,0.0,0.0,82.76648400007818,0.18681172123284537,0.3231707317073171,-1.2719081731120634,29.463265806852995,0.0,5.130679362553081,0.3111314493863746,0.3002627112592059,-1.2719081731120634,29.463265806852995,0.0,Internet Retail,Consumer Cyclical,WNW
2020Q2,2020,Q2,2020-06-30,2020-06-30,-656671.0,1495134.0,-658137.0,-0.0328,291538.0,0.1949912182,2508883.0,-2846717.0,1066203.0,3211226.0,5355600.0,74672.0,-4022647.0,241004036.75,241661299.75,-0.14233346591444593,0.3320236570082579,0.3467997511243051,-0.3056433077120065,0.3329579482727481,-0.14233346591444593,0.23067660044886795,161.19226554275403,-91.75220039791617,-84.66034268597828,0.0,16.11843796871652,0.0,0.5959361197792006,0.06627281916626236,-0.2617383911485709,-433.7194813269794,0.1949912181784375,0.0,-14.81551020768684,68.3208695796504,0.0,0.0,0.0,0.0,-14.81551020768684,68.3208695796504,0.0,Internet Retail,Consumer Cyclical,WNW
2020Q1,2020,Q1,2020-03-31,2020-03-31,-656671.0,1495134.0,-658137.0,-0.0328,291538.0,0.1949912182,,,,,,,,241004036.75,,,0.0,0.0,0.0,0.0,,0.0,161.19226554275403,-91.75220039791617,0.0,0.0,0.0,0.0,0.0,0.0,0.0,-433.7194813269794,0.1949912181784375,0.2678571428571428,-14.81551020768684,68.31658469464733,0.0,-0.6190156333513237,0.16271487697090092,0.16281616827708323,-14.81551020768684,68.31658469464733,0.0,Internet Retail,Consumer Cyclical,WNW
2019Q4,2019,Q4,2019-12-31,2019-12-31,-784286.0,3389493.0,-786132.0,-0.0448,765223.0,0.2257632631,3243948.0,-1648610.0,1629840.0,3222725.0,4892558.0,253090.0,-2709305.0,211126290.70000002,211571156.70000002,-0.09409415773911477,0.5057335019277165,0.30554127254814195,-0.6012095037637768,1.195728952772074,-0.09409415773911477,0.47572561127252655,62.288457506771664,-67.29888417618064,-128.06321125069,0.0,10.368920146983287,0.0,1.0448666254822827,0.19177900689633773,-0.2417689802672546,-417.137639662459,0.22576326311929248,-0.3176470588235293,0.12942938508979693,2.567840290290613,0.0,0.6545863009907327,-0.537779503227375,-0.5632689504590586,0.12942938508979693,2.567840290290613,0.0,Internet Retail,Consumer Cyclical,WNW
2019Q3,2019,Q3,2019-09-30,2019-09-30,-510012.0,1830071.0,-502877.0,-0.034,462486.0,0.2527147854,,,,,,,,180754241.60000002,,,0.0,0.0,0.0,0.0,,0.0,98.76897759704406,-88.60293561720117,0.0,0.0,0.0,0.0,0.0,0.0,0.0,1360.00542936038,0.25271478538264364,-1.2077922077922079,-2.4807535248852215,6.918283490914242,0.0,0.36687424080767717,-1.2138627958258816,-1.1401935582717646,-2.4807535248852215,6.918283490914242,0.0,Internet Retail,Consumer Cyclical,WNW
2019Q2,2019,Q2,2019-06-30,2019-06-30,-230372.0,1231509.0,-234968.0,-0.0154,338353.0,0.2747466726,,,,,,,,180763327.3,,,0.0,0.0,0.0,0.0,,0.0,146.78197828842502,-196.1646025775702,0.0,0.0,0.0,0.0,0.0,0.0,0.0,-3105.418875088045,0.2747466725781135,0.0,-6.397399137783555,75.12643014649156,0.0,-2.9554844925728674e-06,0.0,4.255880562967881e-06,-6.397399137783555,75.12643014649156,0.0,Internet Retail,Consumer Cyclical,WNW
2019Q1,2019,Q1,2019-03-31,2019-03-31,-230372.0,1231510.0,-234969.0,-0.0154,338354.0,0.2747472615,,,,,,,,180763327.3,,,0.0,0.0,0.0,0.0,,0.0,146.7818590998043,-196.1646025775702,0.0,0.0,0.0,0.0,0.0,0.0,0.0,-3105.418875088045,0.2747472614919895,0.7003891050583658,-6.397399137783555,75.12178640562871,0.0,0.9022544555012088,0.701313653595822,0.6956001290307536,-6.397399137783555,75.12178640562871,0.0,Internet Retail,Consumer Cyclical,WNW
2018Q4,2018,Q4,2018-12-31,2018-12-31,-771284.0,813342.0,-771909.0,-0.0514,177870.0,0.2186902926,,,,,,,,180753277.60000002,,,0.0,0.0,0.0,0.0,,0.0,222.23526831271474,-58.58843098002811,0.0,0.0,0.0,0.0,0.0,0.0,0.0,-307.74896584601765,0.21869029264442263,-4.244897959183674,0.0,0.0,0.0,2.9952830188679247,-4.263659318910803,-4.20101741737695,0.0,0.0,0.0,Internet Retail,Consumer Cyclical,WNW
2018Q3,2018,Q3,2018-09-30,2018-09-30,-146530.0,231130.0,-148415.0,-0.0098,44520.0,0.1926188725,,,,,,,,180762327.15,,,0.0,0.0,0.0,0.0,,0.0,782.0807647211526,-308.40498046475125,0.0,0.0,0.0,0.0,0.0,0.0,0.0,-1032.9984178915126,0.19261887249599793,-3.666666666666667,0.0,0.0,0.0,14.731448763250883,-3.7052212446214114,-3.7144309265906417,0.0,0.0,0.0,Internet Retail,Consumer Cyclical,WNW
2018Q2,2018,Q2,2018-06-30,2018-06-30,-31142.0,16177.0,-31481.000000000004,-0.0021,2830.0,0.1749397292,,,,,,,,180761604.15,,,0.0,0.0,0.0,0.0,,0.0,11173.988016937628,-1451.1078619709717,0.0,0.0,0.0,0.0,0.0,0.0,0.0,-4953.865662254379,0.1749397292452247,0.0,0.0,0.0,0.0,0.0,0.0,3.176418270757893e-05,0.0,0.0,0.0,Internet Retail,Consumer Cyclical,WNW
2018Q1,2018,Q1,2018-03-31,2018-03-31,-31142.0,16178.000000000002,-31482.000000000004,-0.0021,2830.0,0.1749289158,,,,,,,,180761604.15,,,0.0,0.0,0.0,0.0,,0.0,11173.297326616392,-1451.1078619709717,0.0,0.0,0.0,0.0,0.0,0.0,0.0,-4953.729902713072,0.17492891581159598,0.0,0.0,0.0,0.0,0.0,0.0,0.0,0.0,0.0,0.0,Internet Retail,Consumer Cyclical,WNW
