Quarters,Year,Quarter,FillingDate,Date,NetIncome,Revenue,OperatingIncome,EPSDiluted,GrossProfit,GrossProfitRatio,TotalAssets,CommonStockEquity,CurrentAssets,CurrentLiability,TotalLiability,Inventory,RetainedEarnings,MarketCap,EnterpriseValue,bookValuePerShare,currentRatio,debtToAssets,debtToEquity,roic,shareholdersEquityPerShare,roe,priceToSalesRatio,peRatio,pbRatio,payoutRatio,inventoryTurnover,dividendYield,assetTurnover,quickRatio,returnOnAssets,priceToFreeCashFlowsRatio,grossProfitMargin,epsdilutedGrowth,fiveYNetIncomeGrowthPerShare,fiveYRevenueGrowthPerShare,fiveYShareholdersEquityGrowthPerShare,grossProfitGrowth,netIncomeGrowth,operatingIncomeGrowth,threeYNetIncomeGrowthPerShare,threeYRevenueGrowthPerShare,threeYShareholdersEquityGrowthPerShare,Industry,Sector,Symbol
2024Q1,2024,Q1,2023-06-02,2023-04-30,1673000000.0,152301000000.0,3352000000.0,0.7,37017000000.0,0.2430515886,245053000000.0,72405000000.0,78511000000.0,95505000000.0,165588000000.0,56932000000.0,78035000000.0,408383460000.0,461675460000.0,26.87639198218263,0.822061672163761,0.26062525249639873,0.8820799668531178,0.015123851924143606,26.87639198218263,0.0231061390787929,2.681423365572124,61.02562163777645,5.640266003729025,0.9193066347878064,2.024942036113258,0.003766068292775618,0.621502287260307,0.19079629338778076,0.006827094546893937,2001.879705882353,0.24305158863040952,-0.6982758620689655,-0.14152836425699378,0.3593084386545772,0.04941439468761582,-0.04163106796116505,-0.733386454183267,-0.6476030277544155,-0.559378866617174,0.18885528990370443,0.11499217030420605,Discount Stores,Consumer Defensive,WMT
2023Q4,2023,Q4,2023-03-17,2023-01-31,6275000000.0,164048000000.0,9512000000.0,2.32,38625000000.0,0.2354493807,243457000000.0,76693000000.0,75915000000.0,92458000000.0,159466000000.0,56576000000.0,83135000000.0,387873520000.0,437911520000.0,28.446958456973295,0.8210755153691406,0.24202631265480146,0.7682969762559816,0.039961214039720125,28.446958456973295,0.08181972279086748,2.3643904223154197,15.45312828685259,5.0574826907279675,0.24127490039840638,2.216894089366516,0.003903334262158448,0.6738274110007106,0.181898808107465,0.02577457210102811,45.064891367491576,0.23544938066907248,4.569230769230769,2.1665003922371158,0.3213118276109137,0.08097638436584494,0.038306451612903226,4.55121675155631,12.230224321133411,0.5940239352154079,0.21808142143684883,0.08044267613033869,Discount Stores,Consumer Defensive,WMT
2023Q3,2023,Q3,2022-12-01,2022-10-31,-1767000000.0,152813000000.0,-847000000.0,-0.65,37200000000.0,0.2434347863,247656000000.0,72253000000.0,87680000000.0,101408000000.0,167273000000.0,64706000000.0,77946000000.0,385856630000.00006,439649630000.00006,26.65178900774622,0.8646260650047334,0.26399521917498464,0.9048759221070405,-0.006669746699950492,26.65178900774622,-0.02445573194192629,2.52502489971403,-54.59205291454443,5.340354448950217,-0.8596491228070176,1.7867431150125181,0.003936695347181153,0.6170373421197144,0.19530017355632692,-0.007134896792324838,204.26502382212814,0.24343478630744766,-1.3457446808510638,-2.1109108245234296,0.36413102446787854,0.043390676106001426,0.0048350935955268634,-1.3431734317343174,-1.1235774730084622,-1.5635754711138994,0.25206885209540497,0.05753096552669969,Discount Stores,Consumer Defensive,WMT
2023Q2,2023,Q2,2022-09-02,2022-07-31,5149000000.0,152859000000.0,6854000000.0,1.88,37021000000.0,0.2421905154,247199000000.0,77569000000.0,84164000000.0,99899000000.0,161352000000.0,59921000000.0,82519000000.0,362629440000.0,414015440000.0,28.35124269005848,0.8424909158249833,0.2641960525730282,0.8419471696167283,0.03268785013373081,28.35124269005848,0.06637961041137568,2.372313308342983,17.606789667896678,4.674927355000064,0.2986987764614488,1.9331786852689374,0.004241244174769705,0.6183641519585436,0.21466681348161643,0.02082937228710472,40.09170149253731,0.24219051544233575,1.5405405405405403,0.9527039975470469,0.36237289750662594,0.11639814648307882,0.06621162375439203,1.5068159688412852,1.0423122765196662,0.4873095567867035,0.22257555820912872,0.1501428383798093,Discount Stores,Consumer Defensive,WMT
2023Q1,2023,Q1,2022-06-03,2022-04-30,2054000000.0,141569000000.0,3356000000.0,0.74,34722000000.0,0.2452655596,246142000000.0,76896000000.0,83220000000.0,96530000000.0,160282000000.0,61229000000.0,80532000000.0,421334460000.0,476334460000.0,27.92156862745098,0.8621154045374495,0.27145712637420677,0.868926862255514,0.014893964335663841,27.92156862745098,0.026711402413649606,2.9761774117214927,51.28218841285297,5.479276685393259,0.7512171372930867,1.7450391154518283,0.0036621737514657593,0.5751517416775682,0.2019165026416658,0.008344776592373508,-57.740778402083045,0.24526555955046656,-0.4351145038167939,-0.25515741499456474,0.3273023025611254,0.14996350686398247,-0.07033655519558757,-0.43462703000275255,-0.4299303550195346,-0.44305835778312325,0.19007915714945184,0.1745030480486308,Discount Stores,Consumer Defensive,WMT
2022Q4,2022,Q4,2022-03-18,2022-01-31,3633000000.0,152871000000.0,5887000000.0,1.31,37349000000.0,0.244317104,244860000000.0,83253000000.0,81070000000.0,87379000000.0,152969000000.0,56511000000.0,86904000000.0,387133890000.0,429696890000.0,30.06608884073673,0.9277972968333352,0.2341052029731275,0.6885397523212377,0.027984226083889722,30.06608884073673,0.0436380670966812,2.5324220421139394,26.640097027250206,4.6500893661489675,0.41976328103495736,2.044239174673957,0.00393920563244928,0.6243200196030385,0.2636789159866787,0.01483704974271012,114.8083896797153,0.24431710396347248,0.16964285714285707,0.07036457190348336,0.29233039905827474,0.18451068532427667,0.05202523801475973,0.15996168582375478,0.27811550151975684,0.030547139212147967,0.15194871644475447,0.20105099981755636,Discount Stores,Consumer Defensive,WMT
2022Q3,2022,Q3,2021-12-01,2021-10-31,3132000000.0,140525000000.0,4606000000.0,1.12,35502000000.0,0.2526383206,244851000000.0,82274000000.0,82964000000.0,87620000000.0,154094000000.0,57484000000.0,85674000000.0,417165150000.0,458651150000.0,29.541831238779174,0.9468614471581831,0.23523285590011886,0.7000632034421567,0.02187545885548036,29.541831238779174,0.03806791939130223,2.9686187511119018,33.29862308429119,5.07043719765661,0.4904214559386973,1.8269953378331363,0.0036819950084516885,0.5739204659160061,0.26774708970554667,0.012791452761066935,1395.2011705685618,0.2526383205835261,-0.26315789473684204,0.14498259699468255,0.3188821545893707,0.17455519411773093,-0.010121288163948139,-0.2675397567820393,-0.373674190916508,0.9229934801096096,0.18131083596951256,0.19979324604409013,Discount Stores,Consumer Defensive,WMT
2022Q2,2022,Q2,2021-09-02,2021-07-31,4276000000.0,141048000000.0,7354000000.0,1.52,35865000000.0,0.25427514037774374,238552000000.0,80529000000.0,78243000000.0,81122000000.0,151425000000.0,47754000000.0,84572000000.0,398997450000.00006,437045450000.00006,28.770632368703108,0.9645102438302803,0.25520222006103493,0.755988525872667,0.033776413854580696,28.770632368703108,0.05309888363198351,2.828806151097499,23.32772743217961,4.954705137279738,0.3606173994387278,2.202600829249906,0.0038646863532586485,0.5912673127871492,0.3566726658612953,0.017924813038666623,59.023291420118355,0.25427514037774374,0.5670103092783506,0.2588347263850906,0.2963543425707202,0.16887155876246923,0.023602945373594385,0.5663003663003663,0.06440874222029237,6.227143093663367,0.15955623453350296,0.19067616714475455,Discount Stores,Consumer Defensive,WMT
2022Q1,2022,Q1,2021-06-04,2021-04-30,2730000000.0,138310000000.0,6909000000.0,0.97,35038000000.0,0.2533294772612248,236581000000.0,78335000000.0,76591000000.0,80841000000.0,151989000000.0,46383000000.0,82577000000.0,393846650000.0,433822650000.0,27.82770870337478,0.9474276666542967,0.2655411888528665,0.8019659156188166,0.03160794931926474,27.82770870337478,0.03485032233356737,2.8475645289566915,36.06654304029304,5.027722601646773,0.5673992673992674,2.226505400685596,0.003933002857838197,0.5846200667002,0.35431278682846573,0.011539388201081236,611.5631211180124,0.2533294772612248,2.310810810810811,-0.009722078804622095,0.33278254166123156,0.16369812541944723,-0.04834591775761855,2.3055954088952655,0.25915800984144344,0.34063899880310494,0.1813756949564723,0.08655946467274979,Discount Stores,Consumer Defensive,WMT
2021Q4,2021,Q4,2021-03-19,2021-01-31,-2091000000.0,152079000000.0,5487000000.0,-0.74,36818000000.0,0.24209785703483058,252496000000.0,80925000000.0,90067000000.0,92645000000.0,164965000000.0,44949000000.0,88763000000.0,393577020000.0,439082020000.0,28.63588110403397,0.9721733498839656,0.2504831759711045,0.7815384615384615,0.11406845240178168,28.63588110403397,-0.025838739573679333,2.5879774327816465,-47.05607604017217,4.863478776645042,-0.7336202773792444,2.564261718836904,0.0038975852807666463,0.6023026107344275,0.26182740568838037,-0.008281319308028641,42.01291844577285,0.24209785703483058,-1.4111111111111112,-1.5153846582316557,0.32224946223100936,0.13269333297062835,0.07125607378742471,-1.407205452775073,-0.05036344755970924,-2.0066246919003343,0.16856092767918465,0.08815539157863227,Discount Stores,Consumer Defensive,WMT
2021Q3,2021,Q3,2020-12-02,2020-10-31,5135000000.0,134708000000.0,5778000000.0,1.8,34369000000.0,0.2551370371470143,250863000000.0,81431000000.0,73602000000.0,88121000000.0,163359000000.0,51842000000.0,92279000000.0,393078750000.0,447231750000.0,28.743734557006707,0.83523791150804,0.2729697085660301,0.8409328142844863,0.02442272010139881,28.743734557006707,0.06305952278616252,2.9180059833120526,19.137232229795522,4.827138927435497,0.2967867575462512,1.935477026349292,0.0038770856984764505,0.5369783507332687,0.22803871948797677,0.0204693398388762,372.58649289099526,0.2551370371470143,-0.20704845814977973,0.7609980179978445,0.3000323399116649,0.15956049223952867,-0.019513308418680285,-0.2070722668313774,-0.04637728998184519,2.0893423643625106,0.15072650307555502,0.12528823579272427,Discount Stores,Consumer Defensive,WMT
2021Q2,2021,Q2,2020-09-02,2020-07-31,6476000000.0,137742000000.0,6059000000.0,2.27,35053000000.0,0.2544830189775087,237382000000.0,75310000000.0,64996000000.0,81957000000.0,156185000000.0,41084000000.0,87614000000.0,366460800000.0,419048800000.0,26.592514124293785,0.7930500140317484,0.29275176719380575,0.9227725401673085,0.026950911817341924,26.592514124293785,0.08599123622360909,2.660486997429978,14.146880790611489,4.86603107157084,0.23610253242742435,2.4994888521078766,0.004172342580707132,0.5802546107118484,0.2686408726527325,0.02728092273213639,36.20438648488441,0.2544830189775087,0.6214285714285716,1.1195785066861765,0.30303063250342466,0.08600737906645384,0.07537734691373174,0.6230576441102756,0.15983920367534457,1.372702061688913,0.186026000471287,0.047143993060201145,Discount Stores,Consumer Defensive,WMT
2021Q1,2021,Q1,2020-06-03,2020-04-30,3990000000.0,134622000000.0,5224000000.0,1.4,32596000000.0,0.24212981533478925,232892000000.0,68240000000.0,63328000000.0,82647000000.0,158782000000.0,41217000000.0,81141000000.0,344108050000.0,404610050000.0,24.104556693747792,0.7662468087165898,0.3238926197550796,1.1053927315357561,0.023750289717347422,24.104556693747792,0.05847010550996483,2.556105614238386,21.56065476190476,5.042615035169988,0.38320802005012533,2.475337846034403,0.004443371783949837,0.5780447589440599,0.24149696903698864,0.017132404719784278,65.35765432098765,0.24212981533478925,-0.03448275862068969,0.3629926337209652,0.3380516893211784,0.01707920021807822,-0.03911800253515314,-0.03646462207196329,-0.0184141300263059,0.4075408945454062,0.2278400305573902,-0.00724200288332966,Discount Stores,Consumer Defensive,WMT
2020Q4,2020,Q4,2020-03-20,2020-01-31,4141000000.0,141671000000.0,5322000000.0,1.45,33923000000.0,0.23944914626140848,236495000000.0,74669000000.0,61806000000.0,77790000000.0,154943000000.0,44435000000.0,83943000000.0,324693640000.0,387661640000.0,26.32898448519041,0.7945237177015041,0.30627708831053513,0.9700545072252207,0.023712189040779014,26.32898448519041,0.05545808836331007,2.2918850011646703,19.602368992996862,4.348439646975318,0.36295580777589953,2.4248452796219198,0.004628978873746957,0.5990443772595615,0.20245532844838668,0.01750988392989281,41.75586934156379,0.23944914626140848,0.26086956521739135,-0.05028168982082403,0.22641339474226874,0.04482664431241897,0.05708765697547599,0.2594282238442822,0.12802034760491734,0.19120988259621055,0.16935436830517359,0.037280359997797,Discount Stores,Consumer Defensive,WMT
2020Q3,2020,Q3,2019-12-04,2019-10-31,3288000000.0,127991000000.0,4718000000.0,1.15,32091000000.0,0.2507285668523568,239830000000.0,71649000000.0,67912000000.0,83784000000.0,161523000000.0,51546000000.0,80656000000.0,333370180000.0,400712180000.0,25.201899402040098,0.8105604888761577,0.3166743109702706,1.060000837415735,0.02112446109898568,25.201899402040098,0.04589038228028305,2.60463766983616,25.347489355231144,4.65282390542785,0.45894160583941607,1.860474139603461,0.004526499640729714,0.5336738523120543,0.16969827174639548,0.01370971104532377,724.7177826086956,0.2507285668523568,-0.08730158730158738,0.006310582573715569,0.22157463580993675,0.02866845958345414,-0.011185061933814014,-0.08919667590027701,-0.15493462296256494,0.177490145104225,0.1767390618100421,0.002003620054597745,Discount Stores,Consumer Defensive,WMT
2020Q2,2020,Q2,2019-09-06,2019-07-31,3610000000.0,130377000000.0,5583000000.0,1.26,32454000000.0,0.24892427345313975,234861000000.0,70327000000.0,61371000000.0,80283000000.0,157730000000.0,44134000000.0,78432000000.0,314914140000.0,380340140000.0,24.650192779530318,0.764433317140615,0.3180987903483337,1.0623089282921212,0.025001507968126946,24.650192779530318,0.051331636498073284,2.415411767412964,21.80845844875346,4.4778554466989915,0.4199445983379501,2.2187655775592514,0.004814010574437845,0.5551240946772772,0.18266631790042723,0.015370793788666489,63.541997578692495,0.24892427345313975,-0.05263157894736847,-0.0014582958140512874,0.22876358857700593,0.024105711906502316,0.05059726133825386,-0.06038521603331598,0.12901921132457028,0.0426519194947703,0.17559817942679484,0.0014694459530840216,Discount Stores,Consumer Defensive,WMT
2020Q1,2020,Q1,2019-06-07,2019-04-30,3842000000.0,123925000000.0,4945000000.0,1.33,30891000000.0,0.2492717369376639,234544000000.0,68205000000.0,61739000000.0,79888000000.0,159634000000.0,44751000000.0,76276000000.0,295047960000.0,361221960000.0,23.77309166957128,0.7728194472261166,0.32159850603724677,1.1059159885638883,0.022652060371409224,23.77309166957128,0.05633018107176893,2.380859067984668,19.19885216033316,4.325899274246757,0.3956272774596564,2.0789256106008804,0.0051517048279201795,0.5283656797871614,0.18271830562787902,0.01638072174091002,217.26653902798233,0.2492717369376639,0.04724409448818902,0.20496740641561548,0.2147511777930912,0.05158720128781662,-0.0883845836038482,0.04203959858963927,-0.18493489368716004,0.36741286247328536,0.1716893768552392,-0.0058577044128047635,Discount Stores,Consumer Defensive,WMT
2019Q4,2019,Q4,2019-03-28,2019-01-31,3687000000.0,138793000000.0,6067000000.0,1.27,33886000000.0,0.24414775961323698,219295000000.0,72496000000.0,61897000000.0,77477000000.0,139661000000.0,44269000000.0,80785000000.0,277523680000.0,327834680000.0,25.03314917127072,0.7989080630380629,0.2646343965890695,0.8004993378945046,0.029609030371496335,25.03314917127072,0.05085797837122048,1.999550986000735,18.817716300515322,3.828124034429486,0.40819094114456195,2.3697621360319863,0.005422960664113419,0.6329054470006156,0.18076332330885295,0.016812968831938713,39.00543640196767,0.24414775961323698,1.1896551724137934,-0.06906825467481122,0.19716482912098784,0.0636339035462216,0.06633520045314369,1.156140350877193,0.21680705976734857,-0.11320304894104803,0.17756615255899647,-0.00981286147457961,Discount Stores,Consumer Defensive,WMT
2019Q3,2019,Q3,2018-11-30,2018-10-31,1710000000.0,124894000000.0,4986000000.0,0.58,31778000000.0,0.25443976492065273,226583000000.0,71996000000.0,69446000000.0,85751000000.0,147114000000.0,50380000000.0,80287000000.0,293218720000.0,345035720000.0,24.622435020519834,0.809856444822801,0.26917729926781797,0.8471442857936552,0.025064038671620076,24.622435020519834,0.023751319517750988,2.347740644066168,42.86823391812865,4.072708483804656,0.8947368421052632,1.848273124255657,0.005217947885455609,0.5512064011863202,0.17444694522512857,0.0075469033422631004,84.23404768744614,0.25443976492065273,3.0,-0.49043780041412954,0.20252372152241932,0.0926828289051149,-0.020919986443602306,2.986062717770035,-0.1328695652173913,-0.43182288682126374,0.16780827711677582,-0.006698213974077578,Discount Stores,Consumer Defensive,WMT
2019Q2,2019,Q2,2018-09-06,2018-07-31,-861000000.0,128028000000.0,5750000000.0,-0.29,32457000000.0,0.2535148561252226,206062000000.0,71185000000.0,66370000000.0,71683000000.0,132250000000.0,41985000000.0,80810000000.0,262871580000.0,300827580000.0,24.163272233537,0.9258820082864836,0.26106705748755227,0.7557210086394606,-0.07939782064117314,24.163272233537,-0.01209524478471588,2.053235073577655,-76.32740418118468,3.6927945494135,-1.7816492450638792,2.2763129689174706,0.005835549054028587,0.6213081499742796,0.29075234016433466,-0.004178354087604702,75.75549855907781,0.2535148561252226,-1.402777777777778,-1.2354461906852217,0.21814646622661676,0.10530422937908047,0.04757447632572701,-1.4034676663542642,0.11563833915405511,-1.2708983281806328,0.16427000415822218,-0.01320003722251935,Discount Stores,Consumer Defensive,WMT
2019Q1,2019,Q1,2018-06-04,2018-04-30,2134000000.0,122690000000.0,5154000000.0,0.72,30983000000.0,0.2525307686037982,204927000000.0,75552000000.0,59242000000.0,80757000000.0,126603000000.0,43303000000.0,82982000000.0,260956999999.99997,299415000000.0,25.61084745762712,0.7335834664487288,0.22614394394101314,0.6133921008047437,0.03211797827869851,25.61084745762712,0.02824544684455739,2.1269622626130897,30.571344892221177,3.4540051884794574,0.718369259606373,2.1177978431055586,0.005874531053008734,0.5987010008442031,0.15420335079312011,0.010413464306801934,78.06072390068799,0.2525307686037982,-0.013698630136986314,-0.3689456050453291,0.2023087611415887,0.2034535361019675,-0.07862729354387843,-0.01885057471264368,0.15379449294828745,-0.3004272546025497,0.17026407236062702,0.08063635353505406,Discount Stores,Consumer Defensive,WMT
2018Q4,2018,Q4,2018-03-30,2018-01-31,2175000000.0,136267000000.0,4467000000.0,0.73,33627000000.0,0.24677287971409073,204522000000.0,77869000000.0,59664000000.0,78521000000.0,123700000000.0,43783000000.0,85107000000.0,315429400000.0,355160400000.0,26.315985130111525,0.7598476840590416,0.22729584103421638,0.5969898162298218,0.027019429776515013,26.315985130111525,0.027931526024477005,2.3147893473841794,36.25625287356321,4.0507698827518,0.6942528735632184,2.344288879245369,0.004787125106283688,0.6662706212534593,0.15753747405152763,0.010634552762050048,38.77912466191296,0.24677287971409073,0.2586206896551725,-0.562067002753893,0.20242262866787894,0.15132219502210417,0.0630690440060698,0.24356775300171526,-0.06234256926952141,-0.5219095118859615,0.13059713832876832,0.04431078421333547,Discount Stores,Consumer Defensive,WMT
2018Q3,2018,Q3,2017-12-01,2017-10-31,1749000000.0,123179000000.0,4764000000.0,0.58,31632000000.0,0.25679701897238977,209414000000.0,76145000000.0,65368000000.0,80435000000.0,130508000000.0,50147000000.0,84480000000.0,260271110000.0,303172110000.0,25.543441798054346,0.8126810468079816,0.23841290458135558,0.6556832359314466,0.023614001447634057,25.543441798054346,0.022969334821721716,2.112950340561297,37.20284591194968,3.4180984962899728,0.8724985706117782,1.8255728159211917,0.005863117116609676,0.5882080472174736,0.160266053334991,0.00835187714288443,80.95524416796268,0.25679701897238977,-0.39583333333333337,-0.45702553586746314,0.22010273240292572,0.16290398301085138,-0.006345416849908902,-0.3966885132804415,-0.2018763611995309,-0.48948921178783333,0.1212233462720613,0.04260922987166415,Discount Stores,Consumer Defensive,WMT
2018Q2,2018,Q2,2017-08-31,2017-07-31,2899000000.0,123355000000.0,5969000000.0,0.96,31834000000.0,0.2580681772121114,201566000000.0,76389000000.0,56763000000.0,72811000000.0,122520000000.0,43442000000.0,84838000000.0,240609919999.99997,281783920000.0,25.39527925531915,0.7795937427037124,0.2363642677832571,0.6236892746337823,0.030600523474130666,25.39527925531915,0.03795049025383236,1.9505485793036357,20.74938944463608,3.149798007566534,0.5308727147292169,2.106740021177662,0.006396245009349572,0.6119831717650794,0.16294241254755462,0.014382385918260025,67.93052512704686,0.2580681772121114,-0.040000000000000036,-0.18790463147410358,0.21416650626443617,0.22282399897549734,0.06632277081798084,-0.04606778545574202,0.13977468016039718,-0.23944406251462022,0.10267631788695279,0.055060736175248294,Discount Stores,Consumer Defensive,WMT
2018Q1,2018,Q1,2017-06-02,2017-04-30,3039000000.0,117542000000.0,5237000000.0,1.0,29854000000.0,0.2539858093277297,199718000000.0,73691000000.0,57336000000.0,74193000000.0,123604000000.0,43361000000.0,84120000000.0,228323050000.0,268275050000.0,24.280395387149916,0.7727952771824835,0.23281326670605554,0.6309725746699054,0.027800104393644245,24.280395387149916,0.04123977147819951,1.942480560140205,18.782745146429747,3.0983844702880954,0.5097071405067456,2.022278083992528,0.006784247144561182,0.5885398411760583,0.15900421872683407,0.015216455201834587,67.25273932253313,0.2539858093277297,-0.180327868852459,-0.08778917264023764,0.16819075312841805,0.2002184889912717,-0.10059349862922906,-0.1911099281341496,-0.15600322320709106,-0.0990089185864332,0.08916413014941656,0.0740274502880866,Discount Stores,Consumer Defensive,WMT
2017Q4,2017,Q4,2017-03-31,2017-01-31,3757000000.0,130936000000.0,6205000000.0,1.22,33193000000.0,0.25350552941895277,198825000000.0,77798000000.0,57689000000.0,66928000000.0,118290000000.0,43046000000.0,89354000000.0,204558099999.99997,243629099999.99997,25.382707993474714,0.8619561319627062,0.23104740349553626,0.5904779043163063,0.03359486380113706,25.382707993474714,0.04829172986452094,1.562275462821531,13.611797977109395,2.629349083523998,0.4083044982698962,2.270663940900432,0.007499091945026866,0.6585489752294732,0.1897860387281855,0.018896014082736074,23.44236763694705,0.25350552941895277,0.24489795918367346,-0.18661539205268757,0.18826836115319312,0.21939504431948909,0.08138133246457077,0.23829927488464073,0.21215081070521585,-0.10369880307178816,0.06712067539667896,0.07848631432506818,Discount Stores,Consumer Defensive,WMT
2017Q3,2017,Q3,2016-12-01,2016-10-31,3034000000.0,118179000000.0,5119000000.0,0.98,30695000000.0,0.25973311671278315,206857000000.0,77693000000.0,63401000000.0,74130000000.0,126382000000.0,49822000000.0,87636000000.0,216291780000.0,260357780000.0,25.151505341534477,0.8552677728315122,0.241737045398512,0.6436229776170311,0.026943056627013483,25.151505341534477,0.03905113716808464,1.8302048587312467,17.8223286090969,2.783928796674089,0.510547132498352,1.755931114768576,0.00716162213839102,0.5713077149915159,0.15220558478348847,0.014667137201061603,115.47879337960491,0.25973311671278315,-0.19008264462809915,0.014286984138813907,0.19571473499365682,0.29009924961044425,-0.021486180624183112,-0.19586535913066525,-0.16966747769667478,-0.1441924182202298,0.07708963822253175,0.11616166252064626,Discount Stores,Consumer Defensive,WMT
2017Q2,2017,Q2,2016-08-31,2016-07-31,3773000000.0,120854000000.0,6165000000.0,1.21,31369000000.0,0.2595611233389048,197886000000.0,76525000000.0,58232000000.0,68122000000.0,118742000000.0,43453000000.0,85972000000.0,229382020000.0,269197020000.0,24.614023801865553,0.8548192947946331,0.23999171240006872,0.6205945769356419,0.032778898694458616,24.614023801865553,0.049304148970924534,1.8980093335760504,15.1989146567718,2.9974782097353803,0.4134640869334747,2.059351483211746,0.006800881777917903,0.6107253671305701,0.19011479404597634,0.019066533256521433,36.248738938053094,0.2595611233389048,0.2346938775510204,0.10853122314056438,0.23406403410041082,0.25785447138071566,0.06842643051771118,0.22539785644689833,0.16872037914691942,-0.022341135199095793,0.08960126340686198,0.1259230267860521,Discount Stores,Consumer Defensive,WMT
2017Q1,2017,Q1,2016-06-03,2016-04-30,3079000000.0,115904000000.0,5275000000.0,0.98,29360000000.0,0.25331308669243513,198705000000.0,75183000000.0,59097000000.0,70282000000.0,120947000000.0,44513000000.0,84145000000.0,210239280000.0,252664280000.0,23.9131679389313,0.840855411058308,0.25174001660753376,0.6653365787478552,0.02726184564025583,23.9131679389313,0.04095340702020404,1.8139087520706791,17.070418967197142,2.7963672638761423,0.510880155894771,1.9442410082447825,0.00748195104168926,0.5832968470848746,0.18189579124100055,0.015495332276490274,52.77090361445783,0.25331308669243513,-0.3146853146853147,0.007561627540505497,0.23734170019901923,0.2864096896046943,-0.10126117301334639,-0.3268473983384346,-0.20581150255947003,-0.14567808275368632,0.06572400511450671,0.12367958784341714,Discount Stores,Consumer Defensive,WMT
2016Q4,2016,Q4,2016-03-30,2016-01-31,4574000000.0,129667000000.0,6642000000.0,1.43,32668000000.0,0.25193765568726045,199581000000.0,80546000000.0,60239000000.0,64619000000.0,115970000000.0,44469000000.0,90021000000.0,215055000000.0,256384000000.0,25.281230382925298,0.9322180782741918,0.2506952064575285,0.6211854095796191,0.037788061086225476,25.281230382925298,0.05678742581878678,1.6585175873583873,11.754208570179273,2.6699649889504133,0.3423699169217315,2.181272347028267,0.0072818581293157564,0.6496961133574839,0.22174592612080038,0.02291801323773305,23.55476451259584,0.25193765568726045,0.3883495145631067,-0.15866196727592063,0.24132636133462046,0.30902346924516183,0.09031439823776784,0.38438256658595643,0.1624081204060203,-0.1446501920751665,0.06266188231059802,0.10605175954534796,Discount Stores,Consumer Defensive,WMT
2016Q3,2016,Q3,2015-12-02,2015-10-31,3304000000.0,117408000000.0,5714000000.0,1.03,29962000000.0,0.2551955573725811,205144000000.0,79571000000.0,65112000000.0,70492000000.0,122514000000.0,50706000000.0,87903000000.0,183740400000.0,229212400000.0,24.78847352024922,0.9236792827554899,0.2557325585929883,0.6593105528396024,0.027350527617017117,24.78847352024922,0.04152266529263174,1.5649734260016352,13.902875302663439,2.3091377511907605,0.47548426150121065,1.724569084526486,0.008550106563390523,0.5723199313652849,0.17026045508710208,0.01610575985649105,106.57795823665893,0.2551955573725811,-0.046296296296296335,0.08350360304490838,0.29761368369795416,0.3683313044294761,-0.006993006993006993,-0.04920863309352518,-0.05849398582962597,-0.04745263897637626,0.07997663407846319,0.12853290552460211,Discount Stores,Consumer Defensive,WMT
2016Q2,2016,Q2,2015-09-09,2015-07-31,3475000000.0,120229000000.0,6069000000.0,1.08,30173000000.0,0.2509627460928728,198620000000.0,78871000000.0,58132000000.0,65262000000.0,116496000000.0,45007000000.0,84959000000.0,231847580000.0,275151580000.0,24.486494877367278,0.8907480616591584,0.24697915617762561,0.6219649807914189,0.03009540165444873,24.486494877367278,0.04405928668331833,1.928383168786233,16.67968201438849,2.9395795666341242,0.45410071942446045,2.000933188170729,0.006806195691151919,0.6053217198670828,0.1689497716894977,0.017495720471251638,82.36148490230906,0.2509627460928728,0.04854368932038839,0.10885909660566667,0.33003430341334117,0.39996419061890065,0.06456620682355432,0.04010775217000898,0.06848591549295775,-0.09092286550785364,0.10514136000346128,0.17906455313200248,Discount Stores,Consumer Defensive,WMT
2016Q1,2016,Q1,2015-06-05,2015-04-30,3341000000.0,114826000000.0,5680000000.0,1.03,28343000000.0,0.2468343406545556,200747000000.0,76574000000.0,62133000000.0,69624000000.0,120757000000.0,46310000000.0,82492000000.0,252179550000.0,294651550000.0,23.699783348808417,0.8924077904170975,0.25022042670625216,0.655979836498028,0.029240170657835664,23.699783348808417,0.043630997466502994,2.1961885809834008,18.87006510026938,3.2932790503303995,0.47261299012271774,1.8674800259123299,0.00626141175999402,0.5719936038894728,0.19493278179937953,0.01664283899634864,112.42958091841284,0.2468343406545556,-0.32679738562091504,0.17123349277699015,0.34007433174004803,0.34525900146638266,-0.1265639445300462,-0.32722513089005234,-0.2854447100264184,-0.057974333690476144,0.07197007519622346,0.17151791421738719,Discount Stores,Consumer Defensive,WMT
2015Q4,2015,Q4,2015-04-01,2015-01-31,4966000000.0,131565000000.0,7949000000.0,1.53,32450000000.0,0.24664614449131608,203706000000.0,81394000000.0,63278000000.0,65272000000.0,117769000000.0,45141000000.0,85777000000.0,274485400000.0,315731400000.0,25.19938080495356,0.9694509131020959,0.24732212109608948,0.6189768287588766,0.04159041497260796,25.19938080495356,0.06101186819667297,2.086310188880021,13.818233991139751,3.3723050839128192,0.3113169552960129,2.195675771471611,0.00563235785947085,0.6458572648817413,0.24379519548964335,0.024378270644949095,29.955844155844154,0.24664614449131608,0.3304347826086958,0.26296205692530644,0.3637012778760287,0.35526500675413486,0.09060966592727028,0.3381837779574239,0.2687948922585794,0.020209648433213573,0.13298403685922022,0.2105879357466296,Discount Stores,Consumer Defensive,WMT
2015Q3,2015,Q3,2014-12-01,2014-10-31,3711000000.0,119001000000.0,6265000000.0,1.15,29754000000.0,0.2500315123402324,207889000000.0,79109000000.0,65841000000.0,71560000000.0,123836000000.0,51501000000.0,80814000000.0,246275830000.0,295239830000.0,24.499535459894705,0.9200810508664058,0.26784485951637654,0.7038642885133171,0.03099861761308411,24.499535459894705,0.04690995967589023,2.069527398929421,16.590934384263,3.113120251804472,0.41632983023443815,1.732917807421215,0.0062734536312394115,0.572425669467841,0.17899664617104527,0.017850872340527877,559.7177954545455,0.2500315123402324,-0.08730158730158738,0.3664239954158875,0.4276496461339079,0.39386170452745706,-0.011987381703470032,-0.0933300757390667,-0.07047477744807122,0.18682338118356356,0.15182829947674117,0.2566576784738212,Discount Stores,Consumer Defensive,WMT
2015Q2,2015,Q2,2014-09-05,2014-07-31,4093000000.0,120125000000.0,6740000000.0,1.26,30115000000.0,0.2506971904266389,203985000000.0,77746000000.0,59632000000.0,67152000000.0,121162000000.0,45451000000.0,77172000000.0,237663400000.0,285654400000.0,24.069969040247678,0.8880152489873719,0.26558325367061303,0.6968204151982096,0.0329365851328514,24.069969040247678,0.05264579528207239,1.978467429760666,14.516454923039335,3.056921256399043,0.37796237478622036,1.9803744692085983,0.00650920587688302,0.5888913400495135,0.1836132952108649,0.02006520087261318,79.08931780366056,0.2506971904266389,0.13513513513513503,0.43248336430507867,0.43402889740513034,0.39768758261108705,0.06616866104935212,0.13915947676036738,0.08832552882286453,0.15750018530238502,0.1806692884386446,0.23005155219587492,Discount Stores,Consumer Defensive,WMT
2015Q1,2015,Q1,2014-06-06,2014-04-30,3593000000.0,114960000000.0,6193000000.0,1.11,28246000000.0,0.2457028531663187,202746000000.0,73088000000.0,59687000000.0,67942000000.0,124547000000.0,45315000000.0,73366000000.0,257702429999.99997,307235430000.0,22.60686668728735,0.8784993082334933,0.27396348140037285,0.7599742775831874,0.03102888576672362,22.60686668728735,0.04915991681260946,2.2416704070981206,17.930867659337597,3.5259198500437825,0.4305594210965767,1.9135826988855786,0.006003047778788893,0.5670148856204315,0.17821082688175208,0.01772168131553767,68.13919354838708,0.2457028531663187,-0.1838235294117647,0.4415945096306846,0.4790492086456967,0.4240317111112856,-0.10994170474239798,-0.18912209433536448,-0.15707091329794473,0.14339418800693474,0.19347908622495885,0.21613716896046323,Discount Stores,Consumer Defensive,WMT
2014Q4,2014,Q4,2014-03-21,2014-01-31,4431000000.0,129706000000.0,7347000000.0,1.36,31735000000.0,0.24466871231862827,204751000000.0,76255000000.0,61185000000.0,69345000000.0,123412000000.0,44858000000.0,76566000000.0,241963200000.00003,291323200000.0,23.535493827160494,0.882327492969933,0.27663356955521584,0.7427840797324765,0.03613850592532024,23.535493827160494,0.05810766507114288,1.8654742263272326,13.651726472579554,3.17307979804603,0.341683592868427,2.1840251460163183,0.006257149847580128,0.6334816435572964,0.20128343788304853,0.021640919946666927,38.236915297092295,0.24466871231862827,0.19298245614035106,0.4151986638537272,0.43964567779040437,0.41461710619250625,0.09427261128926588,0.1853932584269663,0.16434231378763867,-0.1985491890503449,0.22100472034427007,0.2186318985817833,Discount Stores,Consumer Defensive,WMT
2014Q3,2014,Q3,2013-12-06,2013-10-31,3738000000.0,115688000000.0,6310000000.0,1.14,29001000000.0,0.25068287117073507,209876000000.0,73393000000.0,67142000000.0,77021000000.0,131354000000.0,49673000000.0,72888000000.0,249974750000.0,303060750000.0,22.53392692661959,0.8717362797159216,0.29456440946082446,0.8423419127164716,0.030799284161356785,22.53392692661959,0.050931287724987395,2.1607664580596087,16.71848247726057,3.405975365498072,0.4101123595505618,1.7451533025989974,0.006132619394558851,0.5512207208065715,0.19399903922306902,0.017810516686043186,-182.33023340627278,0.25068287117073507,-0.08064516129032265,0.4377111572016383,0.4155060477190595,0.35157489050094765,-0.016581892166836216,-0.08134676824772671,-0.07110260562343589,0.2081389667387838,0.26015310401027214,0.24387964431259898,Discount Stores,Consumer Defensive,WMT
2014Q2,2014,Q2,2013-10-21,2013-07-31,4069000000.0,116945000000.0,6793000000.0,1.24,29490000000.0,0.2521698234212664,200969000000.0,71661000000.0,60002000000.0,72214000000.0,124283000000.0,42793000000.0,70791000000.0,255487320000.0,303696320000.0,21.861195851128738,0.8308915168803833,0.2847454084958377,0.7985515133754763,0.03473483267009292,21.861195851128738,0.05678123386500328,2.1846792936850656,15.69718112558368,3.5652212500523297,0.379208650774146,2.043675367466642,0.006039438669598163,0.5819056670431758,0.20788212811920126,0.020246903751324832,78.39439091745935,0.2521698234212664,0.08771929824561413,0.4198175948639559,0.37084655412806694,0.2911894604629658,0.04723011363636364,0.0753171247357294,0.052199504337050805,0.27582474188322603,0.27120924034889543,0.24986820322636832,Discount Stores,Consumer Defensive,WMT
2014Q1,2014,Q1,2013-06-07,2013-04-30,3784000000.0,114187000000.0,6456000000.0,1.14,28160000000.0,0.2466130119891056,202187000000.0,70249000000.0,60176000000.0,73552000000.0,126346000000.0,43138000000.0,68489000000.0,256553720000.0,304782720000.0,21.28112693123296,0.8181422666956711,0.2823326920128396,0.812595197084656,0.03289345951804629,21.28112693123296,0.053865535452461956,2.246785711158013,16.94990221987315,3.652062235761363,0.4093551797040169,1.9942278269738978,0.006037721846325206,0.5647593564373575,0.2045627583206439,0.018715347673193626,133.20546209761164,0.2466130119891056,-0.31736526946107785,0.5009879083229095,0.4362519030526984,0.33179533871404127,-0.1142147148564059,-0.3250089190153407,-0.24930232558139534,0.29840317505799036,0.30435782838263137,0.20797001154988173,Discount Stores,Consumer Defensive,WMT
2013Q4,2013,Q4,2013-03-26,2013-01-31,5606000000.0,127919000000.0,8600000000.0,1.67,31791000000.0,0.2485244568828712,203105000000.0,76343000000.0,59940000000.0,71818000000.0,121367000000.0,43803000000.0,72978000000.0,233633000000.0,279988000000.0,22.857185628742513,0.8346097078726782,0.2665419364368184,0.7091154395294919,0.04648507674505082,22.857185628742513,0.07343174881783529,1.8264135898498268,10.418881555476275,3.060306773378044,0.23671066714234748,2.1945528845056277,0.005679848309100169,0.6298170896826765,0.20258152552284941,0.02760148691563477,40.93797091291397,0.2485244568828712,0.5462962962962962,0.6214842288080091,0.4107080631528394,0.39991771193867826,0.11892862170913698,0.5422283356258597,0.40614780902550685,0.37877289462525743,0.28224197178493227,0.2292978178824472,Discount Stores,Consumer Defensive,WMT
2013Q3,2013,Q3,2012-12-04,2012-10-31,3635000000.0,113929000000.0,6116000000.0,1.08,28412000000.0,0.24938338789948125,205818000000.0,73891000000.0,63431000000.0,76845000000.0,127217000000.0,47487000000.0,70256000000.0,252367280000.0,301181280000.0,21.965219976218787,0.8254408224347712,0.2791641158693603,0.7775913169398168,0.031198802056261875,21.965219976218787,0.049194083176570896,2.215127667231346,17.356759284731773,3.415399439715256,0.3675378266850069,1.8008507591551373,0.005293871693668054,0.5535424501258394,0.18491769145682868,0.01766123468306951,276.415421686747,0.24938338789948125,-0.08474576271186429,0.5321469848759975,0.49208488552480273,0.41062962513137985,-0.007926254408324312,-0.09487051792828685,-0.08689160943565244,0.2847274356561804,0.3119502735559532,0.2496758971814583,Discount Stores,Consumer Defensive,WMT
2013Q2,2013,Q2,2012-09-06,2012-07-31,4016000000.0,114296000000.0,6698000000.0,1.18,28639000000.0,0.25056869881710647,195661000000.0,70278000000.0,56259000000.0,68315000000.0,120960000000.0,40558000000.0,67732000000.0,251871120000.00003,298559120000.0,20.7677304964539,0.8235233843226232,0.2791716284798708,0.7772418110930874,0.03510322183429176,20.7677304964539,0.057144483337602095,2.2036739693427596,15.679228087649404,3.5839255528045766,0.3351593625498008,2.1119631145519997,0.005344002917047416,0.5841532037554751,0.19468637927248775,0.020525296303300095,83.56706038487062,0.25056869881710647,0.08256880733944941,0.6490835239321661,0.4895577672226943,0.3677107294810053,0.028995400977292324,0.07322287546766434,0.04869265695944888,0.3415711630628737,0.30234996285574317,0.20593420728423673,Discount Stores,Consumer Defensive,WMT
2013Q1,2013,Q1,2012-06-01,2012-04-30,3742000000.0,113018000000.0,6387000000.0,1.09,27832000000.0,0.24626165743509884,197100000000.0,68964000000.0,57276000000.0,68978000000.0,123165000000.0,41284000000.0,65463000000.0,200824190000.0,247333190000.0,20.229979466119097,0.8303517063411523,0.2771486555048199,0.7920944260773737,0.03347719012383817,20.229979466119097,0.05426019372426193,1.7769221716894654,13.416902057723142,2.912014819326025,0.36130411544628543,2.0634143978296677,0.0067322567067244245,0.573404363267377,0.1984835744730204,0.018985286656519534,65.65027459954233,0.24626165743509884,-0.27333333333333326,0.6010784491408093,0.5814832579464779,0.3918641878677191,-0.08986265533028123,-0.27522758086383886,-0.23973336507558624,0.4238636039339166,0.3789934053738273,0.27430893778320875,Discount Stores,Consumer Defensive,WMT
2012Q4,2012,Q4,2012-03-27,2012-01-31,5163000000.0,123169000000.0,8401000000.0,1.5,30580000000.0,0.2482767579504583,193406000000.0,71315000000.0,54975000000.0,62300000000.0,117645000000.0,40714000000.0,68691000000.0,210219360000.0,257096360000.0,20.815820198482196,0.8824237560192616,0.2762427225628988,0.7491691789946014,0.04531207558956372,20.815820198482196,0.07239711140713735,1.7067554335912445,10.179128413712958,2.947757975180537,0.24171993027309704,2.2741317482929704,0.005936655881741815,0.6368416698551235,0.20043338683788123,0.026695138723721083,28.50818551668023,0.2482767579504583,0.5625000000000001,0.5770184454791969,0.4957010996908132,0.3935135669553799,0.1065677582775466,0.5476618705035972,0.42922762844504936,0.5594642975902812,0.29286928629882736,0.2511492449849756,Discount Stores,Consumer Defensive,WMT
2012Q3,2012,Q3,2011-12-08,2011-10-31,3336000000.0,110226000000.0,5878000000.0,0.96,27635000000.0,0.25071217317148403,195039000000.0,67163000000.0,59271000000.0,67339000000.0,123648000000.0,44135000000.0,64769000000.0,195400400000.0,247573400000.0,19.49579100145138,0.8801883009845706,0.30371361625110876,0.8819737057606123,0.02969613239039422,19.49579100145138,0.04967020532138231,1.7727251283726162,14.643315347721822,2.9093459196283664,0.37739808153477217,1.8713266115327971,0.006443180259610523,0.5651485087597865,0.17552978214704704,0.017104271453401626,-293.393993993994,0.25071217317148403,-0.11926605504587166,0.5251577627382205,0.5792091321448213,0.3831484554064769,0.0014132482968546166,-0.122336227308603,-0.07911640294532352,0.21307295467979473,0.2750757787120652,0.1693488522361552,Discount Stores,Consumer Defensive,WMT
2012Q2,2012,Q2,2011-09-01,2011-07-31,3801000000.0,109366000000.0,6383000000.0,1.09,27596000000.0,0.2523270486257155,193656000000.0,67941000000.0,55414000000.0,64624000000.0,120808000000.0,38651000000.0,62779000000.0,182696640000.0,231672640000.0,19.568260368663594,0.85748328794256,0.29473912504647415,0.8401112730162935,0.03365287187121514,19.568260368663594,0.05594559985870093,1.6705067388402246,12.01635359116022,2.6890484390868545,0.3333333333333333,2.1155985614861192,0.006934993440492393,0.5647436691865989,0.2068426590740282,0.019627587061593753,41.036981132075475,0.2523270486257155,0.12371134020618568,1.1905672649559411,0.5368090726716728,0.4468266021533715,0.06089497155159157,0.11827007943512798,0.08259837177747625,0.252195002759098,0.21037166309098554,0.15576163900974477,Discount Stores,Consumer Defensive,WMT
2012Q1,2012,Q1,2011-06-03,2011-04-30,3399000000.0,104189000000.0,5896000000.0,0.97,26012000000.0,0.24966167253740798,186065000000.0,65006000000.0,55958000000.0,62051000000.0,118073000000.0,38335000000.0,60330000000.0,192265060000.0,238531060000.0,18.589076351158134,0.9018065784596542,0.2991750194824389,0.8563209549887703,0.03157602954957291,18.589076351158134,0.05228748115558564,1.8453489331887243,14.141295969402766,2.957650986062825,0.3748161223889379,2.0393113342898137,0.006626268964314162,0.5599602289522478,0.22860227877068862,0.01826780963641738,-463.28930120481925,0.24966167253740798,-0.4294117647058823,0.548842793959969,0.5428600387191606,0.4529144531506911,-0.10923909321279364,-0.4387384412153236,-0.263368315842079,0.272703160333893,0.23704561983844727,0.16332397788285205,Discount Stores,Consumer Defensive,WMT
2011Q4,2011,Q4,2011-03-30,2011-01-31,6056000000.0,116360000000.0,8004000000.0,1.7,29202000000.0,0.250962530079065,180663000000.0,68542000000.0,51893000000.0,58484000000.0,109416000000.0,36318000000.0,63967000000.0,198992430000.0,241461430000.0,19.313045928430544,0.8873025100882292,0.27600560158970017,0.7274955501736162,0.045504784275278334,19.313045928430544,0.08835458550961454,1.7101446373324167,8.214680894980184,2.9032189022788946,0.17767503302509907,2.3998568203094885,0.005407240868408913,0.644072112164638,0.213460091648998,0.033520975517953314,24.880273818454615,0.250962530079065,0.7894736842105263,0.9801038239441943,0.5158683305524037,0.5135593158633479,0.12117023727251786,0.7625145518044237,0.42648369274639103,0.6484886807903637,0.20766442450232078,0.1828523207466515,Discount Stores,Consumer Defensive,WMT
2011Q3,2011,Q3,2010-12-06,2010-10-31,3436000000.0,101952000000.0,5611000000.0,0.95,26046000000.0,0.2554731638418079,186890000000.0,65525000000.0,59568000000.0,68407000000.0,118870000000.0,41059000000.0,61451000000.0,196439270000.0,242617270000.0,18.115841857893283,0.8707880772435569,0.30388998876344375,0.8667531476535674,0.03143699989164386,18.115841857893283,0.05243800076306753,1.9267819169805398,14.292729190919674,2.997928576879054,0.32043073341094297,1.8487055213229742,0.005604785641893293,0.5455187543474771,0.21912962123759264,0.018385146342768475,-129.3214417379855,0.2554731638418079,-0.020618556701030948,0.6666290117876853,0.5395908171341824,0.5115285335575448,-0.005991680341945579,-0.04449388209121246,-0.09353796445880452,0.3469660488830357,0.24183093371533476,0.16341849690587507,Discount Stores,Consumer Defensive,WMT
2011Q2,2011,Q2,2010-09-01,2010-07-31,3596000000.0,103726000000.0,6190000000.0,0.97,26203000000.0,0.25261747295759984,176944000000.0,64646000000.0,53045000000.0,65655000000.0,110048000000.0,34793000000.0,61746000000.0,189198240000.0,228236240000.0,17.490800865800868,0.8079354199984768,0.2782405732887241,0.7615784425950561,0.03465996231326673,17.490800865800868,0.05562602481205334,1.8240194358212984,13.153381535038932,2.926681310521919,0.3125695216907675,2.2281205989710573,0.005940858646465211,0.5862080658287367,0.22429365623334094,0.020322813997648972,31.246612716763007,0.25261747295759984,0.10227272727272724,0.4481426179287141,0.5114660048628701,0.5302297440271289,0.0420759594352754,0.08182912154031288,0.07241857241857241,0.3519699022747803,0.23769130799675228,0.1519003492199717,Discount Stores,Consumer Defensive,WMT
2011Q1,2011,Q1,2010-06-04,2010-04-30,3324000000.0,99848000000.0,5772000000.0,0.88,25145000000.0,0.2518327858344684,174371000000.0,66329000000.0,51674000000.0,64512000000.0,105769000000.0,35503000000.0,62486000000.0,201954600000.0,240395600000.0,17.61726427622842,0.8009982638888888,0.2692936325421085,0.707940719745511,0.032334172489052626,17.61726427622842,0.050113826531381446,2.022620382982133,15.189124548736464,3.0447406111957065,0.3417569193742479,2.1041320451792807,0.005625026614892654,0.5726181532479598,0.1976531498015873,0.019062802874331167,-127.0154716981132,0.2518327858344684,-0.2727272727272727,0.5167688449776675,0.5642687583001327,0.5783898065286548,-0.11273817925194073,-0.2823834196891192,-0.20473959768531275,0.2877509071992284,0.26508111288211345,0.2121040100584791,Discount Stores,Consumer Defensive,WMT
2010Q4,2010,Q4,2010-03-30,2010-01-31,4632000000.0,113651000000.0,7258000000.0,1.21,28340000000.0,0.2493598824471408,170706000000.0,70749000000.0,48331000000.0,55561000000.0,97777000000.0,33160000000.0,66638000000.0,203491400000.0,236904400000.0,18.593692509855455,0.8698727524702579,0.24205358921186132,0.5840365234844309,0.04498867930332658,18.593692509855455,0.06547089004791587,1.790493704410872,10.982912348877376,2.876244187196992,0.22409326424870465,2.572708082026538,0.005100952669252853,0.6657703888556934,0.21689674411907633,0.027134371375347088,19.361693625118935,0.2493598824471408,0.44047619047619047,0.6267184538276369,0.524837614709366,0.591508055949244,0.10677185034757479,0.4300710095708552,0.29769354550330773,0.27390163862236816,0.2426515229947051,0.24475339070086208,Discount Stores,Consumer Defensive,WMT
2010Q3,2010,Q3,2009-12-08,2009-10-31,3239000000.0,99411000000.0,5593000000.0,0.84,25606000000.0,0.2575771292915271,172934000000.0,67688000000.0,51948000000.0,59179000000.0,103292000000.0,38775000000.0,64105000000.0,191317680000.0,232667680000.0,17.576733316021812,0.877811385795637,0.2738212265951172,0.6995774731119253,0.030961958333781472,17.576733316021812,0.04785190875783004,1.924512176720886,14.766724297622723,2.826463774967498,0.32417412781722754,1.903417150225661,0.005488253882233988,0.5748493644974383,0.16524442792206695,0.01872968878300392,-321.0028187919463,0.2575771292915271,-0.0454545454545455,0.5607446952797482,0.5810399008134665,0.6611082013671195,-0.0058624839849361335,-0.0589773387565369,-0.049132947976878616,0.32469343255378835,0.2741065527682671,0.24699898225915856,Discount Stores,Consumer Defensive,WMT
2010Q2,2010,Q2,2009-09-09,2009-07-31,3442000000.0,100910000000.0,5882000000.0,0.88,25757000000.0,0.25524725002477455,168942000000.0,67008000000.0,49025000000.0,57196000000.0,100120000000.0,33861000000.0,63153000000.0,194083080000.0,231328080000.0,17.221279876638395,0.8571403594656969,0.26779604834795373,0.6751731136580706,0.03338422017180938,17.221279876638395,0.051367000955109834,1.923328510553959,14.09667925624637,2.8964165472779375,0.30854154561301567,2.21945601134048,0.005471883484124427,0.5973055841649797,0.2042275683614239,0.020373856116300267,60.89836209601506,0.25524725002477455,0.14285714285714285,0.4228433992652089,0.5693165393944661,0.7020104161409724,0.07977697660769682,0.13898080741230973,0.12746789342534023,0.7700603569200214,0.2652905932234569,0.27329692978480147,Discount Stores,Consumer Defensive,WMT
2010Q1,2010,Q1,2009-06-05,2009-04-30,3022000000.0,94242000000.0,5217000000.0,0.77,23854000000.0,0.25311432270113116,162090000000.0,62231000000.0,47746000000.0,56399000000.0,98176000000.0,34391000000.0,61556000000.0,197568000000.0,234161000000.0,15.875255102040816,0.8465752938881895,0.26633968782775,0.6937217785348139,0.03173775115443445,15.875255102040816,0.048561006572287124,2.0963901445215507,16.344142951687623,3.174752133181212,0.35307743216412973,2.0466982640807188,0.005400672173631358,0.5814177308902462,0.17613787478501391,0.018643963230304154,204.94605809128632,0.25311432270113116,-0.19791666666666663,0.5283118510562119,0.5774560475902537,0.608350920351153,-0.10035828776164435,-0.2030590717299578,-0.18190371648110396,0.2284576813516994,0.24496952394816848,0.24080331639351918,Discount Stores,Consumer Defensive,WMT
2009Q4,2009,Q4,2009-01-31,2009-01-31,3792000000.0,109116000000.0,6377000000.0,0.96,26515000000.0,0.2429982770629422,163429000000.0,65285000000.0,48949000000.0,55390000000.0,98144000000.0,34511000000.0,63660000000.0,184898880000.0,219841880000.0,16.637359836901123,0.8837154721068785,0.2583262456479572,0.6466722830665543,0.038320118716578803,16.637359836901123,0.058083786474687905,1.6945166611679314,12.19006329113924,2.8321801332618515,0.24578059071729957,2.3934687490944917,0.005040592998724492,0.6676660812952414,0.20184148763314677,0.023202736356460602,19.16249144989118,0.2429982770629422,0.1999999999999999,0.5250104802718014,0.588039840355503,0.6376870719495087,0.08100945857795173,0.2084130019120459,0.20502645502645503,0.12136610639749226,0.2856513346156415,0.30386636400231287,Discount Stores,Consumer Defensive,WMT
2009Q3,2009,Q3,2008-12-09,2008-10-31,3138000000.0,98642000000.0,5292000000.0,0.8,24528000000.0,0.24865675878429067,167843000000.0,65539000000.0,52856000000.0,60600000000.0,102304000000.0,40416000000.0,59809000000.0,219389110000.0,260539110000.0,16.672348003052658,0.8722112211221122,0.28044064989305484,0.7181983246616518,0.02962918953525077,16.672348003052658,0.04787988831077679,2.2240943006021774,17.478418578712557,3.347458917591053,0.2982791586998088,1.8337787015043547,0.004266392256206336,0.5877039852719506,0.15132013201320133,0.018696043326203653,-75.39144673539519,0.24865675878429067,-0.08045977011494247,0.716989368379698,0.7364517864954393,0.7244802710166862,-0.01986013986013986,-0.09017106407654392,-0.08711402449542867,0.4005034614582596,0.3706194687360415,0.39108797292989134,Discount Stores,Consumer Defensive,WMT
2009Q2,2009,Q2,2008-09-04,2008-07-31,3449000000.0,102667000000.0,5797000000.0,0.87,25025000000.0,0.24374920860646557,166895000000.0,66793000000.0,49534000000.0,54904000000.0,100102000000.0,35382000000.0,57883000000.0,231255900000.0,268911900000.0,16.93105196451204,0.9021929185487396,0.2670121932951856,0.6671806925875466,0.03311029911009901,16.93105196451204,0.05163714760528798,2.252485219203834,16.76253261815019,3.4622774841675024,0.27196288779356337,2.1943926290204057,0.004056112730529254,0.6151592318523622,0.18455850211277866,0.020665688007429822,63.340427280197204,0.24374920860646557,0.14473684210526314,0.566104518139143,0.8018668813467568,0.7402485209333172,0.06866806166460264,0.1412971542025149,0.09171374764595104,0.30127714180498794,0.4016080399873911,0.481258606312478,Discount Stores,Consumer Defensive,WMT
2009Q1,2009,Q1,2008-06-09,2008-04-30,3022000000.0,95303000000.0,5310000000.0,0.76,23417000000.0,0.24571104792084195,167483000000.0,63230000000.0,50295000000.0,61102000000.0,104253000000.0,35541000000.0,55257000000.0,229426860000.0,269426860000.0,15.979277230224918,0.8231318123793002,0.2870261459371996,0.7602720227739996,0.030101774970548577,15.979277230224918,0.0477937687806421,2.4073414268176236,18.979720383851753,3.6284494701882015,0.3110522832561218,2.022621760783321,0.004097166303893101,0.5690308867168609,0.18539491342345585,0.018043622337789507,182.37429252782195,0.24571104792084195,-0.2621359223300971,0.7999094782615428,0.8459967702571977,0.7434106948200618,-0.10296877992721701,-0.26220703125,-0.22830983868623747,0.3120541965914154,0.42061862285190793,0.4316370521792492,Discount Stores,Consumer Defensive,WMT
2008Q4,2008,Q4,2008-03-31,2008-01-31,4096000000.0,107428000000.0,6881000000.0,1.03,26105000000.0,0.2429999627657594,163514000000.0,64608000000.0,47585000000.0,58454000000.0,98906000000.0,35180000000.0,57319000000.0,200896890000.0,239998890000.0,16.327520849128128,0.8140589181236528,0.27319373264674585,0.6914159237246161,0.04024042097476614,16.327520849128128,0.0633977216443784,1.870060784897792,12.261773071289065,3.1094739041604758,0.214599609375,2.3116259238203525,0.004375378832395066,0.6569957312523699,0.1577821877031512,0.025049842826913905,29.145058755258958,0.2429999627657594,0.4714285714285716,0.7952035388732551,0.6633819002266994,0.8204872370611885,0.1521825484397758,0.43367168358417924,0.3839501206757844,0.38322363639209983,0.38597831883586403,0.3975374149751746,Discount Stores,Consumer Defensive,WMT
2008Q3,2008,Q3,2007-11-29,2007-10-31,2857000000.0,91949000000.0,4972000000.0,0.7,22657000000.0,0.2464083350553024,165064000000.0,63079000000.0,50912000000.0,60349000000.0,101985000000.0,39555000000.0,55519000000.0,183145710000.0,225632710000.0,15.571216983460873,0.8436262406999288,0.28738549895797993,0.7520252381933765,0.028480855957035884,15.571216983460873,0.045292411103536837,1.9918183993300633,16.026050927546375,2.9034339479065934,0.3136156807840392,1.7517886487169763,0.0048922794860988,0.5570505985557117,0.1328936684949212,0.017308437939223573,-166.95142206016408,0.2464083350553024,-0.027777777777777804,0.7131568382247226,0.6913400536218998,0.8094929629870813,0.010435713330062883,-0.03218157181571816,-0.06064613640657472,0.3087070299870874,0.3901660357919526,0.4715747102401867,Discount Stores,Consumer Defensive,WMT
2008Q2,2008,Q2,2007-09-10,2007-07-31,2952000000.0,93012000000.0,5293000000.0,0.72,22423000000.0,0.24107642024684986,156949000000.0,62286000000.0,46387000000.0,55250000000.0,94663000000.0,34184000000.0,55414000000.0,188486900000.0,225434900000.0,15.184300341296929,0.8395837104072398,0.27424195120708,0.6910381145040619,0.03187361514137162,15.184300341296929,0.04739427800789905,2.0264793790048596,15.962643970189703,3.0261519442571365,0.30589430894308944,2.064971916686169,0.00479078386879937,0.5926256299817138,0.16038009049773755,0.018808657589408025,202.45639097744362,0.24107642024684986,0.058823529411764594,0.5671256367917418,0.6700809953601632,0.0,0.06275178918432153,0.044585987261146494,0.09134020618556701,0.15751909852146354,0.37208464267887037,0.5006920233471653,Discount Stores,Consumer Defensive,WMT
2008Q1,2008,Q1,2007-06-01,2007-04-30,2826000000.0,86410000000.0,4850000000.0,0.68,21099000000.0,0.24417312811017244,155422000000.0,59911000000.0,47579000000.0,54700000000.0,95511000000.0,35200000000.0,53956000000.0,197526240000.0,233163240000.0,14.53444929645803,0.8698171846435101,0.27151883259770176,0.7043781609387257,0.030057962043019627,14.53444929645803,0.0471699687870341,2.285918759402847,17.474012738853503,3.2969945419038242,0.3213021939136589,1.8554261363636364,0.004596857612436707,0.5559701972693698,0.17343692870201097,0.018182754050263154,-150.7833893129771,0.24417312811017244,-0.2842105263157894,0.8476056546517655,0.6840707198009172,0.0,-0.10266660996044741,-0.28255902513328257,-0.24595771144278608,0.3591511529916495,0.3754818307204873,0.4725114495798128,Discount Stores,Consumer Defensive,WMT
2007Q4,2007,Q4,2007-03-27,2007-01-31,3939000000.0,99078000000.0,6432000000.0,0.95,23513000000.0,0.23731807262964533,151193000000.0,61573000000.0,46588000000.0,51754000000.0,89620000000.0,33685000000.0,55818000000.0,196578180000.0,228223180000.0,14.937651625424552,0.9001816284731615,0.2580675031251447,0.6336868432592208,0.04160349524051764,14.937651625424552,0.06397284524060871,1.9840749712347847,12.476401370906322,3.1926035762428335,0.17364813404417365,2.2432833605462372,0.0034795316550392317,0.6553081161164869,0.19733740387216447,0.026052793449432184,33.603107692307695,0.23731807262964533,0.5079365079365079,0.9435127204103088,0.6522814596406151,0.0,0.13578398222393973,0.4880997355496789,0.44053751399776037,0.508035244769909,0.3726859834755349,0.47037746325500357,Discount Stores,Consumer Defensive,WMT
2007Q3,2007,Q3,2006-11-30,2006-10-31,2647000000.0,84467000000.0,4465000000.0,0.63,20702000000.0,0.24508979838280037,151119000000.0,58763000000.0,49623000000.0,58163000000.0,92356000000.0,38531000000.0,53738000000.0,,,,,,,,,,,,,,,,,,,,,,,,,,,,,,,Discount Stores,Consumer Defensive,WMT
2007Q2,2007,Q2,2006-08-30,2006-07-31,2083000000.0,85430000000.0,5104000000.0,0.5,20845000000.0,0.24400093643919,144788000000.0,56372000000.0,46172000000.0,54139000000.0,88416000000.0,32087000000.0,51091000000.0,,,,,,,,,,,,,,,,,,,,,,,,,,,,,,,Discount Stores,Consumer Defensive,WMT
2007Q1,2007,Q1,2006-06-02,2006-04-30,2615000000.0,80468000000.0,4451000000.0,0.63,19617000000.0,0.24378634985335787,140485000000.0,53314000000.0,43532000000.0,51865000000.0,87171000000.0,32206000000.0,49020000000.0,,,,,,,,,,,,,,,,,,,,,,,,,,,,,,,Discount Stores,Consumer Defensive,WMT
