Quarters,Year,Quarter,FillingDate,Date,NetIncome,Revenue,OperatingIncome,EPSDiluted,GrossProfit,GrossProfitRatio,TotalAssets,CommonStockEquity,CurrentAssets,CurrentLiability,TotalLiability,Inventory,RetainedEarnings,MarketCap,EnterpriseValue,bookValuePerShare,currentRatio,debtToAssets,debtToEquity,roic,shareholdersEquityPerShare,roe,priceToSalesRatio,peRatio,pbRatio,payoutRatio,inventoryTurnover,dividendYield,assetTurnover,quickRatio,returnOnAssets,priceToFreeCashFlowsRatio,grossProfitMargin,epsdilutedGrowth,fiveYNetIncomeGrowthPerShare,fiveYRevenueGrowthPerShare,fiveYShareholdersEquityGrowthPerShare,grossProfitGrowth,netIncomeGrowth,operatingIncomeGrowth,threeYNetIncomeGrowthPerShare,threeYRevenueGrowthPerShare,threeYShareholdersEquityGrowthPerShare,Industry,Sector,Symbol
2023Q1,2023,Q1,2023-05-05,2023-03-31,997000000.0,5252000000.0,2037000000.0,1.17,3458000000.0,0.6584158416,105325000000.0,28356000000.0,9605000000.0,12762000000.0,76969000000.0,1746000000.0,4486000000.0,46740760000.0,93004760000.0,33.91866028708134,0.752624980410594,0.45626394493235223,1.6947383269854706,0.021840909860386327,33.91866028708134,0.035160107208350964,8.89961157654227,11.720351053159478,1.6483551981943856,0.0,1.0274914089347078,0.0,0.04986470448611441,0.36256072715875254,0.009465938760977925,98.19487394957983,0.6584158415841584,28.146171693735496,0.5488100410479704,0.1840420913052842,0.2526007518031506,3.433333333333333,28.694444444444443,13.977941176470589,4.702309941520467,0.1712235437347818,-0.07470477599975335,Utilities—Regulated Electric,Utilities,D
2022Q4,2022,Q4,2023-02-21,2022-12-31,-36000000.0,4913000000.0,136000000.0,-0.0431,780000000.0,0.1587624669,104243000000.0,27881000000.0,9850000000.0,13450000000.0,76362000000.0,1729000000.0,4065000000.0,51202200000.0,96727200000.0,33.39041916167665,0.7323420074349443,0.4381876960563299,1.6383200028693374,0.00031544462906230795,33.39041916167665,-0.0012912018937627776,10.421778953796052,-355.5708333333333,1.8364549334672358,-15.444444444444445,2.390399074609601,0.010858908406279419,0.04713026294331514,0.26096654275092934,-0.0003453469297698646,-39.0558352402746,0.15876246692448606,-1.0473626373626375,-1.0211954140499488,0.1822653757904751,0.2563773398250751,-0.6146245059288538,-1.0462724935732648,-0.8731343283582089,-1.0358070776187962,0.10182156357675713,-0.1254244152814581,Utilities—Regulated Electric,Utilities,D
2022Q3,2022,Q3,2022-11-04,2022-09-30,778000000.0,4386000000.0,1072000000.0,0.91,2024000000.0,0.4614683083,103535000000.0,28573000000.0,8699000000.0,12172000000.0,74962000000.0,1766000000.0,4684000000.0,57540986000.0,101371986000.0,34.31779966370406,0.7146730200460072,0.42491910947988604,1.5397053162076086,0.012748470131660382,34.31779966370406,0.02722850243236622,13.119239854081167,18.490034061696658,2.013823749693767,0.7159383033419023,1.3374858437146093,0.009680056577410752,0.04236248611580625,0.2142622412093329,0.007514367122229198,-79.69665650969529,0.46146830825353397,2.6545454545454543,-0.09279389157977823,0.06985793836972255,0.36097282851887547,0.21707757065544198,2.7212389380530975,-0.3991031390134529,-0.22083556606737006,0.003220993293493884,-0.04731369505595159,Utilities—Regulated Electric,Utilities,D
2022Q2,2022,Q2,2022-08-08,2022-06-30,-452000000.0,3596000000.0,1784000000.0,-0.55,1663000000.0,0.462458287,103678000000.0,28297000000.0,11388000000.0,13166000000.0,75381000000.0,1584000000.0,4483000000.0,65316504000.0,108928504000.0,34.576001955034215,0.8649551876044357,0.42327205385906363,1.5508357776442732,0.01963351795594696,34.576001955034215,-0.01597342474467258,18.163655172413794,-36.126384955752215,2.3082483655511186,-1.2278761061946903,1.2203282828282829,0.008497086739363759,0.034684311039950615,0.36411970226340573,-0.004359651999459866,-47.991553269654666,0.4624582869855395,-1.6626506024096386,-1.8908018792641048,-0.017444145579506444,0.452576008975328,-0.13249869587897756,-1.653179190751445,0.8278688524590164,-8.889959498479417,-0.14619385699564927,-0.03697455395655658,Utilities—Regulated Electric,Utilities,D
2022Q1,2022,Q1,2022-05-05,2022-03-31,692000000.0,4279000000.0,976000000.0,0.83,1917000000.0,0.4480018696,100852000000.0,27520000000.0,8383000000.0,10581000000.0,73332000000.0,1512000000.0,5516000000.0,68876682000.0,110189682000.0,33.95016037503084,0.7922691617049428,0.41404235910046405,1.5173328488372093,0.010505551675855998,33.95016037503084,0.025145348837209303,16.096443561579807,24.88319436416185,2.502786409883721,0.7817919075144508,1.562169312169312,0.007854617619356288,0.04242850910244715,0.2787071165296286,0.006861539681910125,-138.58487323943663,0.44800186959569993,-0.17821782178217827,-0.1515793895442351,-0.020207465327903996,0.42951637269939463,0.010010537407797681,-0.1591737545565006,-0.49742533470648814,1.9956771309560093,0.08517908193368917,0.0006270093068103117,Utilities—Regulated Electric,Utilities,D
2021Q4,2021,Q4,2022-02-24,2021-12-31,823000000.0,3880000000.0,1942000000.0,1.01,1898000000.0,0.4891752577,99590000000.0,27308000000.0,7269000000.0,8673000000.0,72282000000.0,1631000000.0,5373000000.0,63633600000.0,103931600000.0,33.71358024691358,0.8381182981667243,0.4074806707500753,1.4860480445290758,0.022464066006263703,33.71358024691358,0.030137688589424345,16.40041237113402,19.329769137302556,2.33021825106196,0.6196840826245443,1.2152053954629063,0.008014633778381233,0.03895973491314389,0.32872131903608903,0.008263881915855005,-48.353799392097265,0.48917525773195875,0.2784810126582278,0.39623416268201084,-0.025211428754310622,0.4496493252353117,0.29733424470266573,0.25840978593272174,1.309155766944114,0.07945340035823645,-0.02943347989465225,0.1418385710522777,Utilities—Regulated Electric,Utilities,D
2021Q3,2021,Q3,2021-11-05,2021-09-30,654000000.0,3176000000.0,841000000.0,0.79,1463000000.0,0.46064231738035266,99804000000.0,26906000000.0,9298000000.0,13223000000.0,72572000000.0,1593000000.0,4562000000.0,59146200000.0,100471200000.0,33.217283950617286,0.7031687211676624,0.4158650955873512,1.5425927302460418,0.011616824099327877,33.217283950617286,0.024306846056641643,18.62285894206549,22.609403669724767,2.198253177729874,0.7798165137614679,1.0753295668549905,0.00862270103573856,0.031822371848823694,0.16932617409059972,0.006552843573403871,-323.20327868852456,0.46064231738035266,1.393939393939394,-0.2659932663123993,-0.21470989193510231,0.39298678213912536,-0.031125827814569535,1.2947368421052632,1.3168044077134986,-0.3807355364732413,-0.25579631597211033,0.17798164524387236,Utilities—Regulated Electric,Utilities,D
2021Q2,2021,Q2,2021-08-06,2021-06-30,285000000.0,3038000000.0,363000000.0,0.33,1510000000.0,0.4970375246872943,97963000000.0,26550000000.0,6923000000.0,11676000000.0,71079000000.0,1538000000.0,4434000000.0,59341561999.99999,98810562000.0,32.91594346640218,0.592925659472422,0.4053469166930372,1.4956308851224105,0.006638363865306621,32.91594346640218,0.010734463276836158,19.53310138248848,52.05400175438596,2.235087080979284,1.7824561403508772,0.9934980494148244,0.008560610521172329,0.0310117085021896,0.18970537855429942,0.002909261660014495,-108.28752189781021,0.4970375246872943,-0.7317073170731707,-0.5187765097239806,-0.1075394737068149,0.42176921119261757,-0.17845484221980412,-0.7172619047619048,-0.5865603644646925,-0.48792030936864406,-0.20631255458368716,0.1857404448960931,Utilities—Regulated Electric,Utilities,D
2021Q1,2021,Q1,2021-05-04,2021-03-31,1008000000.0,3870000000.0,878000000.0,1.23,1838000000.0,0.4749354005167959,96703000000.0,26699000000.0,6662000000.0,11836000000.0,69665000000.0,1476000000.0,4673000000.0,61216163999.99999,99441164000.0,33.12942052363817,0.5628590740114904,0.40021509156903096,1.4495673995280722,0.011037226305161888,33.12942052363817,0.037754223004606915,15.818130232558138,15.182580357142857,2.2928260983557434,0.503968253968254,1.3766937669376693,0.008298461824559933,0.040019440968739335,0.21603582291314632,0.01042366834534606,493.6787419354838,0.4749354005167959,0.5000000000000001,0.42407000281322194,-0.019197641971086355,0.5345506431989542,0.06488991888760139,0.4780058651026393,0.02570093457943925,0.6243838051823072,-0.09493762565204526,0.22345448503805712,Utilities—Regulated Electric,Utilities,D
2020Q4,2020,Q4,2021-02-25,2020-12-31,682000000.0,3521000000.0,856000000.0,0.82,1726000000.0,0.4902016472593013,95905000000.0,26117000000.0,6886000000.0,10843000000.0,69444000000.0,1550000000.0,4189000000.0,60611200000.0,97453200000.0,32.403225806451616,0.635064096652218,0.38594442416975133,1.417237814450358,0.010823381401895359,32.403225806451616,0.026113259562736916,17.214200511218404,22.21818181818182,2.320756595321055,0.749266862170088,1.1580645161290322,0.008430785069426112,0.036713414316250456,0.2470718435857235,0.007111203795422553,-50.76314907872697,0.4902016472593013,1.0,0.41404869640163744,0.01965530431000663,0.5265133067063357,-0.12651821862348178,0.9157303370786517,30.703703703703702,-0.5840173545966229,-0.12222003200296838,0.21923233258437128,Utilities—Regulated Electric,Utilities,D
2020Q3,2020,Q3,2020-11-06,2020-09-30,356000000.0,3607000000.0,27000000.0,0.41,1976000000.0,0.5478236761851955,104535000000.0,26336000000.0,19829000000.0,17560000000.0,76469000000.0,1565000000.0,4035000000.0,64406880000.00001,102391880000.0,32.27450980392157,1.1292141230068338,0.36732194958626296,1.4580042527339003,0.02335712299564371,32.27450980392157,0.013517618469015795,17.85607984474633,45.22955056179776,2.4455832320777646,2.205056179775281,1.0421725239616613,0.012188138906899387,0.03450518964939972,0.1474373576309795,0.0034055579470990576,357.81600000000003,0.5478236761851955,1.2907801418439715,-0.5625483582977879,-0.11533624052111602,0.5240171163764107,-0.012,1.3045337895637297,-0.95,-0.5764325147279965,-0.10226144679699507,0.2799401863564099,Utilities—Regulated Electric,Utilities,D
2020Q2,2020,Q2,2020-08-05,2020-06-30,-1169000000.0,3585000000.0,540000000.0,-1.41,2000000000.0,0.5578800557880056,103728000000.0,28871000000.0,6124000000.0,9537000000.0,72844000000.0,1735000000.0,4480000000.0,68191200000.00001,108072200000.0,34.37023809523809,0.6421306490510643,0.3909841122936912,1.404731391361574,0.005182875605355597,34.37023809523809,-0.04049045755256139,19.021255230125526,-14.583233532934134,2.3619271933774377,-0.6749358426005133,0.9135446685878963,0.011570407911871326,0.034561545580749656,0.3091118800461361,-0.01126985963288601,1363.824,0.5578800557880056,-3.1470588235294112,-2.993149717514124,-0.08102020385875498,0.636612126334997,-0.15110356536502548,-3.3296296296296295,-0.14421553090332806,-3.2446236556837604,-0.04563817440708941,0.44393164209211494,Utilities—Regulated Electric,Utilities,D
2020Q1,2020,Q1,2020-05-05,2020-03-31,-270000000.0,4496000000.0,631000000.0,-0.34,2356000000.0,0.5240213523131673,104126000000.0,30726000000.0,6536000000.0,10448000000.0,71374000000.0,1677000000.0,6455000000.0,60509658000.0,99041658000.0,36.6571224051539,0.6255742725880551,0.38149933734129804,1.292846449261212,0.008284052206628846,36.6571224051539,-0.008787346221441126,13.458553825622776,-56.02746111111111,1.9693307947666472,-2.9185185185185185,1.2760882528324389,0.013022714489643952,0.04317845686956188,0.3461906584992343,-0.002593012312006607,353.857649122807,0.5240213523131673,-1.259253836956787,-1.3533090631310163,-0.07497151805063011,0.7942487937715409,0.04850912327547842,-1.267591674925669,-0.4832104832104832,-1.3201310674773248,-0.004417887480376995,0.5434965866244662,Utilities—Regulated Electric,Utilities,D
2019Q4,2019,Q4,2020-02-28,2019-12-31,1009000000.0,4475000000.0,1221000000.0,1.311456,2247000000.0,0.502122905027933,103823000000.0,31994000000.0,6088000000.0,9939000000.0,69790000000.0,1742000000.0,7576000000.0,69403160000.0,107134160000.0,38.178997613365155,0.612536472482141,0.3650154590023405,1.1845033443770707,0.015280392431791542,38.178997613365155,0.031537163218103396,15.509086033519553,17.196025768087214,2.169255485403513,0.7522299306243806,1.2789896670493686,0.010936101468578666,0.04310220278743631,0.2828252339269544,0.009718463153636477,-889.7841025641026,0.502122905027933,0.12090256410256413,1.9130258208354203,0.06674893785423437,0.9424866029335678,-0.03188280913399397,0.03487179487179487,-0.07077625570776255,0.6545907469592602,0.08670769678136837,0.6416576858057731,Utilities—Regulated Electric,Utilities,D
2019Q3,2019,Q3,2019-11-01,2019-09-30,975000000.0,4269000000.0,1314000000.0,1.17,2321000000.0,0.5436870461466385,102359000000.0,29286000000.0,6269000000.0,12191000000.0,72402000000.0,1800000000.0,7336000000.0,65885520000.00001,106780520000.0,36.02214022140221,0.5142318103518989,0.40321808536621107,1.4093082018712013,0.01760763705290364,36.02214022140221,0.033292358123335385,15.433478566408997,16.893723076923077,2.249727514853514,0.7743589743589744,1.0822222222222222,0.011459270565064978,0.04170615187721646,0.22254121893199902,0.009525298215105657,652.3318811881189,0.5436870461466385,22.399999999999995,0.32190863496536665,0.0038730869275905968,0.81495808892246,0.3509895227008149,17.055555555555557,1.8503253796095445,0.0902381746350072,0.05164766335482333,0.5106101169310969,Utilities—Regulated Electric,Utilities,D
2019Q2,2019,Q2,2019-08-01,2019-06-30,54000000.0,3970000000.0,461000000.0,0.05,1718000000.0,0.4327455919395466,100822000000.0,27697000000.0,5727000000.0,9503000000.0,72441000000.0,1724000000.0,7124000000.0,59438571395.549995,101019571395.54999,35.903518538464915,0.602651794170262,0.41620876396024675,1.5150738347113406,0.0037784407579830835,35.903518538464915,0.0019496696393111166,14.971932341448362,275.1785712756944,2.1460292232209266,13.62962962962963,1.3062645011600929,0.012382531792396045,0.039376326595385924,0.26075976007576557,0.0005355973894586499,1857.4553561109374,0.4327455919395466,1.058139534883721,-0.7438176099205696,0.06456801154585783,0.8061949889800929,0.3256172839506173,1.0794117647058823,1.9564315352697095,-0.9046637167611947,0.2194226334719143,0.5508143427083219,Utilities—Regulated Electric,Utilities,D
2019Q1,2019,Q1,2019-05-03,2019-03-31,-680000000.0,3858000000.0,-482000000.0,-0.86,1296000000.0,0.3359253499222395,100054000000.0,26909000000.0,5975000000.0,9776000000.0,72455000000.0,1657000000.0,7806000000.0,60822839000.0,103171839000.0,33.92888664733325,0.6111906710310966,0.4274791612529234,1.5894682076628637,-0.008268403935074503,33.92888664733325,-0.02527035564309339,15.76538076723691,-22.36133786764706,2.260315842283251,-1.0779411764705882,1.5461677730838865,0.012051394049528008,0.03855917804385632,0.29265548281505727,-0.006796329981809823,359.89845562130176,0.3359253499222395,-1.9136659998321406,-2.3157281021102527,-0.22061499440942584,0.6867288207615198,-0.1534944480731548,-2.060842433697348,-1.5779376498800959,-1.9761867866070046,-0.006458606888038132,0.5715818147359485,Utilities—Regulated Electric,Utilities,D
2018Q4,2018,Q4,2019-02-28,2018-12-31,641000000.0,3361000000.0,834000000.0,0.941263,1531000000.0,0.4555191907170485,77914000000.0,20107000000.0,5161000000.0,7647000000.0,55866000000.0,1418000000.0,9219000000.0,48664259999.99999,83571260000.0,29.525697503671072,0.6749051915783968,0.45145930128089945,1.749390759437012,0.013193025867562101,29.525697503671072,0.03187944496941364,14.479101457899432,18.97982059282371,2.420264584473069,0.858034321372855,1.2905500705218618,0.01130192876661435,0.04313730523397592,0.3070485157578135,0.008227019534358395,-600.7933333333333,0.4555191907170485,-0.2759515384615385,0.2701588696846114,-0.09876850231790439,0.4750168070894259,-0.1737722611980572,-0.24941451990632318,-0.2747826086956522,0.5729899595667928,0.15197697852968683,0.39095318467231227,Utilities—Regulated Electric,Utilities,D
2018Q3,2018,Q3,2018-11-02,2018-09-30,854000000.0,3451000000.0,1150000000.0,1.3,1853000000.0,0.5369458128078818,79082000000.0,18470000000.0,5702000000.0,9212000000.0,58656000000.0,1455000000.0,9128000000.0,45915500000.0,83829500000.0,28.198473282442748,0.6189752496743378,0.4833463999393035,2.069518137520303,0.015642852774482425,28.198473282442748,0.04623714131023281,13.304984062590554,13.441305620608897,2.4859501894964806,0.639344262295082,1.0982817869415809,0.011891409219109016,0.04363824890619863,0.21504559270516718,0.010798917579221568,207.76244343891403,0.5369458128078818,0.884057971014493,0.32764754021384784,-0.11052269613338325,0.4533175075473518,0.3515681983953319,0.9020044543429844,0.5498652291105122,0.30733468068946873,0.05444980871066609,0.3315448073173807,Utilities—Regulated Electric,Utilities,D
2018Q2,2018,Q2,2018-08-02,2018-06-30,449000000.0,3088000000.0,742000000.0,0.69,1371000000.0,0.44397668393782386,78075000000.0,18064000000.0,4610000000.0,8918000000.0,58039000000.0,1429000000.0,8820000000.0,44366405818.840004,81986405818.84,27.75982181267893,0.5169320475442925,0.48427793788024337,2.0931133746678476,0.011215163446376256,27.75982181267893,0.024856067316209034,14.367359397292747,24.70289856282851,2.4560676383325957,1.2138084632516704,1.2015395381385585,0.01228406921726727,0.03955171309638168,0.2055393586005831,0.005750880563560679,177.46562327536,0.44397668393782386,-0.10389610389610399,0.9746980188344222,-0.07940895397941702,0.45850704261653097,-0.12786259541984732,-0.1073558648111332,-0.152,-0.0117796615011551,0.02182407484210002,0.32184306892606557,Utilities—Regulated Electric,Utilities,D
2018Q1,2018,Q1,2018-05-04,2018-03-31,503000000.0,3466000000.0,875000000.0,0.77,1572000000.0,0.4535487593768032,77354000000.0,17689000000.0,4281000000.0,9339000000.0,57312000000.0,1367000000.0,8924000000.0,44048428554.79,81295428554.79001,27.078588479413384,0.4584002569868294,0.4839568735941257,2.1163434903047094,0.012631174507120044,27.078588479413384,0.028435751031714626,12.70872145262262,21.892857134587477,2.490159339408107,1.0815109343936382,1.3855157278712509,0.012350043301166604,0.044806991235100964,0.2077310204518685,0.006502572588360007,341.4606864712403,0.4535487593768032,-0.6572464335823712,-0.10306666632786478,-0.13161303957054044,0.43665017641054077,-0.03970678069639585,-0.6166158536585366,-0.12848605577689243,-0.15544216386008655,-0.08498596068489993,0.325410221217811,Utilities—Regulated Electric,Utilities,D
2017Q4,2017,Q4,2018-02-27,2017-12-31,1312000000.0,3210000000.0,1004000000.0,2.246512,1637000000.0,0.509968847352025,76585000000.0,17142000000.0,4334000000.0,9636000000.0,57215000000.0,1477000000.0,7936000000.0,52283700000.0,89487700000.0,26.57674418604651,0.4497716894977169,0.48735392048051185,2.1773422004433556,0.03963206403995153,26.57674418604651,0.0765371601913429,16.287757009345793,9.962595274390244,3.0500350017500875,0.3780487804878049,1.064996614759648,0.009486704269208186,0.041914212965985506,0.19779991697799917,0.017131292028465105,-105.19859154929577,0.509968847352025,1.1810796116504854,2.7797677947559727,-0.09390884190893006,0.45005210992377154,-0.1136978884677856,0.9729323308270676,-0.16333333333333333,3.921203304941461,-0.005834893993630927,0.3521824237972086,Utilities—Regulated Electric,Utilities,D
2017Q3,2017,Q3,2017-11-01,2017-09-30,665000000.0,3179000000.0,1200000000.0,1.03,1847000000.0,0.5810003145643284,75391000000.0,16280000000.0,3994000000.0,8559000000.0,56889000000.0,1527000000.0,7119000000.0,49668398061.240005,86175398061.24,25.21563909622763,0.4666432994508704,0.4872464883076229,2.2563882063882064,0.016275133311113518,25.21563909622763,0.040847665847665846,15.623906279094056,18.672330098210526,3.0508844017960692,0.7308270676691729,0.8722986247544204,0.009784893795060052,0.042166836890345,0.20224325271643884,0.008820681513708533,-801.1031945361291,0.5810003145643284,0.6612903225806452,1.8278181816480878,-0.17170520589645294,0.22429630338597167,0.2862116991643454,0.7051282051282052,0.49812734082397003,0.13533648386365618,-0.058653939659728455,0.27047776350214564,Utilities—Regulated Electric,Utilities,D
2017Q2,2017,Q2,2017-08-03,2017-06-30,390000000.0,2813000000.0,801000000.0,0.62,1436000000.0,0.5104870245289727,73902000000.0,14973000000.0,3911000000.0,9502000000.0,56697000000.0,1469000000.0,6938000000.0,48202741930.54,84980741930.54001,23.803230771672126,0.41159755840875606,0.5011772347162459,2.473652574634342,0.011613101874436564,23.803230771672126,0.02604688439190543,17.13570633862069,30.899193545217944,3.2193108883016093,1.2179487179487178,0.9373723621511232,0.009854211212392721,0.038063922491948794,0.17417385813512945,0.005277259072826175,-150.16430507956386,0.5104870245289727,-0.38613861386138615,0.37457364355183476,-0.16215045302030107,0.14454001356728788,-0.1946158160403814,-0.3829113924050633,-0.288,1.269044025389955,-0.074928205033326,0.19746693058148274,Utilities—Regulated Electric,Utilities,D
2017Q1,2017,Q1,2017-05-04,2017-03-31,632000000.0,3384000000.0,1125000000.0,1.01,1783000000.0,0.5268912529550828,72852000000.0,14917000000.0,4285000000.0,7842000000.0,55671000000.0,1453000000.0,7023000000.0,48721716999.99999,84349717000.0,23.749402961311894,0.5464167304259118,0.49571734475374735,2.4209961788563383,0.01565712892671553,23.749402961311894,0.04236776831802641,14.39767050827423,19.27283109177215,3.266187370114634,0.75,1.101858224363386,0.009728721177868178,0.04645033767089442,0.2621780158122928,0.008675122165486191,-649.6228933333332,0.5268912529550828,0.3879212375310393,0.16202904847019511,-0.11979673602437073,0.13771386257691126,0.260961810466761,0.38293216630196936,0.37362637362637363,0.5440930662016662,-0.13678429370487666,0.18066952408744325,Utilities—Regulated Electric,Utilities,D
2016Q4,2016,Q4,2017-02-28,2016-12-31,457000000.0,3086000000.0,819000000.0,0.727707,1414000000.0,0.458198314970836,71610000000.0,14605000000.0,4248000000.0,8115000000.0,54770000000.0,1524000000.0,6854000000.0,48098520000.0,82932520000.0,23.256369426751593,0.5234750462107209,0.49008518363357073,2.4029441971927423,0.013830985915492958,23.256369426751593,0.0312906538856556,15.586040181464679,26.312100656455144,3.293291338582677,0.962800875273523,1.0971128608923884,0.009147890621166721,0.04309453986873342,0.2423906346272335,0.006381790252757995,-59.52787128712871,0.458198314970836,-0.33844818181818187,1.0654569509142187,-0.1178589466595583,0.15916117053658788,-0.16331360946745563,-0.33768115942028987,-0.2847161572052402,-0.01801764523327476,-0.10267195952364286,0.1618196580139776,Utilities—Regulated Electric,Utilities,D
2016Q3,2016,Q3,2016-11-09,2016-09-30,690000000.0,3132000000.0,1145000000.0,1.1,1690000000.0,0.5395913154533845,69599000000.0,14958000000.0,3799000000.0,9027000000.0,53407000000.0,1516000000.0,6837000000.0,46587545434.29,81071545434.29001,23.846086966889604,0.42084856541486654,0.4990732625468757,2.322168739136248,0.017509596605832043,23.846086966889604,0.04612916165262736,14.874695221676246,16.87954544720652,3.1145571222282387,0.6347826086956522,0.9511873350923483,0.009401654367427079,0.04500064656101381,0.18200952697463166,0.009913935545050935,-5823.44317928625,0.5395913154533845,0.5068493150684933,0.5978061231436778,-0.25242204634292853,0.16729383759860225,0.3192818110850898,0.5265486725663717,0.4660691421254802,0.12010544864165969,-0.15706020030240087,0.22900042595764428,Utilities—Regulated Electric,Utilities,D
2016Q2,2016,Q2,2016-08-03,2016-06-30,452000000.0,2598000000.0,781000000.0,0.73,1281000000.0,0.4930715935334873,61369000000.0,14252000000.0,4143000000.0,7266000000.0,45917000000.0,1351000000.0,6585000000.0,47973708000.00001,77168708000.0,23.151397011046132,0.5701899256812551,0.4818719548957943,2.0749368509682853,0.013409501196970292,23.151397011046132,0.03171484703901207,18.465630484988456,26.534130530973457,3.366103564412013,0.9557522123893806,0.9748334566987417,0.009004932451750445,0.042334077465821504,0.22791081750619324,0.007365282145708745,-57.31625806451614,0.4930715935334873,-0.17045454545454547,0.2530206689563415,-0.2756945574885366,0.13655916490872014,-0.08303507516105942,-0.13740458015267176,-0.1145124716553288,1.101316271978075,-0.18129538050943914,0.2163794067150568,Utilities—Regulated Electric,Utilities,D
2016Q1,2016,Q1,2016-05-05,2016-03-31,524000000.0,2921000000.0,882000000.0,0.88,1397000000.0,0.4782608695652174,59505000000.0,12880000000.0,3711000000.0,7518000000.0,45490000000.0,1304000000.0,6565000000.0,44816592000.0,73586592000.0,21.58900435802883,0.49361532322426177,0.48715234013948405,2.2506211180124223,0.01575514998849503,21.58900435802883,0.040683229813664595,15.342893529613146,21.38196183206107,3.4795490683229815,0.7958015267175572,1.1687116564417177,0.009304589693031544,0.04908831190656247,0.20563979781856878,0.008805982690530208,-146.93964590163935,0.4782608695652174,0.47061064425770294,0.06314067817843211,-0.30028447291202615,0.04808714115256776,0.25291479820627805,0.4677871148459384,0.3824451410658307,0.023098568656731516,-0.19867202823759852,0.14540116974967096,Utilities—Regulated Electric,Utilities,D
2015Q4,2015,Q4,2016-02-26,2015-12-31,357000000.0,2556000000.0,638000000.0,0.5983908816627557,1115000000.0,0.4362284820031299,58797000000.0,12664000000.0,4191000000.0,8120000000.0,45195000000.0,1348000000.0,6458000000.0,40354024000.0,68698024000.0,21.226952732148842,0.5161330049261084,0.49238906746942873,2.2860865445356917,0.01176341682554292,21.226952732148842,0.02819014529374605,15.7879593114241,28.25912044817927,3.186514845230575,1.0812324929971988,1.0689910979228487,0.00956534099300729,0.04347160569416807,0.24334975369458128,0.006071738353997653,-43.815444082519,0.4362284820031299,-0.40160911833724433,0.16425178922169723,-0.3368862421849816,0.02587206752520613,-0.3078833022967101,-0.3979763912310287,-0.43187889581478184,1.5235693207386114,-0.21998280753339544,0.15816246644180748,Utilities—Regulated Electric,Utilities,D
2015Q3,2015,Q3,2015-11-03,2015-09-30,593000000.0,2971000000.0,1123000000.0,1.0,1611000000.0,0.5422416694715584,56599000000.0,12592000000.0,4123000000.0,6746000000.0,43323000000.0,1310000000.0,6487000000.0,41847948000.0,68937948000.0,21.177262024890684,0.6111769937740883,0.48283538578420115,2.170266836086404,0.01864007328816926,21.177262024890684,0.047093392630241426,14.085475597441938,17.642473861720067,3.3233757941550186,0.6492411467116358,1.0381679389312977,0.00919997319820795,0.05249209349988516,0.24770234212866885,0.010477216911959575,1349.933806451613,0.5422416694715584,0.42857142857142866,0.014653621725968546,-0.25999182516062275,0.0029710398770280417,0.2929373996789727,0.4358353510895884,0.45278137128072443,1.7380668440204265,-0.159463511286914,0.028220760694049246,Utilities—Regulated Electric,Utilities,D
2015Q2,2015,Q2,2015-08-06,2015-06-30,413000000.0,2747000000.0,773000000.0,0.7,1246000000.0,0.4535857298871496,55942000000.0,12422000000.0,4452000000.0,6736000000.0,43087000000.0,1260000000.0,6278000000.0,39553605000.0,66268605000.0,21.000845308537617,0.6609263657957245,0.4823924779235637,2.172436000644019,0.013485523244011368,21.000845308537617,0.033247464176461114,14.398836912995996,23.942860169491528,3.184157543068749,0.9297820823244553,1.1912698412698413,0.009708343904430455,0.04910442958778735,0.2540083135391924,0.007382646312251976,-120.95903669724771,0.4535857298871496,-0.23076923076923084,-0.7659103051319013,-0.1773502963145004,0.020821593130298816,-0.17483443708609273,-0.2294776119402985,-0.22854291417165667,0.5480023852116876,-0.12989205357367817,0.009791822165729415,Utilities—Regulated Electric,Utilities,D
2015Q1,2015,Q1,2015-05-05,2015-03-31,536000000.0,3409000000.0,1002000000.0,0.91,1510000000.0,0.4429451452038721,55156000000.0,12011000000.0,5053000000.0,8021000000.0,42740000000.0,1227000000.0,6250000000.0,41664473000.0,67764473000.0,20.430345296819187,0.6299713252711632,0.4781891362680397,2.19590375489135,0.016800672324975452,20.430345296819187,0.04462575972025643,12.221904664124377,19.433056436567167,3.468859628673716,0.710820895522388,1.547677261613692,0.009144481438658782,0.06180651243745014,0.2464779952624361,0.009717891072594097,356.1066068376068,0.4429451452038721,1.2016008230452675,2.1433369894403027,-0.16540708674193805,0.10905475916766166,0.4007421150278293,1.205761316872428,0.5705329153605015,0.05290703960366714,-0.0526620076077958,-0.02128541507806309,Utilities—Regulated Electric,Utilities,D
2014Q4,2014,Q4,2015-02-27,2014-12-31,243000000.0,2943000000.0,638000000.0,0.4133356012927369,1078000000.0,0.3662928984029901,54327000000.0,11555000000.0,5615000000.0,7198000000.0,42370000000.0,1410000000.0,6095000000.0,45209510000.0,70846510000.0,19.654703180813062,0.7800777993887191,0.4777550757450255,2.2462137602769365,0.018907100963552574,19.654703180813062,0.0210298572046733,15.361709140332994,46.51184156378601,3.912549545651234,1.448559670781893,1.322695035460993,0.007785972464642947,0.05417195869457176,0.2710475131981106,0.0044729140206527145,-78.762212543554,0.3662928984029901,-0.5407382207858479,28.551114135056984,-0.07739740684448203,0.054166869751431056,-0.22889842632331903,-0.5406427221172023,-0.30727470141150925,0.17317393302241987,-0.10135418157512775,-0.02035574308458391,Utilities—Regulated Electric,Utilities,D
2014Q3,2014,Q3,2014-11-03,2014-09-30,529000000.0,3050000000.0,921000000.0,0.9,1398000000.0,0.4583606557377049,52279000000.0,11573000000.0,5446000000.0,7579000000.0,40706000000.0,1385000000.0,6202000000.0,40286379000.0,64954379000.0,19.847367518435945,0.718564454413511,0.4760228772547294,2.15034995247559,0.017672891971240206,19.847367518435945,0.04570984187332584,13.208648852459016,19.03893147448015,3.481066188542297,0.667296786389414,1.1927797833935019,0.008762266770116022,0.05834082518793397,0.22192901438184456,0.010118785745710514,-103.29840769230769,0.4583606557377049,2.333333333333333,-0.08987808687688638,-0.14557223265245942,0.04414640277531381,0.6722488038277512,2.3270440251572326,1.3375634517766497,0.317783381574204,-0.21684462072271152,-0.028448154659780987,Utilities—Regulated Electric,Utilities,D
2014Q2,2014,Q2,2014-07-30,2014-06-30,159000000.0,2813000000.0,394000000.0,0.27,836000000.0,0.29719161038037684,51499000000.0,11567000000.0,5561000000.0,7243000000.0,39932000000.0,1261000000.0,6023000000.0,41617488000.0,65616488000.0,19.877985908231654,0.767775783515118,0.4741451290316317,2.1110054465289183,0.007869598443796026,19.877985908231654,0.013746001556151119,14.794698897973694,65.43630188679245,3.597950030258494,2.207547169811321,1.5678033306899286,0.00843395449528333,0.05462241985281267,0.28386027888996274,0.003087438591040603,-72.37824,0.29719161038037684,-0.5846153846153846,-0.642677829652672,-0.16810343925820218,0.0718946624629549,-0.3274336283185841,-0.5804749340369393,-0.4869791666666667,-0.5336981071858198,-0.17033534676396547,-0.024140657553079665,Utilities—Regulated Electric,Utilities,D
2014Q1,2014,Q1,2014-04-30,2014-03-31,379000000.0,3630000000.0,768000000.0,0.65,1243000000.0,0.3424242424242424,50586000000.0,11699000000.0,5478000000.0,6351000000.0,38887000000.0,1013000000.0,6213000000.0,41287784000.0,64405784000.0,20.11519944979367,0.8625413320736892,0.4615110900249081,1.995555175656039,0.014776098481337105,20.11519944979367,0.03239593127617745,11.37404517906336,27.234686015831134,3.529172065988546,0.9313984168865436,2.3563672260612045,0.00854974439897283,0.07175898469932393,0.3464021413950559,0.007492191515439054,-112.50077384196186,0.3424242424242424,-0.12287703016241301,0.5379480132670719,-0.23543466069554234,0.09939548398209323,0.015522875816993464,-0.12064965197215777,-0.04477611940298507,-0.21121705869346097,-0.10801935554524106,-0.023462058026427934,Utilities—Regulated Electric,Utilities,D
2013Q4,2013,Q4,2014-02-28,2013-12-31,431000000.0,3185000000.0,804000000.0,0.7410591471801926,1224000000.0,0.3843014128728414,50096000000.0,11642000000.0,5940000000.0,6994000000.0,38454000000.0,1176000000.0,6183000000.0,37623704000.0,60083704000.0,20.017193947730398,0.8492993994852731,0.4546470776109869,1.9563648857584608,0.016442626825994754,20.017193947730398,0.037021130389967356,11.812779905808478,21.82349419953596,3.231721697302869,0.7679814385150812,1.6675170068027212,0.008797645229188493,0.06357793037368253,0.3076923076923077,0.008603481315873523,-58.51275894245723,0.3843014128728414,-0.24381719675490549,0.24281352104460388,-0.24009904985706765,0.16265392652640678,-0.17129316181448884,-0.24253075571177504,-0.22243713733075435,0.4418325286411937,-0.15239116130107785,-0.03259406094072816,Utilities—Regulated Electric,Utilities,D
2013Q3,2013,Q3,2013-11-05,2013-09-30,569000000.0,3432000000.0,1034000000.0,0.98,1477000000.0,0.43036130536130535,48488000000.0,11242000000.0,5210000000.0,6453000000.0,37246000000.0,1210000000.0,6079000000.0,36200912000.0,57738912000.0,19.402830514325164,0.8073764140709747,0.4501113677610955,1.9413805372709483,0.020708048671007596,19.402830514325164,0.05061376979185198,10.548051282051283,15.905497363796133,3.2201487279843444,0.5799648506151143,1.615702479338843,0.009115792441914171,0.07078039927404718,0.2927320626065396,0.011734862233954793,276.3428396946565,0.43036130536130535,1.8,0.11853220409927183,-0.1899642389983297,0.0727642365588667,0.4889112903225806,1.816831683168317,0.8868613138686131,-0.0008704656991490262,-0.1227415528067009,-0.08106736958547434,Utilities—Regulated Electric,Utilities,D
2013Q2,2013,Q2,2013-08-06,2013-06-30,202000000.0,2980000000.0,548000000.0,0.35,992000000.0,0.33288590604026846,48426000000.0,11003000000.0,5863000000.0,7377000000.0,37366000000.0,1154000000.0,5836000000.0,32512344000.0,54404344000.0,19.033039266562877,0.79476752067236,0.4559947135836121,2.0069072071253293,0.01168686409179862,19.033039266562877,0.018358629464691446,10.91018255033557,40.238049504950496,2.9548617649731894,1.6336633663366336,1.7227036395147313,0.010149991031098834,0.06153719076529137,0.2490172156703267,0.004171312931070086,-105.9034006514658,0.33288590604026846,-0.5930232558139535,-0.328037470317599,-0.14423321125483393,0.22900231867267948,-0.2883787661406026,-0.591919191919192,-0.410752688172043,-0.8828518612490486,-0.08688741214546988,-0.07483069463372936,Utilities—Regulated Electric,Utilities,D
2013Q1,2013,Q1,2013-04-25,2013-03-31,495000000.0,3523000000.0,930000000.0,0.86,1394000000.0,0.3956854953164916,47116000000.0,10868000000.0,5148000000.0,6972000000.0,36188000000.0,1039000000.0,5961000000.0,33552354000.0,54842354000.0,18.84842178286507,0.7383820998278829,0.45260633330503436,1.9621825542878175,0.018343500742137576,18.84842178286507,0.04554655870445344,9.52380187340335,16.945633333333333,3.087261133603239,0.6626262626262627,2.0490856592877766,0.009775767148856382,0.07477290092537567,0.2676419965576592,0.010505985227948043,226.70509459459458,0.3956854953164916,1.7524673748103186,-0.2724739418956969,-0.19776920453705762,0.14034670604093313,1.4638935108153077,1.7511380880121397,2.0426008968609866,1.959785065843769,-0.12059454190059794,0.02318054723923218,Utilities—Regulated Electric,Utilities,D
2012Q4,2012,Q4,2013-02-28,2012-12-31,-659000000.0,3167000000.0,-892000000.0,-1.1429066944155393,-3005000000.0,-0.9488474897379223,46838000000.0,10568000000.0,5140000000.0,7763000000.0,36213000000.0,1259000000.0,5790000000.0,29867880000.0,51105880000.0,18.3281304197017,0.6621151616643051,0.4587300909517913,2.033118849356548,-0.017149227030992007,18.3281304197017,-0.062358062074186225,9.43096937164509,-11.330758725341427,2.826256623769871,-0.4658573596358118,4.902303415409055,0.010278600289006116,0.06761603825953286,0.25312379234831894,-0.014069772407019942,-50.96907849829351,-0.9488474897379223,-4.174740817820942,-3.2027565092915804,-0.1431526867532373,0.12289745419138604,-2.4433237271853985,-4.15311004784689,-2.722007722007722,-75.18108066443132,0.012281486951689369,-0.01698297373455067,Utilities—Regulated Electric,Utilities,D
2012Q3,2012,Q3,2012-10-25,2012-09-30,209000000.0,3411000000.0,518000000.0,0.36,2082000000.0,0.6103781882145998,46886000000.0,11818000000.0,4653000000.0,6562000000.0,35008000000.0,1257000000.0,6753000000.0,30302378000.0,50922378000.0,20.596026490066226,0.7090825967692777,0.44151772384080534,1.751650025385006,0.009761595556606677,20.596026490066226,0.017684887459807074,8.88372266197596,36.24686363636364,2.5640868167202573,1.4688995215311005,1.0572792362768497,0.010131218084600489,0.07275092778228043,0.26821091130752817,0.0044576206116964555,216.44555714285715,0.6103781882145998,-0.20000000000000004,-0.9000717666284617,0.052873556678693985,0.41567682251684285,0.13522355507088332,-0.18992248062015504,-0.16045380875202594,-0.6345965170468482,-0.02895416177468758,0.08353246097205473,Utilities—Regulated Electric,Utilities,D
2012Q2,2012,Q2,2012-08-01,2012-06-30,258000000.0,3053000000.0,617000000.0,0.45,1834000000.0,0.6007206026858828,46416000000.0,11896000000.0,4712000000.0,6806000000.0,34463000000.0,1251000000.0,6847000000.0,30888000000.0,51400000000.0,20.797202797202797,0.6923302967969439,0.4454067562909342,1.7378950907868191,0.012267961489739755,20.797202797202797,0.021687962340282446,10.117261709793645,29.930232558139537,2.5965030262273032,1.186046511627907,0.9744204636290967,0.009906759906759908,0.06577473285074112,0.27034969144872173,0.005558428128231644,-151.41176470588235,0.6007206026858828,-0.4767441860465116,1.5934854618617234,-0.0021064374505521447,0.15316152308993378,-0.09162951956414066,-0.4777327935222672,-0.3256830601092896,-0.41015911401373956,-0.08150091213134693,0.12146224347859225,Utilities—Regulated Electric,Utilities,D
2012Q1,2012,Q1,2012-04-26,2012-03-31,494000000.0,3492000000.0,915000000.0,0.86,2019000000.0,0.5781786941580757,46093000000.0,11909000000.0,5019000000.0,6654000000.0,34124000000.0,1249000000.0,6891000000.0,29215305000.0,49349305000.0,20.87467134092901,0.7542831379621281,0.43969800186579305,1.701822151314132,0.01872156326799188,20.87467134092901,0.041481232681165506,8.366353092783505,14.785073380566802,2.4532122764295914,0.6174089068825911,1.179343474779824,0.010439733557462432,0.07575987677087627,0.2772768259693417,0.010717462521424078,45.50670560747663,0.5781786941580757,1.4409452736318409,0.33216476789462795,-0.0946882649613346,0.12227417899282275,0.17247386759581881,1.4577114427860696,1.6911764705882353,1.043610584942467,-0.25019045442355753,0.1409043921790783,Utilities—Regulated Electric,Utilities,D
2011Q4,2011,Q4,2012-02-28,2011-12-31,201000000.0,3178000000.0,340000000.0,0.3523225241016652,1722000000.0,0.5418502202643172,45614000000.0,11446000000.0,5430000000.0,6962000000.0,34111000000.0,1348000000.0,6697000000.0,30282140000.0,50867140000.0,20.063102541630148,0.7799482907210572,0.4535230411715701,1.8073562816704525,0.009522920362244421,20.063102541630148,0.017560719902149222,9.528678414096916,37.664353233830845,2.645652629739647,1.4228855721393034,1.0801186943620178,0.009444510856894527,0.06967159205507081,0.3069520252800919,0.004406541851186039,-67.14443458980044,0.5418502202643172,-0.4893876462294707,6.920699922365779,-0.013656925039902222,0.08281879946405969,-0.18620037807183365,-0.4872448979591837,-0.5918367346938775,-0.40912787003809553,-0.22701655481765268,0.16532042449301623,Utilities—Regulated Electric,Utilities,D
2011Q3,2011,Q3,2011-10-28,2011-09-30,392000000.0,3803000000.0,833000000.0,0.69,2116000000.0,0.5564028398632659,44030000000.0,11632000000.0,5267000000.0,5496000000.0,32398000000.0,1326000000.0,6778000000.0,28908438000.0,47959438000.0,20.428521250439058,0.9583333333333334,0.43749716102657277,1.65603507565337,0.017795112477747205,20.428521250439058,0.03370013755158184,7.601482513804891,18.43650382653061,2.485250859697387,0.7244897959183674,1.2722473604826545,0.009824121247920762,0.08637292754939814,0.37954876273653565,0.00890302066772655,222.3726,0.5564028398632659,0.1896551724137931,-0.25973766056657094,0.164596391422503,0.060367827113089315,0.12433581296493093,0.16666666666666666,0.1489655172413793,-0.21587857366090563,-0.08663520802559797,0.12947371194496315,Utilities—Regulated Electric,Utilities,D
2011Q2,2011,Q2,2011-07-29,2011-06-30,336000000.0,3341000000.0,725000000.0,0.58,1882000000.0,0.5633043998802754,43411000000.0,11680000000.0,4962000000.0,5514000000.0,31731000000.0,1194000000.0,6665000000.0,27678018000.0,46697018000.0,20.369724450645275,0.8998911860718172,0.43995761442952247,1.6351883561643836,0.01461442926177508,20.369724450645275,0.028767123287671233,8.284351391798863,20.593763392857145,2.3696933219178082,0.8541666666666666,1.2219430485762144,0.010369239589337647,0.07696206030729538,0.37685890460645627,0.007739973739374813,-60.96479735682819,0.5633043998802754,-0.2926829268292683,1.5477320635113205,0.146977965389485,0.15306543065273262,-0.16243880729862037,-0.2985386221294363,-0.24714434060228452,0.12688148947874794,-0.03270059558998577,0.3153148180882997,Utilities—Regulated Electric,Utilities,D
2011Q1,2011,Q1,2011-04-29,2011-03-31,479000000.0,4057000000.0,963000000.0,0.82,2247000000.0,0.5538575301947252,42777000000.0,11943000000.0,4932000000.0,4501000000.0,30834000000.0,1044000000.0,6612000000.0,25917060000.0,43872060000.0,20.598482235253535,1.0957564985558765,0.4241297893727938,1.5191325462614083,0.019495562908816502,20.598482235253535,0.04010717575148623,6.388232684249445,13.526649269311067,2.1700627982918865,0.6033402922755741,1.7337164750957854,0.011150956165552728,0.0948406854150595,0.475672072872695,0.01119760619024242,244.50056603773584,0.5538575301947252,0.5954228187919464,0.07291811404035749,-0.021054735381751136,0.24859550709657902,0.05,0.6073825503355704,0.3066485753052917,-0.29987546899032125,-0.08126952836244081,0.24622695931858107,Utilities—Regulated Electric,Utilities,D
2010Q4,2010,Q4,2011-02-28,2010-12-31,298000000.0,3746000000.0,737000000.0,0.5139703345981372,2140000000.0,0.5712760277629472,42817000000.0,11997000000.0,5400000000.0,5773000000.0,30820000000.0,1163000000.0,6418000000.0,24769056000.0,42348056000.0,20.69161779924112,0.9353888792655465,0.4120092486629143,1.4704509460698507,0.013687701808309947,20.69161779924112,0.02483954321913812,6.612134543513081,20.779409395973158,2.0646041510377593,0.9093959731543624,1.3809114359415304,0.010941070987929456,0.08748861433542751,0.39979213580460765,0.006959852395076722,-25.482567901234567,0.5712760277629472,-0.47554047489985996,0.3869329368372026,-0.12281902134184476,0.3468904932550877,-0.06427634455618715,-0.4817391304347826,-0.34137622877569257,-0.009410386997707732,0.007904945078423474,0.26769967355171054,Utilities—Regulated Electric,Utilities,D
2010Q3,2010,Q3,2010-10-29,2010-09-30,575000000.0,3950000000.0,1119000000.0,0.98,2287000000.0,0.5789873417721519,42229000000.0,12352000000.0,5995000000.0,4927000000.0,29877000000.0,1222000000.0,6386000000.0,25541099999.999996,41218100000.0,21.114529914529914,1.2167647655774305,0.38179923749082384,1.305294689119171,0.023875474795640953,21.114529914529914,0.04655116580310881,6.466101265822783,11.104826086956521,2.067770401554404,0.46956521739130436,1.3608837970540097,0.01057119701187498,0.09353761633001018,0.4609295717475137,0.013616235288545785,-67.74827586206895,0.5789873417721519,-0.6711409395973155,48.14529914529914,0.1095754960785635,0.5783810860059241,0.2184336707511987,-0.673480976717774,-0.6401929260450161,-0.7303412940952971,0.19590387306418228,0.4513163805045397,Utilities—Regulated Electric,Utilities,D
2010Q2,2010,Q2,2010-08-02,2010-06-30,1761000000.0,3333000000.0,3110000000.0,2.98,1877000000.0,0.5631563156315632,41788000000.0,12146000000.0,6375000000.0,5671000000.0,29642000000.0,1107000000.0,6077000000.0,22872096000.0,38705096000.0,20.57249322493225,1.1241403632516311,0.3887240356083086,1.3373950271694386,0.0666651427798832,20.57249322493225,0.1449860036225918,6.86231503150315,3.247032367972743,1.8830969866622758,0.15502555366269166,1.3152664859981933,0.011935941507066077,0.07975973963817364,0.7430788220772351,0.04214128457930506,-23.0101569416499,0.5631563156315632,9.291263477065677,5.087190970283574,0.05168981294889247,0.2631548498863557,-0.16205357142857144,9.120689655172415,3.2370572207084467,4.924636285540344,0.05546153432262037,0.1407018459333863,Utilities—Regulated Electric,Utilities,D
2010Q1,2010,Q1,2010-04-29,2010-03-31,174000000.0,4168000000.0,734000000.0,0.289566,2240000000.0,0.5374280230326296,42163000000.0,11051000000.0,6033000000.0,6492000000.0,31112000000.0,984000000.0,4585000000.0,24661889000.0,41489889000.0,18.421403567261212,0.9292975970425139,0.4011336954201551,1.530449733055832,0.01379920715701998,18.421403567261212,0.015745181431544658,5.916959932821497,35.43374856321839,2.231643199710433,1.603448275862069,1.9593495934959348,0.01131300201699878,0.09885444584114034,0.58271719038817,0.004126841069183882,33.058832439678284,0.5374280230326296,20.301182599999997,-0.539605807284897,-0.00018222112532985624,0.14767599455520733,0.5104517869184086,20.333333333333332,15.68,-0.5537717824273141,0.027610213238708964,-0.009619589851542022,Utilities—Regulated Electric,Utilities,D
2009Q4,2009,Q4,2010-02-26,2009-12-31,-9000000.0,3255000000.0,-50000000.0,-0.015002500416736123,1483000000.0,0.4556067588325653,42554000000.0,11185000000.0,6817000000.0,6833000000.0,31369000000.0,1185000000.0,4686000000.0,23348108000.0,41213108000.0,18.644774129021503,0.9976584223620665,0.42094750199746206,1.6015198927134555,-2.9626399254836868e-05,18.644774129021503,-0.0008046490835940993,7.172997849462366,-648.5585555555556,2.087448189539562,-29.666666666666668,1.4953586497890294,0.011435616110735824,0.07649104667011326,0.49114590955656373,-0.00021149598157635006,-156.69871140939597,0.4556067588325653,-1.0150025004167362,-1.0456070909809372,-0.017606364264202666,0.08672458583962958,-0.32621535665606544,-1.0151515151515151,-1.046641791044776,-1.3372770565524361,-0.03926881799278532,0.0062706850435731735,Utilities—Regulated Electric,Utilities,D
2009Q3,2009,Q3,2009-11-02,2009-09-30,594000000.0,3648000000.0,1072000000.0,1.0,2201000000.0,0.6033442982456141,42087000000.0,11327000000.0,6851000000.0,5448000000.0,30760000000.0,1178000000.0,4956000000.0,20558550000.0,38089550000.0,19.008222856183924,1.257525697503671,0.41772994036163186,1.5521320738059503,0.02267457045169458,19.008222856183924,0.05244107000971131,5.635567434210526,8.652588383838385,1.815003972808334,0.44612794612794615,1.2283531409168083,0.01289001413037398,0.08667759640744173,0.6264684287812041,0.014113621783448571,-1284.909375,0.6033442982456141,0.3157894736842105,0.9545324430891008,0.2288003959988231,0.16461154384632495,0.11217786760990399,0.30837004405286345,0.188470066518847,0.07184037088299089,0.06745118017503435,-0.013354529180132744,Utilities—Regulated Electric,Utilities,D
2009Q2,2009,Q2,2009-07-31,2009-06-30,454000000.0,3450000000.0,902000000.0,0.76,1979000000.0,0.5736231884057971,41497000000.0,11010000000.0,7111000000.0,5974000000.0,30487000000.0,1077000000.0,4623000000.0,19841454000.0,37272454000.0,18.544719555330975,1.1903247405423503,0.4215967419331518,1.5890099909173478,0.01929794361771278,18.544719555330975,0.04123524069028156,5.751146086956521,10.925910792951543,1.8021302452316077,0.5881057268722467,1.3658310120705663,0.013456675100524385,0.08313854013543148,0.5967525945764982,0.010940549919271273,-37.72139543726236,0.5736231884057971,0.8095238095238096,1.0123578280041363,0.262608147722135,0.1307371262933561,-0.1723128398159766,0.8306451612903226,0.2794326241134752,2.3247651060775825,0.14390072135374188,0.04975769761698861,Utilities—Regulated Electric,Utilities,D
2009Q1,2009,Q1,2009-04-30,2009-03-31,248000000.0,4778000000.0,705000000.0,0.42,2391000000.0,0.5004185851820846,41687000000.0,10709000000.0,7292000000.0,7006000000.0,30978000000.0,888000000.0,4417000000.0,18138447000.0,34959447000.0,18.29660003417051,1.040822152440765,0.4068894379542783,1.5839013913530675,0.015225369694600019,18.29660003417051,0.023158091325053694,3.796242570113018,18.284724798387096,1.6937573069380896,1.0362903225806452,2.688063063063063,0.01416879846438893,0.11461606735912874,0.5974878675421068,0.005949096840741718,28.3413234375,0.5004185851820846,-0.29562750716332376,-0.3722750603516122,0.3624654735555791,0.10015365329603788,0.07364167040862146,-0.28939828080229224,-0.1198501872659176,-0.4497216430768561,0.1420871220953988,0.10906484938535697,Utilities—Regulated Electric,Utilities,D
2008Q4,2008,Q4,2009-02-26,2008-12-31,349000000.0,4218000000.0,801000000.0,0.596275414317444,2227000000.0,0.5279753437648175,42053000000.0,10077000000.0,7661000000.0,7794000000.0,31976000000.0,1166000000.0,4170000000.0,20977152000.000004,38341152000.0,17.216811891337777,0.9829355914806261,0.4144769695384396,1.7296814528133373,0.019265611062569486,17.216811891337777,0.03463332340974496,4.9732460881934575,15.026613180515762,2.0816862161357546,0.6590257879656161,1.7075471698113207,0.010964310121793462,0.1003019998573229,0.3367975365665897,0.008299051197298646,128.69418404907978,0.5279753437648175,-0.314625960554662,3.21858114851211,0.5546753751517305,0.03254206052596154,0.02816251154201293,-0.31299212598425197,-0.2698268003646308,0.6090306305124048,-0.021574653236879952,0.12070310236710821,Utilities—Regulated Electric,Utilities,D
2008Q3,2008,Q3,2008-10-30,2008-09-30,508000000.0,4231000000.0,1097000000.0,0.87,2166000000.0,0.5119357125974947,41379000000.0,10465000000.0,7333000000.0,7971000000.0,30914000000.0,1231000000.0,4307000000.0,24752508000.0,41986508000.0,18.08676114759765,0.9199598544724626,0.41861813963604727,1.6552317247969421,0.023539058272090282,18.08676114759765,0.048542761586239845,5.850273694162136,12.181352362204725,2.3652659340659343,0.4507874015748031,1.677497969130788,0.009251587758299078,0.10224993354116822,0.2726132229331326,0.012276758742357235,825.0836,0.5119357125974947,0.7058823529411764,3.2227375556839783,0.6588122177558929,0.04661185692836142,0.17973856209150327,0.7046979865771812,0.5428973277074542,42.89906671275492,0.20165617815434694,0.35204533645950736,Utilities—Regulated Electric,Utilities,D
2008Q2,2008,Q2,2008-07-31,2008-06-30,298000000.0,3452000000.0,711000000.0,0.51,1836000000.0,0.5318655851680185,42041000000.0,8875000000.0,8495000000.0,9356000000.0,33166000000.0,1038000000.0,4029000000.0,27215423073.27,44524423073.270004,15.486577183286789,0.9079734929457033,0.41381032801313006,1.960225352112676,0.016237819732034104,15.486577183286789,0.03357746478873239,7.883958016590382,22.83173076616611,3.0665265434670426,0.7684563758389261,1.556840077071291,0.008414346504314146,0.08211032087723888,0.2278751603249252,0.007088318546181109,-28.89110729646497,0.5318655851680185,-0.5677966101694915,0.36842105201701386,0.4437928672809952,-0.14141536955280049,-0.19332161687170474,-0.5617647058823529,-0.3286118980169972,0.061224489299072725,0.12216461231235691,-0.04912132606754045,Utilities—Regulated Electric,Utilities,D
2008Q1,2008,Q1,2008-05-01,2008-03-31,680000000.0,4389000000.0,1059000000.0,1.18,2276000000.0,0.5185691501480976,39052000000.0,9525000000.0,6479000000.0,7922000000.0,29527000000.0,838000000.0,3960000000.0,23534915236.24,39684915236.240005,16.528676483227812,0.8178490280232265,0.41557410631977876,1.7038320209973754,0.03340678818587668,16.528676483227812,0.07139107611548556,5.36224999686489,8.652542366264706,2.4708572426498687,0.3352941176470588,2.5214797136038185,0.009687734062832591,0.11238861005838369,0.2926028780610957,0.017412680528526066,-161.1980495632877,0.5185691501480976,1.2742474898996654,0.43030303195990294,0.3085202221040338,-0.043003501100088125,0.09265482477196352,1.274247491638796,0.5150214592274678,0.8730158745791596,0.09600032412096692,0.029756780057885224,Utilities—Regulated Electric,Utilities,D
2007Q4,2007,Q4,2008-02-28,2007-12-31,299000000.0,3694000000.0,699000000.0,0.5188529415732405,2083000000.0,0.5638873849485653,39123000000.0,9406000000.0,6656000000.0,7746000000.0,29689000000.0,1045000000.0,3510000000.0,27344067775.7,43530067775.7,16.3221764830699,0.8592822101729926,0.42095442578534364,1.7509036785030831,0.016028245209418868,16.3221764830699,0.031788220284924514,7.402292305278831,22.86293292282609,2.9070877924409952,0.7591973244147158,1.5416267942583732,0.008301617808369,0.09442016205301229,0.3406919700490576,0.007642563198118754,-8.377471745006128,0.5638873849485653,-0.856670458128939,-0.05477032661654395,0.458652892934231,-0.04006649223884184,-0.06086564472497746,-0.870953819594303,0.1688963210702341,0.5772952944337142,0.16060221579771222,-0.04864975269634056,Utilities—Regulated Electric,Utilities,D
2007Q3,2007,Q3,2007-11-01,2007-09-30,2317000000.0,3589000000.0,598000000.0,3.62,2218000000.0,0.6179994427417108,38526000000.0,9248000000.0,6803000000.0,8360000000.0,29249000000.0,1072000000.0,3438000000.0,27085698219.95,39893698219.95,14.548536899438563,0.813755980861244,0.34462440948969525,1.4356617647058822,0.016132008611582843,14.548536899438563,0.25054065743944637,7.546864926149345,2.922496570991584,2.9288168490430366,0.08933966335779024,1.2789179104477613,0.007642409596350518,0.09315786741421378,0.2885167464114832,0.0601412033431968,-47.435548546322245,0.6179994427417108,5.763157894736842,3.7032258086278307,0.23090326538043698,-0.12250337583738542,0.016964695093993582,5.371698113207547,2.5736842105263156,6.147058825650246,0.13329991334221444,-0.10862818963382495,Utilities—Regulated Electric,Utilities,D
2007Q2,2007,Q2,2007-08-08,2007-06-30,-530000000.0,3730000000.0,-380000000.0,-0.76,2181000000.0,0.5847184986595174,48379000000.0,12577000000.0,7232000000.0,10671000000.0,35765000000.0,926000000.0,1329000000.0,30094934208.255,49727934208.255005,18.034943397587544,0.6777246743510449,0.40664337832530645,1.5642045002782858,-0.007402106936990657,18.034943397587544,-0.04214041504333307,8.068346972722521,-14.195723683139152,2.3928547513918264,-0.4679245283018868,1.6727861771058314,0.008240589538553434,0.07709956799437773,0.22003561053322088,-0.010955166497860642,-55.118927121346154,0.5847184986595174,-2.1782945736434107,-2.5510204087935286,0.2731830042603017,0.10231599750278794,-0.11736139214892756,-2.1699779249448126,-1.376984126984127,-3.000000000788394,0.1621524334273322,0.09965427136315178,Utilities—Regulated Electric,Utilities,D
2007Q1,2007,Q1,2007-05-03,2007-03-31,453000000.0,4712000000.0,1008000000.0,0.645,2471000000.0,0.5244057724957555,48575000000.0,12963000000.0,7264000000.0,10960000000.0,35585000000.0,749000000.0,2107000000.0,30932930772.645,50154930772.645004,18.600331123774797,0.6627737226277373,0.397838394235718,1.4907814549101288,0.01891228315438135,18.600331123774797,0.0349456144411016,6.5647136614272075,17.07115384803808,2.3862478417530664,0.5496688741721855,2.9919893190921227,0.008049673722484739,0.09700463201235203,0.2708029197080292,0.00932578486875965,189.77258142726996,0.5244057724957555,13.500496279516128,0.07438016525408572,0.36617131638572104,0.07348518406765223,0.03562447611064543,13.612903225806452,0.6772046589018302,-0.03703703774930787,0.1284396059956847,0.11841665665314724,Utilities—Regulated Electric,Utilities,D
