Quarters,Year,Quarter,FillingDate,Date,NetIncome,Revenue,OperatingIncome,EPSDiluted,GrossProfit,GrossProfitRatio,TotalAssets,CommonStockEquity,CurrentAssets,CurrentLiability,TotalLiability,Inventory,RetainedEarnings,MarketCap,EnterpriseValue,bookValuePerShare,currentRatio,debtToAssets,debtToEquity,roic,shareholdersEquityPerShare,roe,priceToSalesRatio,peRatio,pbRatio,payoutRatio,inventoryTurnover,dividendYield,assetTurnover,quickRatio,returnOnAssets,priceToFreeCashFlowsRatio,grossProfitMargin,epsdilutedGrowth,fiveYNetIncomeGrowthPerShare,fiveYRevenueGrowthPerShare,fiveYShareholdersEquityGrowthPerShare,grossProfitGrowth,netIncomeGrowth,operatingIncomeGrowth,threeYNetIncomeGrowthPerShare,threeYRevenueGrowthPerShare,threeYShareholdersEquityGrowthPerShare,Industry,Sector,Symbol
2023Q1,2023,Q1,2023-05-04,2023-03-31,11642000.0,30510000.0,39127000.0,0.37,30510000.0,1.0,4602899000.0,402006000.0,783224000.0,3257000.0,4200893000.0,0.0,255394000.0,300559530.96,379893530.96,14.498775088186942,240.47405587964386,0.06593692366484687,0.7549663437859137,0.04111950189131803,14.498775088186942,0.028959766769650203,9.851180955752211,6.454207416251504,0.7476493658303607,0.08701254080054974,0.0,0.0033703805591006704,0.006628431342942784,240.47405587964386,0.002529275571764664,38.57778603003465,1.0,-0.1777777777777778,0.8175394417911125,0.8706941567309705,0.8761500482841155,-0.11899743004822269,-0.15238441936658173,0.11644695543000627,0.6242114022526504,0.45187938018830903,0.6822614216757426,Banks—Regional,Financial Services,BWB
2022Q4,2022,Q4,2023-03-07,2022-12-31,13735000.0,34631000.0,35046000.0,0.45,34631000.0,1.0,4345662000.0,394064000.0,108078000.0,2831000.0,3951598000.0,0.0,248685000.0,488896358.41999996,590327358.42,14.298931132545784,38.176616036736135,0.04680644744114936,0.5161724998984937,0.044938637437397316,14.298931132545784,0.03485474440699988,14.1173041038376,8.898732406625408,1.2406521743168621,0.07382599199126319,0.0,0.0020740592203979872,0.007969096538110879,229.71246909219357,0.003160623168575927,109.76568442299056,1.0,-0.042553191489361625,2.8501204663867235,1.0972686633185416,1.6849994583201027,-0.023983991883208388,-0.05360711086612003,0.2765352954032199,0.6766116887423381,0.7220851344778353,0.6842296687378976,Banks—Regional,Financial Services,BWB
2022Q3,2022,Q3,2022-11-03,2022-09-30,14513000.0,35482000.0,27454000.0,0.47,35482000.0,1.0,4128987000.0,382007000.0,617503000.0,2214000.0,3746980000.0,0.0,235964000.0,453256326.98999995,540637326.99,13.88100929948808,278.90831074977416,0.039733474578631515,0.42946595219459327,0.036804802530948776,13.88100929948808,0.03799145041844783,12.774260948931852,7.807764193998483,1.1865131450209028,0.0697994901123131,0.0,0.00223493846567386,0.008593391066622394,284.5,0.003514905714161851,51.244355793103445,1.0,0.14634146341463414,2.3908239037906918,1.5754846454246736,0.0,0.03809245172615565,0.12661077472442167,0.17787883988330186,0.9472878690888707,0.8690276949917165,0.6947148250080937,Banks—Regional,Financial Services,BWB
2022Q2,2022,Q2,2022-08-04,2022-06-30,12882000.0,34180000.0,23308000.0,0.41,34180000.0,1.0,3883264000.0,374883000.0,556100000.0,1393000.0,3508381000.0,0.0,222464000.0,449325656.40000004,523629656.40000004,13.465982932017589,399.2103374012922,0.03835922564111016,0.39734797256744103,0.03293547021660874,13.465982932017589,0.03436272116900473,13.14586472791106,8.72002904052166,1.1985757060202784,0.07871448532836516,0.0,0.002256715114209534,0.008801873887533786,407.2132089016511,0.0033173124464368118,11.502589570693496,1.0,-0.023809523809523832,1.8995848455653936,1.7220661423755443,0.0,0.13253810470510272,0.050562714076007174,-0.33695559411714504,0.716121294378193,0.8922924234374264,0.7455950554179761,Banks—Regional,Financial Services,BWB
2022Q1,2022,Q1,2022-05-05,2022-03-31,12262000.0,30180000.0,35153000.0,0.42,30180000.0,1.0,3607920000.0,379441000.0,530977000.0,1576000.0,3228479000.0,0.0,210596000.0,469105134.12,530928134.12,13.491806888604598,336.91434010152284,0.0373758287323444,0.3553885847865676,0.05063055350594214,13.491806888604598,0.0323159595299401,15.543576345924453,9.564205148426032,1.2363058660503214,0.08261295057902462,0.0,0.00215943063999992,0.008364930486263553,343.7258883248731,0.0033986341160557884,15.130471362404851,1.0,-0.023255813953488393,2.2098720711810462,1.5457405287669905,0.0,-0.008573962747610131,-0.020137446060412338,0.6385289456511606,0.869847648455155,0.8180771067694983,0.7520074196920613,Banks—Regional,Financial Services,BWB
2021Q4,2021,Q4,2022-03-08,2021-12-31,12514000.0,30441000.0,21454000.0,0.43,30441000.0,1.0,3477659000.0,379272000.0,593897000.0,1409000.0,3098387000.0,0.0,199347000.0,495396668.46000004,484786668.46000004,13.543332257071352,421.5024840312278,0.03874416669374427,0.3552569132443207,0.031031037155164965,13.543332257071352,0.032994790018772806,16.273994561939492,9.896848898433756,1.3061778050053787,0.0,0.0,0.0,0.008753302149520697,421.5024840312278,0.0035983976577347,48.764314249434,1.0,0.07499999999999993,2.452071190761988,0.8142030332940753,1.5431159460106814,0.01190040886879633,0.08732296463637154,0.0,0.7314724052262301,0.7863586828084983,0.8428905612930726,Banks—Regional,Financial Services,BWB
2021Q3,2021,Q3,2021-11-04,2021-09-30,11509000.0,30083000.0,0.0,0.4,30083000.0,1.0,3389125000.0,367803000.0,2923020000.0,0.0,3021322000.0,0.0,188004000.0,491107872.8000001,439381872.8000001,13.113678046498627,0.0,0.04120621104267325,0.379695108522769,0.0,13.113678046498627,0.031291207521417716,16.325096326829108,10.66790930576071,1.335247055624886,0.0,0.0,0.0,0.008876332386677977,0.0,0.003395861763729576,31.26880636699351,1.0,0.05263157894736847,1.6384274499086087,1.142552847951075,0.0,0.07859166039224122,0.04693896115709997,0.0,0.9085019848867005,0.8478413145327705,0.8695054014915278,Banks—Regional,Financial Services,BWB
2021Q2,2021,Q2,2021-07-30,2021-06-30,10993000.0,27891000.0,0.0,0.38,27891000.0,1.0,3162612000.0,290830000.0,2706449000.0,0.0,2871782000.0,0.0,176495000.0,452858306.29999995,489706306.29999995,10.371686760866199,0.0,0.041552046220023196,0.45185503558780044,0.0,10.371686760866199,0.03779871402537565,16.236718163565307,10.298788008277995,1.5571237709314718,0.0,0.0,0.0,0.008818976213332524,0.0,0.0034759243309011663,63.12493815165876,1.0,0.027027027027027053,1.4566123463732958,1.205253788196925,0.0,0.05635723213271219,0.030175241308218536,0.0,0.7468676883416395,0.8248798132552435,0.5139656837409647,Banks—Regional,Financial Services,BWB
2021Q1,2021,Q1,2021-05-06,2021-03-31,10671000.0,26403000.0,0.0,0.37,26403000.0,1.0,3072359000.0,279171000.0,2620488000.0,0.0,2793188000.0,0.0,165502000.0,452480460.9,380541460.9,9.964212909950207,0.0,0.04274435376855374,0.4704141905856984,0.0,9.964212909950207,0.038223884285975264,17.137463958641064,10.600704266235592,1.620800372889734,0.0,0.0,0.0,0.008593722283105587,0.0,0.003473226924327528,22.15869054358472,1.0,1.176470588235294,1.8040023189327106,1.2356046963598817,0.0,0.022302241839934952,1.1432014460735087,0.0,0.6486758928928088,0.6020931974126261,0.2893750277806399,Banks—Regional,Financial Services,BWB
2020Q4,2020,Q4,2021-03-11,2020-12-31,4979000.0,25827000.0,0.0,0.17,25827000.0,1.0,2927345000.0,265405000.0,2482433000.0,0.0,2661940000.0,0.0,154831000.0,351965302.32,330669302.32,9.418281939013834,0.0,0.04858976307883082,0.5359318776963509,0.0,9.418281939013834,0.018760008289218363,13.627804325705657,17.672489572203254,1.3261442034626327,0.0,0.0,0.0,0.008822670371958208,0.0,0.0017008586278692808,143.7766757843137,1.0,-0.31999999999999995,0.36493997922233845,0.5296383789080205,0.7685295264483071,0.13097740409879138,-0.30596598829105104,0.0,0.36493997922233845,0.5296383789080205,0.7685295264483071,Banks—Regional,Financial Services,BWB
2020Q3,2020,Q3,2020-11-05,2020-09-30,7174000.0,22836000.0,0.0,0.25,22836000.0,1.0,2774564000.0,265432000.0,2348380000.0,0.0,2509132000.0,0.0,149852000.0,272209783.95,390502783.95,9.25370735558383,0.0,0.07664807876120357,0.80120332137798,0.0,9.25370735558383,0.027027637963772267,11.920204236731475,9.485983549972122,1.025534916475783,0.0,0.0,0.0,0.008230482338846752,0.0,0.0025856314721880626,24.44412571390086,1.0,-0.03846153846153849,0.608133765080803,0.5903168677500457,0.0,-0.020712723530168533,-0.05580415898920769,0.0,0.608133765080803,0.5903168677500457,0.0,Banks—Regional,Financial Services,BWB
2020Q2,2020,Q2,2020-08-06,2020-06-30,7598000.0,23319000.0,0.0,0.26,23319000.0,1.0,2754463000.0,257190000.0,2381715000.0,0.0,2497273000.0,0.0,142678000.0,293933520.25,345768520.25,8.968686176921327,0.0,0.08464735231513366,0.9065593530075042,0.0,8.968686176921327,0.029542361678136786,12.604893874094087,9.671410905830482,1.1428652756716824,0.0,0.0,0.0,0.008465896982460829,0.0,0.0027584324058809286,-55.8596579722539,1.0,0.040000000000000036,0.6602911470034437,0.8028889389656325,0.0,0.06864946611062737,0.020824936181647186,0.0,0.6602911470034437,0.8028889389656325,0.0,Banks—Regional,Financial Services,BWB
2020Q1,2020,Q1,2020-05-07,2020-03-31,7443000.0,21821000.0,0.0,0.25,21821000.0,1.0,2418730000.0,248143000.0,2072703000.0,0.0,2170587000.0,0.0,135080000.0,280717066.5,461055066.5,8.61862187491903,0.0,0.10119318816072898,0.986362702151582,0.0,8.61862187491903,0.029994801384685445,12.864537211860135,9.428895153164047,1.131271349584715,0.0,0.0,0.0,0.009021676665026688,0.0,0.0030772347471607,-28.096993944550096,1.0,-0.13793103448275856,0.9031997408393283,0.7979577794966034,0.0,0.03711977186311787,-0.13160658032901645,0.0,0.9031997408393283,0.7979577794966034,0.0,Banks—Regional,Financial Services,BWB
2019Q4,2019,Q4,2020-03-12,2019-12-31,8571000.0,21040000.0,0.0,0.29,21040000.0,1.0,2268830000.0,244794000.0,1947838000.0,0.0,2024036000.0,0.0,127637000.0,397326677.28,536970677.28,8.48989386540192,0.0,0.07679420670565887,0.7117535560512104,0.0,8.48989386540192,0.03501311306649673,18.884347779467678,11.589274217710885,1.6231062741733864,0.0,0.0,0.0,0.009273502201575261,0.0,0.003777718030879352,73.55177291373565,1.0,0.07407407407407393,1.2963698107549164,0.21786584259347205,0.5942003089947624,0.05829686635481113,0.09814221652786675,0.0,1.2963698107549164,0.21786584259347205,0.5942003089947624,Banks—Regional,Financial Services,BWB
2019Q3,2019,Q3,2019-11-07,2019-09-30,7805000.0,19881000.0,0.0,0.27,19881000.0,1.0,2232339000.0,236059000.0,1939237000.0,0.0,1996280000.0,0.0,119066000.0,344112519.36,431546519.36,8.190764071130248,0.0,0.08050166215794285,0.7612800189783062,0.0,8.190764071130248,0.033063767956316006,17.30861221065339,11.02218191415759,1.4577394607280383,0.0,0.0,0.0,0.00890590542027891,0.0,0.003496332770246813,81.10123011077069,1.0,0.03846153846153849,0.7413059248282825,0.37798099638972343,0.0,0.03160024906600249,-0.025471344737170682,0.0,0.7413059248282825,0.37798099638972343,0.0,Banks—Regional,Financial Services,BWB
2019Q2,2019,Q2,2019-08-08,2019-06-30,8009000.0,19272000.0,0.0,0.26,19272000.0,1.0,2123631000.0,229137000.0,1859501000.0,0.0,1894494000.0,0.0,111261000.0,346931320.32,459024320.32,7.714265052608785,0.0,0.0853166110308241,0.790710361050376,0.0,7.714265052608785,0.03495288844664982,18.001832727272728,10.829420661755526,1.5140781293287422,0.0,0.0,0.0,0.009075022920648644,0.0,0.003771370826664331,46.35640303580973,1.0,0.13043478260869565,0.6896153290936282,0.43850184499010997,0.0,0.0848297213622291,0.14120832145910517,0.0,0.6896153290936282,0.43850184499010997,0.0,Banks—Regional,Financial Services,BWB
2019Q1,2019,Q1,2019-05-09,2019-03-31,7018000.0,17765000.0,0.0,0.23,17765000.0,1.0,2048111000.0,231775000.0,1778499000.0,0.0,1816336000.0,0.0,103252000.0,316025199.0,427483199.0,7.700770405970063,0.0,0.07966169802320285,0.7039413224031927,0.0,7.700770405970063,0.030279365764210982,17.789203433717987,11.257665966087204,1.363499941753856,0.0,0.0,0.0,0.008673846290557494,0.0,0.003426572094969462,46.2972749780252,1.0,-0.07999999999999996,0.7166489867947279,0.40023793231215676,0.0,-0.029181922509426746,-0.09573508568483442,0.0,0.7166489867947279,0.40023793231215676,0.0,Banks—Regional,Financial Services,BWB
2018Q4,2018,Q4,2019-03-14,2018-12-31,7761000.0,18299000.0,0.0,0.25,18299000.0,1.0,1973741000.0,220998000.0,1703611000.0,0.0,1752743000.0,0.0,96234000.0,317259631.65000004,449140631.65000004,7.348961756887295,0.0,0.08290348125716596,0.7404139403976506,0.0,7.348961756887295,0.03511796486846035,17.337539299961747,10.219676319095479,1.4355769357641246,0.0,0.0,0.0,0.009271226569240848,0.0,0.00393212685960316,59.89421024164622,1.0,0.19047619047619052,0.9937200156019516,0.01558721143382038,0.3799603728103596,0.04877349839523155,0.2008355252978493,0.0,0.9937200156019516,0.01558721143382038,0.3799603728103596,Banks—Regional,Financial Services,BWB
2018Q3,2018,Q3,2018-11-08,2018-09-30,6463000.0,17448000.0,0.0,0.21,17448000.0,1.0,1885793000.0,210852000.0,1629894000.0,0.0,1674941000.0,0.0,88473000.0,388968299.56,498230299.56,7.0145173349252055,0.0,0.07111278915554359,0.6360100923870772,0.0,7.0145173349252055,0.03065183161648929,22.29300203805594,15.045965478879777,1.8447456014645343,0.0,0.0,0.0,0.009252341057581612,0.0,0.003427205424985669,44.65254271151418,1.0,-0.0454545454545455,0.3824598930481283,0.1594896331738436,0.0,0.06494140625,-0.041950785650756,0.0,0.3824598930481283,0.1594896331738436,0.0,Banks—Regional,Financial Services,BWB
2018Q2,2018,Q2,2018-08-09,2018-06-30,6746000.0,16384000.0,0.0,0.22,16384000.0,1.0,1752918000.0,205927000.0,1492617000.0,0.0,1546991000.0,0.0,82010000.0,382355237.28000003,481213237.28000003,6.8506749342151965,0.0,0.07106892621331973,0.6049619525365785,0.0,6.8506749342151965,0.032759181651750374,23.33711165039063,14.169701944856211,1.8567513598508212,0.0,0.0,0.0,0.009346700758392577,0.0,0.0038484401438059284,51.76756529650691,1.0,-0.04347826086956525,0.40629560141755267,0.20843782268771213,0.0,0.08145214521452145,0.133781512605042,0.0,0.40629560141755267,0.20843782268771213,0.0,Banks—Regional,Financial Services,BWB
2018Q1,2018,Q1,2018-05-10,2018-03-31,5950000.0,15150000.0,0.0,0.23,15150000.0,1.0,1681597000.0,199039000.0,1430806000.0,0.0,1482558000.0,0.0,75264000.0,336627835.48,426751835.48,7.7279400447992925,0.0,0.06782362242558711,0.5730133290460664,0.0,7.7279400447992925,0.029893638935083074,22.21965910759076,14.144026700840337,1.691265709132381,0.0,0.0,0.0,0.009009292951878483,0.0,0.003538303172519932,78.39493141127154,1.0,0.7692307692307693,0.700760186414042,0.3954273696251717,0.0,-0.01827371695178849,0.7846430713857229,0.0,0.700760186414042,0.3954273696251717,0.0,Banks—Regional,Financial Services,BWB
2017Q4,2017,Q4,2017-12-31,2017-12-31,3334000.0,15432000.0,0.0,0.13,15432000.0,1.0,1616612000.0,137162000.0,1373137000.0,0.0,1479450000.0,0.0,69508000.0,325037741.68,407767741.68,5.325487529704031,0.0,0.06775095075379868,0.7985229145098497,0.0,5.325487529704031,0.024307023811259678,21.062580461378953,24.37295603479304,2.3697360907539986,0.0,0.0,0.0,0.009545889799160219,0.0,0.0020623377780197103,56.44976409864537,1.0,-0.16412689839640957,0.0,0.0,0.0,0.025518341307814992,-0.2868449197860963,0.0,0.0,0.0,0.0,Banks—Regional,Financial Services,BWB
2017Q3,2017,Q3,2017-09-30,2017-09-30,4675000.0,15048000.0,0.0,0.155526,15048000.0,1.0,,,,,,,,379349299.88,,,0.0,0.0,0.0,0.0,,0.0,25.209283617756512,20.2860588171123,0.0,0.0,0.0,0.0,0.0,0.0,0.0,59.051883542963886,1.0,-0.025428614397433363,0.0,0.0,0.0,0.1098982150759699,-0.025432562017927873,0.0,0.0,0.0,0.0,Banks—Regional,Financial Services,BWB
2017Q2,2017,Q2,2017-06-30,2017-06-30,4797000.0,13558000.0,0.0,0.159584,13558000.0,1.0,,,,,,,,379349299.88,,,0.0,0.0,0.0,0.0,,0.0,27.97973889069184,19.770132368146758,0.0,0.0,0.0,0.0,0.0,0.0,0.0,101.56607761178046,1.0,0.17487171558775239,0.0,0.0,0.0,0.07000236761108042,0.17487141807494488,0.0,0.0,0.0,0.0,Banks—Regional,Financial Services,BWB
2017Q1,2017,Q1,2017-03-31,2017-03-31,4083000.0,12671000.0,0.0,0.135831,12671000.0,1.0,,,,,,,,379349299.88,,,0.0,0.0,0.0,0.0,,0.0,29.938386858180095,23.22736345089395,0.0,0.0,0.0,0.0,0.0,0.0,0.0,48.948296758709674,1.0,0.0,0.0,0.0,0.0,0.0,0.0,0.0,0.0,0.0,0.0,Banks—Regional,Financial Services,BWB
