Quarters,Year,Quarter,FillingDate,Date,NetIncome,Revenue,OperatingIncome,EPSDiluted,GrossProfit,GrossProfitRatio,TotalAssets,CommonStockEquity,CurrentAssets,CurrentLiability,TotalLiability,Inventory,RetainedEarnings,MarketCap,EnterpriseValue,bookValuePerShare,currentRatio,debtToAssets,debtToEquity,roic,shareholdersEquityPerShare,roe,priceToSalesRatio,peRatio,pbRatio,payoutRatio,inventoryTurnover,dividendYield,assetTurnover,quickRatio,returnOnAssets,priceToFreeCashFlowsRatio,grossProfitMargin,epsdilutedGrowth,fiveYNetIncomeGrowthPerShare,fiveYRevenueGrowthPerShare,fiveYShareholdersEquityGrowthPerShare,grossProfitGrowth,netIncomeGrowth,operatingIncomeGrowth,threeYNetIncomeGrowthPerShare,threeYRevenueGrowthPerShare,threeYShareholdersEquityGrowthPerShare,Industry,Sector,Symbol
2023Q1,2023,Q1,2023-05-04,2023-03-31,-17175000.0,49400000.0,6199000.0,-0.4,33446000.0,0.6770445344,1506459000.0,497355000.0,38432000.0,158239000.0,1003970000.0,0.0,-197543000.0,895126217.7,1799920217.7,11.673692875234392,0.24287312230234012,0.6141488085636582,1.8602205667983633,0.022399521369317367,11.673692875234392,-0.03453267786591067,18.119963921052634,-13.029493707423581,1.7997732358174747,-0.6084425036390102,0.0,0.011674331276823689,0.03279213041974591,0.12889363557656455,-0.011400907691480486,48.11989128588324,0.6770445344129554,-3.5924225028702645,0.6333410414255554,-0.6439942651241062,0.01810457102921787,0.010636369130355957,-3.6343766864543983,0.15265898103384157,-0.44083420432237524,-0.3637260990641512,-0.28996013766959244,REIT—Industrial,Real Estate,PLYM
2022Q4,2022,Q4,2023-02-23,2022-12-31,-3706000.0,47326000.0,5378000.0,-0.0871,33094000.0,0.6992773528,1521318000.0,517836000.0,31213000.0,150051000.0,998093000.0,0.0,-194243000.0,816481379.6999999,1722102379.6999998,12.164508250818105,0.2080159412466428,0.6025196572971594,1.7701048208313057,0.003923245149541656,12.164508250818105,-0.007156705984133973,17.25227950175379,-55.078344556125195,1.5767180723240561,-2.8202914193200215,0.0,0.012801271725070302,0.031108551926684623,0.07332840167676323,-0.0024360455867872464,61.04077300388755,0.6992773528293116,0.20818181818181822,0.928055300705871,-0.5034195466077248,-0.16130570907290642,-0.006036942483856435,0.18923649092102385,0.234335551985311,0.49895377549936576,-0.33662333385366777,-0.3104183410628642,REIT—Industrial,Real Estate,PLYM
2022Q3,2022,Q3,2022-11-03,2022-09-30,-4571000.0,47790000.0,4357000.0,-0.11,33295000.0,0.696693869,1531143000.0,533398000.0,36253000.0,142201000.0,992182000.0,0.0,-190728000.0,691368757.01,1582896757.01,12.969085295056672,0.25494194836885814,0.5929354736951414,1.7020480016797963,0.00298245126629555,12.969085295056672,-0.008569585937705054,14.466808056287926,-37.81277384653248,1.2961592600834646,-2.2404287901990814,0.0,0.014812645055425717,0.031211976934878063,0.11491480369336361,-0.00298535146619225,29.809371664295263,0.6966938690102532,0.0,0.8493264457204753,-0.3661940578933986,3.4991787445651985,0.04651893760804652,-0.03674302562939442,0.08761857214178732,0.6214255293182174,-0.4482005629522413,-0.4893795881215575,REIT—Industrial,Real Estate,PLYM
2022Q2,2022,Q2,2022-08-03,2022-06-30,-4409000.0,45614000.0,4006000.0,-0.11,31815000.0,0.6974832288,1499489000.0,530831000.0,36066000.0,111341000.0,963356000.0,0.0,-186101000.0,685929343.04,1551541343.04,13.573957484797441,0.3239238016543771,0.5883190873690971,1.6618810883313144,0.002795728036784385,13.573957484797441,-0.00830584498644578,15.037693318717936,-38.89370282603765,1.2921802664878275,-2.2544794738035834,0.0,0.014491288499113457,0.030419696309876232,0.1487861614319972,-0.002940335007459208,32.096267981844555,0.697483228833253,0.0833333333333333,0.9102251976899762,-0.7858652910054381,0.10100208765664327,0.10734050328913021,0.00022675736961451248,0.030614870079753023,0.6888580259353039,-0.5315836101374323,-0.4167824177041976,REIT—Industrial,Real Estate,PLYM
2022Q1,2022,Q1,2022-05-04,2022-03-31,-4410000.0,42806000.0,3887000.0,-0.12,28731000.0,0.6711909545,1458231000.0,515568000.0,42269000.0,233154000.0,937743000.0,0.0,-181668000.0,981767472.2,1818819472.2,14.231366586928159,0.1812921931427297,0.5915811692386186,1.6732264221208453,0.002777929058065854,14.231366586928159,-0.008553672842379666,22.93527711535766,-55.65575239229025,1.904244391040561,-2.1174603174603175,0.0,0.009511417178117423,0.029354745578718325,0.10984156394486048,-0.0030242122132913096,68.71272901735722,0.6711909545390833,0.07692307692307698,-0.0010886180590247876,-0.13218713275345037,1.5241647015095974,0.07820767816264496,0.03858731196860693,8.276849642004773,0.8046496865007902,-0.6647368797837465,-0.3759909847909444,REIT—Industrial,Real Estate,PLYM
2021Q4,2021,Q4,2022-02-23,2021-12-31,-4587000.0,39885000.0,419000.0,-0.13,26647000.0,0.6680957754,1270805000.0,498679000.0,43374000.0,104880000.0,767295000.0,0.0,-177258000.0,1110080000.0,1773990000.0,14.375295474200058,0.413558352402746,0.5430746652712257,1.383940370458752,0.00034680108407776384,14.375295474200058,-0.009198301913655879,27.83201704901592,-60.50141704817964,2.2260412008526527,-1.9522563767168084,0.0,0.008066986163159411,0.03138561777770783,0.25011441647597255,-0.0036095230975641424,47.45351173427949,0.6680957753541431,-0.18181818181818185,-3.4219831747862015,-0.15074976401399887,1.531847804122093,0.11353949017969077,-0.27700445434298443,-0.8225328250741212,0.8321772611469931,-0.6040735241330133,-0.38323858142907485,REIT—Industrial,Real Estate,PLYM
2021Q3,2021,Q3,2021-11-05,2021-09-30,-3592000.0,35962000.0,2361000.0,-0.11,23930000.0,0.665424614871253,1122440000.0,460778000.0,78943000.0,61074000.0,656928000.0,0.0,-172671000.0,734863515.75,1257326515.75,14.26482506659945,1.292579493728919,0.5222328142261502,1.2721418991358093,0.002215189744303951,14.26482506659945,-0.007795511070407007,20.434445129581224,-51.14584602937082,1.5948320357091703,-2.3070712694877504,0.0,0.011276923976205713,0.03203912904030505,1.043193502963618,-0.003200171055913902,92.66879139344262,0.665424614871253,0.15384615384615388,0.965562712716593,-0.2025150499682289,0.0,0.09194615560118641,0.08132992327365729,0.3855633802816901,0.8875137495930715,-0.5843396058048567,0.4096622217446137,REIT—Industrial,Real Estate,PLYM
2021Q2,2021,Q2,2021-08-06,2021-06-30,-3910000.0,32855000.0,1704000.0,-0.13,21915000.0,0.6670217622888449,969828000.0,404688000.0,29314000.0,123284000.0,561343000.0,0.0,-169079000.0,587558191.22,1070463191.22,13.789023591309979,0.23777619155770416,0.5115690617305336,1.2259666706203298,0.001853310321179877,13.789023591309979,-0.009661764124461313,17.883372126616955,-37.56765928516624,1.4518794508856205,-1.9028132992327367,0.0,0.012662575573240936,0.03387714110130868,0.10730508419584049,-0.004031642724276882,49.742481478157806,0.6670217622888449,-0.18181818181818185,0.9566972517572395,-0.16236751543257594,0.0,0.06954612005856516,-0.3394998287084618,0.0,0.9324428044099213,-0.6840515719281876,0.42039099823482984,REIT—Industrial,Real Estate,PLYM
2021Q1,2021,Q1,2021-05-07,2021-03-31,-2919000.0,31916000.0,1704000.0,-0.11,20490000.0,0.6419977440782053,961829000.0,367126000.0,28163000.0,150037000.0,590122000.0,0.0,-165169000.0,458399599.40000004,972969599.4000001,13.494935658968641,0.18770703226537455,0.548181641435224,1.4361745013973404,0.0018591248417998227,13.494935658968641,-0.007950948720602737,14.362689541295904,-39.25998624528948,1.2486165496314618,-2.327852004110997,0.0,0.014823311383548298,0.0331826135414923,0.08455914207828735,-0.0030348429918415853,30.96248560621412,0.6419977440782053,0.15384615384615388,0.9728180910844478,-0.11506464790279598,1.6494872290392526,0.029182781656537246,-0.17844166330238193,-0.1881848499285374,0.9024081500095021,-0.6397927892353329,0.1769416779234307,REIT—Industrial,Real Estate,PLYM
2020Q4,2020,Q4,2021-02-26,2020-12-31,-2477000.0,29967000.0,2099000.0,-0.13,19909000.0,0.664364133880602,920270000.0,334449000.0,32054000.0,139335000.0,581054000.0,0.0,-162250000.0,275725500.0,780426500.0,18.19467187474499,0.23004987978612695,0.5654525302356918,1.5558994046924943,0.00238654379362161,18.19467187474499,-0.0074062114104093595,9.200971068174992,-27.828572870407754,0.824417175712889,-2.6976180863948325,0.0,0.0242342474671367,0.032563269475262696,0.11244841568880755,-0.0026916013778564988,25.129921618665694,0.664364133880602,0.3157894736842105,0.9311189427095244,0.2603873416656027,2.081057240083904,0.14065543714907758,0.3181943297550234,0.7653490328006728,0.8886394412179792,-0.2718093516748911,0.2544500042255395,REIT—Industrial,Real Estate,PLYM
2020Q3,2020,Q3,2020-11-06,2020-09-30,-3633000.0,27518000.0,1189000.0,-0.19,17454000.0,0.6342757467839233,806824000.0,339291000.0,29643000.0,45491000.0,465554000.0,0.0,-159739000.0,242252006.62,637903006.62,17.283039254934035,0.6516233980347761,0.5094084955331026,1.2113583914692698,0.0015299652283846587,17.283039254934035,-0.010707622660194347,8.803401650556,-16.670245432149738,0.7139947909611514,-1.3641618497109826,0.0,0.02045803487512099,0.03410657094979822,0.3374733463762063,-0.004502840768246854,23.6990810624144,0.6342757467839233,0.24,0.9153859776747758,0.040454402290903586,2.161953748923843,0.020045584711589036,0.011697497279651796,0.17142857142857143,0.7491113453419487,-0.23541467999001178,4.9957569164052105,REIT—Industrial,Real Estate,PLYM
2020Q2,2020,Q2,2020-08-06,2020-06-30,-3676000.0,26137000.0,1015000.0,-0.25,17111000.0,0.6546657994414049,764647000.0,242196000.0,29246000.0,112698000.0,517736000.0,0.0,-156106000.0,187510912.0,640785912.0,16.53295142631486,0.25950771087330743,0.611066282873012,1.9292226130902244,0.0013537272694417847,16.53295142631486,-0.015177789889180664,7.174155870987489,-12.75237431991295,0.7742114320632876,-2.0359085963003265,0.0,0.03991234387468607,0.03418178584366381,0.12400397522582476,-0.004807447096503354,1.8158928540300792,0.6546657994414049,0.10714285714285723,0.9269320258966497,0.33032412498521135,2.3031119032386274,-0.006214426762690208,0.08716165880307922,0.6944908180300501,0.8001873049399041,-0.6724498041316469,0.34101009642068814,REIT—Industrial,Real Estate,PLYM
2020Q1,2020,Q1,2020-05-08,2020-03-31,-4027000.0,26229000.0,599000.0,-0.28,17218000.0,0.6564489686987686,791269000.0,236637000.0,41738000.0,141641000.0,548436000.0,0.0,-152430000.0,160628022.72,627629022.72,16.44089789116966,0.2946745645681688,0.6285751116244918,2.101835300481328,0.0007692647335764485,16.44089789116966,-0.017017626153137507,6.124062019901635,-9.971940819468587,0.6787950435477124,-1.6357089644896945,0.0,0.04100778860661306,0.0331480191944838,0.2144223777013718,-0.005089293274474294,-1.9420629031556038,0.6564489686987686,-0.6470588235294118,0.9521007829176767,0.36296373974692403,2.7768114090142673,0.19056838611533675,-0.7275847275847276,-0.5656272661348803,-1.3009002600270672,0.338398374652255,1.6055453833639775,REIT—Industrial,Real Estate,PLYM
2019Q4,2019,Q4,2020-02-27,2019-12-31,-2331000.0,22483000.0,1379000.0,-0.17,14462000.0,0.6432415602899969,685481000.0,236658000.0,22398000.0,115184000.0,442056000.0,0.0,-148403000.0,246714152.91,633707152.91,17.64041733587792,0.19445409084595083,0.5798235107902334,1.6794615014070937,0.0020212046844190522,17.64041733587792,-0.009849656466293133,10.97336444913935,-26.46011935971686,1.0424923430012931,-3.258687258687259,0.0,0.03078866741289455,0.032798866781136166,0.09085463258785942,-0.003400531889286501,2.410683325614117,0.6432415602899969,0.4137931034482758,0.9607751519277442,1.2814952937073385,6.1702389552984584,0.18511841350487585,0.12565641410352588,1.0612855007473843,-4.182560150034601,0.23786221230882884,1.6526486527335924,REIT—Industrial,Real Estate,PLYM
2019Q3,2019,Q3,2019-11-07,2019-09-30,-2666000.0,19123000.0,669000.0,-0.29,12203000.0,0.6381320922449406,601846000.0,230650000.0,36801000.0,32222000.0,359249000.0,0.0,-146072000.0,166367217.6,460095217.6,25.398681669122293,1.1421078766060455,0.5307802992792177,1.3849902449598959,0.0010901976277563094,25.398681669122293,-0.011558638629958812,8.69984927051195,-15.600826856714178,0.7212972798612617,-2.324081020255064,0.0,0.037242914135266515,0.03177390894016077,0.7982124014648377,-0.004429704608820196,-2.8216963636363634,0.6381320922449406,0.19444444444444448,0.14182076354418138,0.0,23.96200005223889,0.11057517291590827,-0.0763019781994348,-0.1851400730816078,0.9090849562835311,0.5084040348750736,0.0,REIT—Industrial,Real Estate,PLYM
2019Q2,2019,Q2,2019-08-08,2019-06-30,-2477000.0,17022000.0,821000.0,-0.36,10988000.0,0.6455175655034661,492708000.0,159100000.0,24194000.0,26577000.0,320960000.0,0.0,-143406000.0,125506720.08,400452720.08,23.274259722013763,0.9103360048161945,0.5845044123497082,1.8101194217473286,0.0015920766290389043,23.274259722013763,-0.01556882463859208,7.373206443426154,-12.667210343157045,0.7888543059710873,-1.5575292692773517,0.0,0.030739389871242345,0.03454784578289778,0.49080031606276103,-0.005027318411716473,-11.889609708222812,0.6455175655034661,0.41935483870967744,-0.7546463215601226,0.0,16.11866954807913,0.05653846153846154,0.1591989137813985,2.3786008230452675,0.882223886733725,0.8631813784574887,0.0,REIT—Industrial,Real Estate,PLYM
2019Q1,2019,Q1,2019-05-09,2019-03-31,-2946000.0,16662000.0,243000.0,-0.62,10400000.0,0.6241747689353019,473506000.0,107821000.0,14121000.0,57633000.0,352264000.0,0.0,-140929000.0,79708600.5,395336600.5,22.80634772906344,0.24501587632085783,0.6774972228440611,2.9752923827454762,0.0004640713285614608,22.80634772906344,-0.02732306322516022,4.783855509542672,-6.764137856415479,0.7392678652581594,-0.7739307535641547,0.0,0.02860419058543124,0.03518857205610911,0.08972290180972707,-0.0062216740653761515,-15.601605108631826,0.6241747689353019,0.21518987341772156,-5.036198047131236,0.0,14.476050059208445,0.18491511906118263,0.20378378378378378,1.4774066797642436,0.8421388323239843,1.6584404061379403,2.0976289154228627,REIT—Industrial,Real Estate,PLYM
2018Q4,2018,Q4,2019-03-08,2018-12-31,-3700000.0,13637000.0,-509000.0,-0.79,8777000.0,0.6436166312238762,470163000.0,109453000.0,14961000.0,50183000.0,346243000.0,0.0,-137983000.0,59216560.0,371002560.0,23.307708688245317,0.2981288484148018,0.6746171008777807,2.8978648369619835,-0.000991984874930133,23.307708688245317,-0.03380446401651851,4.34234509056244,-4.001118918918919,0.541022722081624,-1.047837837837838,0.0,0.06547155052573131,0.02900483449356925,0.1074865990474862,-0.007869611177400178,1.1114010622923745,0.6436166312238762,0.202020202020202,-1.3799013452345479,0.0,16.04785063155953,0.20167031763417306,0.13973494536154382,-0.5014749262536873,0.5972522639332591,1.2451077607198098,2.3848541705315727,REIT—Industrial,Real Estate,PLYM
2018Q3,2018,Q3,2018-11-13,2018-09-30,-4301000.0,11653000.0,-339000.0,-0.99,7304000.0,0.6267913841929117,353258000.0,44026000.0,11557000.0,52234000.0,304300000.0,0.0,-134283000.0,67827210.33,342621210.33,10.119321385335235,0.22125435540069685,0.7947732252348142,6.377140780447917,-0.0009515111978243099,10.119321385335235,-0.09769227274792168,5.820579278297434,-3.942525594629156,1.5406171428246946,-0.5370843989769821,0.0,0.034057128234541094,0.03298722180389404,0.11421679365930237,-0.01217523736192811,-2.7863127112516946,0.6267913841929117,0.49746192893401014,-3.729076665950883,0.0,6.132912697412518,-0.11573849878934625,0.3585384041759881,-2.197879858657244,0.5479975709509155,0.9881004128676317,1.6803307709261097,REIT—Industrial,Real Estate,PLYM
2018Q2,2018,Q2,2018-08-08,2018-06-30,-6705000.0,12047000.0,283000.0,-1.97,8260000.0,0.6856478791400349,332632000.0,33007000.0,12128000.0,35542000.0,294118000.0,0.0,-129982000.0,54400192.0,320686192.0,9.707906913269717,0.3412300939733273,0.8135026094903677,8.198170085133457,0.0008295682323277867,9.707906913269717,-0.20313872814857453,4.515662986635677,-2.028344220730798,1.6481410609870635,-0.3855331841909023,0.0,0.047518214641595384,0.036217200990884824,0.12129311800123797,-0.020157411193150388,-3.7694146341463415,0.6856478791400349,-0.7909090909090908,-6.7114233772654455,0.0,18.566640945578882,0.11215834118755891,-0.672069825436409,1.5799180327868851,0.4257692142190295,1.6419023795134673,1.7651682224190797,REIT—Industrial,Real Estate,PLYM
2018Q1,2018,Q1,2018-05-03,2018-03-31,-4010000.0,11879000.0,-488000.0,-1.1,7427000.0,0.6252209781968179,319077000.0,41820000.0,13097000.0,39572000.0,270763000.0,0.0,-123277000.0,62660132.96,304031132.96,11.466103981276966,0.33096633983624785,0.7764677491639949,5.924270683883309,-0.0015108008864527388,11.466103981276966,-0.09588713534194165,5.274865978617729,-3.9064920798004987,1.498329339072214,-0.5763092269326683,0.0,0.03688150488725041,0.03722925814145175,0.16127564944910544,-0.01256749938102715,173.57377551246537,0.6252209781968179,0.09090909090909081,-5.472732205600072,0.0,25.610887645859044,0.46662717219589256,0.09358047016274865,0.7464935064935065,0.811773778552143,1.4359670942525873,2.239172246293138,REIT—Industrial,Real Estate,PLYM
2017Q4,2017,Q4,2018-03-08,2017-12-31,-4424000.0,8185000.0,-1925000.0,-1.21,5064000.0,0.6186927306047648,329953000.0,53027000.0,19163000.0,38209000.0,269811000.0,0.0,-119213000.0,67562880.0,300279880.0,14.50410284463895,0.5015310528932974,0.7444454210145082,4.632206234559753,-0.005803947580824354,14.50410284463895,-0.08342919644709298,8.254475259621259,-3.8179746835443042,1.2741222396137817,-0.34312839059674505,0.0,0.022467958737105345,0.02480656335902386,0.3380093695202701,-0.0134079702260625,-0.5932553014005356,0.6186927306047648,-0.6351351351351351,-2.598220051685348,487.7167042753927,36.261473070329885,0.12358553361437763,-0.6495152870991797,-7.75,0.7268254336171996,2.047825848619407,5.251014934124598,REIT—Industrial,Real Estate,PLYM
2017Q3,2017,Q3,2017-11-09,2017-09-30,-2682000.0,6666000.0,-220000.0,-0.74,4507000.0,0.6761176117611761,197591000.0,10481000.0,10818000.0,31544000.0,179348000.0,0.0,-114789000.0,66211978.830000006,228934978.83,2.882545022404974,0.34294953081410096,0.856294061976507,16.143116114874534,-0.0011567075601003666,2.882545022404974,-0.25589161339566835,9.932790103510351,-6.171884678411634,6.317334112203034,0.0,0.0,0.0,0.03373635438861082,0.20520542733958916,-0.013573492719810112,-1.3772642502340096,0.6761176117611761,0.41269841269841273,-1.8242000521548052,402.52683183194074,3.1984195273629417,0.28404558404558405,-1.3140638481449525,0.6113074204946997,-1.1562161438671719,0.0,1.8329851894372131,REIT—Industrial,Real Estate,PLYM
2017Q2,2017,Q2,2017-08-14,2017-06-30,-1159000.0,5027000.0,-566000.0,-1.26,3510000.0,0.6982295603739805,163812000.0,11378000.0,32889000.0,5563000.0,152434000.0,0.0,-112107000.0,17304093.75,134044093.75,12.328730015115642,5.9120977889627895,0.8895624252191536,12.807259623835472,-0.0012398077983988764,12.328730015115642,-0.10186324485849886,3.4422307041973346,-3.732548263589301,1.520837910880647,0.0,0.0,0.0,0.030687617512758527,5.209599137156211,-0.007075183747222426,-9.150763484928609,0.6982295603739805,-9.500000000000002,-182181.9423167567,0.0,221.17455802872016,-0.0056657223796034,-1.6281179138321995,-17.17142857142857,-5.081262294404605,0.0,8.068020104485988,REIT—Industrial,Real Estate,PLYM
2017Q1,2017,Q1,2017-03-31,2017-03-31,-441000.0,4938000.0,35000.0,-0.12,3530000.0,0.7148643175374646,137443000.0,-98467000.0,5025000.0,5077000.0,176905000.0,0.0,-110947000.0,66695049.78,211094049.78,-27.15056268753264,0.9897577309434705,1.0589844517363562,-1.478160195801639,0.0001127710112613855,-27.15056268753264,0.0044786578244488005,13.506490437424059,-37.808985136054424,-0.677334028456234,0.0,0.0,0.0,0.03592762090466593,0.22670868623202678,-0.0032086028389950744,103.56374189440994,0.7148643175374646,-3.1978021978021975,-2152.219512195122,24086.80487804878,-490.21624642901503,0.05467582910068718,-3.227272727272727,1.0980392156862746,-0.17789090753689926,0.0,-19.4239700402563,REIT—Industrial,Real Estate,PLYM
2016Q4,2016,Q4,2016-12-31,2016-12-31,198000.0,4910000.0,-357000.0,0.0546,3347000.0,0.6816700610997963,145746000.0,-98026000.0,10201000.0,5559000.0,183322000.0,0.0,-110506000.0,66695049.78,211069049.78,-27.028964607513934,1.83504227379025,0.9970428004885211,-1.4824128292493828,0.0007107780431304887,-27.028964607513934,-0.00201987227878318,13.58351319348269,84.21092143939394,-0.6803812231448799,0.0,0.0,0.0,0.03368874617485214,0.169275049469329,0.0013585278498209213,-17.101294815384616,0.6816700610997963,1.0169040247678018,1.1623424540275689,295.3292171202494,-70.4382167328634,-0.06167647883375386,1.016907181282555,-0.42231075697211157,1.1649068276423822,0.0,-20.76967180763645,REIT—Industrial,Real Estate,PLYM
2016Q3,2016,Q3,2016-09-30,2016-09-30,-11711000.0,5063000.0,-251000.0,-3.23,3567000.0,0.7045230100730792,,,,,,,,66695049.78,,,0.0,0.0,0.0,0.0,,0.0,13.173029780762395,-1.4237693147468191,0.0,0.0,0.0,0.0,0.0,0.0,0.0,23.982398338727076,0.7045230100730792,-0.04870129870129867,0.0,0.0,0.0,0.04911764705882353,-0.04956085319949812,0.20569620253164558,-14.447096563149621,0.0,0.0,REIT—Industrial,Real Estate,PLYM
2016Q2,2016,Q2,2016-06-30,2016-06-30,-11158000.0,4847000.0,-316000.0,-3.08,3400000.0,0.7014648236022282,,,,,,,,66695049.78,,,0.0,0.0,0.0,0.0,,0.0,13.760068037961625,-1.4943325367449365,0.0,0.0,0.0,0.0,0.0,0.0,0.0,73.85941282392027,0.7014648236022282,0.22025316455696203,0.0,0.0,0.0,0.001177856301531213,0.2205923442302319,0.40601503759398494,-11.030694552115937,0.0,0.0,REIT—Industrial,Real Estate,PLYM
2016Q1,2016,Q1,2016-05-16,2016-03-31,-14316000.0,4808000.0,-532000.0,-3.95,3396000.0,0.7063227953410982,147517000.0,-75355000.0,1675000.0,21566000.0,222872000.0,0.0,-87835000.0,66695049.78,265270049.78,-20.777830657164554,0.07766855235092275,1.3523865046062489,-2.647468648397585,-0.004285311530871159,-20.777830657164554,0.18998075774666578,13.87168256655574,-1.1646942194048617,-0.8850779613827882,0.0,0.0,0.0,0.03259285370499671,0.042891588611703606,-0.09704644210497773,152.97029766055047,0.7063227953410982,-1.0153061224489797,-69835.14634146342,23452.658536585364,-375.38827474847847,0.10081037277147488,-1.0177589852008457,0.3878020713463751,-22.239203412831888,0.0,-49.22183001700931,REIT—Industrial,Real Estate,PLYM
2015Q4,2015,Q4,2016-03-30,2015-12-31,-7095000.0,4691000.0,-869000.0,-1.96,3085000.0,0.657642293753997,150051000.0,-61039000.0,1455000.0,12349000.0,211090000.0,0.0,-73519000.0,66695049.78,262797049.78,-16.83044264458453,0.11782330553081222,1.3115540716156506,-3.2241681547862844,-0.006400954618778589,-16.83044264458453,0.11623715984862137,14.217661432530377,-2.350072226215645,-1.0926628840577335,0.0,0.0,0.0,0.031262704013968586,0.056522795368046,-0.04728392346602155,-69.83774846073298,0.657642293753997,0.1050228310502283,-4.817271269321212,282.2012948087759,-44.23790944399699,-0.11907481439177613,0.10552193645990923,0.4116452268111036,-4.817271269321212,282.2012948087759,-44.23790944399699,REIT—Industrial,Real Estate,PLYM
2015Q3,2015,Q3,2015-11-13,2015-09-30,-7932000.0,4886000.0,-1477000.0,-2.19,3502000.0,0.716741711011052,154105000.0,-53944000.0,2444000.0,11840000.0,208049000.0,0.0,-66424000.0,66695049.78,259143049.78,-14.874119792582903,0.20641891891891892,1.2597579572369488,-3.598824707103663,-0.01053562639541768,-14.874119792582903,0.14704137624202876,13.650235321326239,-2.10208805408472,-1.236375681818182,0.0,0.0,0.0,0.031705655235067,0.1424831081081081,-0.051471399370559036,-72.10275651891892,0.716741711011052,0.3615160349854228,0.0,0.0,0.0,-0.028840820854132,0.36314733038940183,-0.056509298998569386,-7.374022793135666,295.5345633307034,-22.66411782092966,REIT—Industrial,Real Estate,PLYM
2015Q2,2015,Q2,2015-08-12,2015-06-30,-12455000.0,4864000.0,-1398000.0,-3.43,3606000.0,0.7413651315789473,157920000.0,-46013000.0,1697000.0,10196000.0,203933000.0,0.0,-58493000.0,66695049.78,257266049.78,-12.687284480500466,0.16643781875245195,1.2128229483282675,-4.162497555038794,-0.009607190961818632,-12.687284480500466,0.27068437180796734,13.711975694901316,-1.3387203890004016,-1.4494827500923653,0.0,0.0,0.0,0.030800405268490375,0.09395841506473127,-0.07886904761904762,-55.99920216624685,0.7413651315789473,0.4126712328767123,0.0,0.0,0.0,0.07964071856287425,0.4120562688821752,0.1396923076923077,-498199.0,0.0,-229.63602484472048,REIT—Industrial,Real Estate,PLYM
2015Q1,2015,Q1,2015-05-07,2015-03-31,-21184000.0,4849000.0,-1625000.0,-5.84,3340000.0,0.6888018148071767,163271000.0,-33558000.0,3281000.0,8533000.0,196829000.0,0.0,-46038000.0,66695049.78,250108049.78,-9.253034850947225,0.38450720731278565,1.138940779440317,-5.541331426187496,-0.010662869591464456,-9.253034850947225,0.6312652720662734,13.754392612909879,-0.7870922604324019,-1.9874560396924725,0.0,0.0,0.0,0.029699089244262605,0.2980194538849174,-0.1297474750568074,-38.911931026837806,0.6888018148071767,-0.31828442437923254,-103337.58536585367,23652.658536585368,-167.72711464414363,0.25375375375375375,-0.31864358733302905,0.4923098216023577,-103337.58536585367,23652.658536585368,-167.72711464414363,REIT—Industrial,Real Estate,PLYM
2014Q4,2014,Q4,2015-03-13,2014-12-31,-16064993.0,2664000.0,-3200771.0,-4.43,2664000.0,1.0,169528000.0,-12374000.0,5718000.0,5802000.0,181902000.0,0.0,-24854000.0,66695049.78,235348049.78,-3.411915288325316,0.9855222337125129,1.0241788967014298,-14.031598513011152,-0.01984937334499203,-3.411915288325316,1.2982861645385486,25.035679346846848,-1.037894161858645,-5.389934522385647,0.0,0.0,0.0,0.015714218300221794,0.8572905894519132,-0.09476306568826388,-0.42253541777986403,1.0,-12.02941176470588,-12.171870644220775,160.69308236422492,-9.765312201379755,0.0,-11.948778751903225,-1.764339797163607,-12.171870644220775,160.69308236422492,-9.765312201379755,REIT—Industrial,Real Estate,PLYM
2014Q3,2014,Q3,2014-11-13,2014-09-30,-1240657.0,0.0,-1157879.0,-0.34,0.0,0.0,6931004.0,3690147.0,178221.0,1240857.0,3240857.0,0.0,-8789917.0,66695049.78,68516828.78,1.0174938552988362,0.14362734787328435,0.2885584830134278,0.5419838288284993,-0.2034884160286193,1.0174938552988362,-0.3362080155614397,0.0,-13.439461869799631,18.07381922183588,0.0,0.0,0.0,0.0,0.14362734787328435,-0.17900105092999513,-153.38013218807134,0.0,-0.6190476190476192,0.0,0.0,0.0,0.0,-0.6565240496053152,-0.7842290338884849,0.0,0.0,0.0,REIT—Industrial,Real Estate,PLYM
2014Q2,2014,Q2,2014-08-13,2014-06-30,-748952.0,0.0,-648952.0,-0.21,0.0,0.0,5469382.0,4930804.0,374499.0,538578.0,538578.0,0.0,-7549260.0,66695049.78,66344230.78,1.3595834452348166,0.6953477490725577,0.0,0.0,-0.13161180205094342,1.3595834452348166,-0.15189247027462457,0.0,-22.262791801076705,13.526201767500798,0.0,0.0,0.0,0.0,0.6513801157863857,-0.1369353978200828,-95.56438003917428,0.0,-1.0999999999999999,0.0,0.0,0.0,0.0,-1.000416668892462,-0.7333212250065438,0.0,0.0,0.0,REIT—Industrial,Real Estate,PLYM
2014Q1,2014,Q1,2014-05-15,2014-03-31,-374398.0,0.0,-374398.0,-0.1,0.0,0.0,5538228.0,5344505.0,753597.0,193721.0,193723.0,0.0,-6800308.0,66695049.78,66061595.78,1.473654300794496,3.89011516562479,0.0,0.0,-0.07005288609515754,1.473654300794496,-0.07005288609515754,0.0,-44.53485981495628,12.479181847523765,0.0,0.0,0.0,0.0,3.373883058625549,-0.06760248946052781,-122.2900741129186,0.0,0.696969696969697,-1827.3317073170733,-1.0,25.55324804372128,0.0,0.6881778461835729,0.6881778461835729,-1827.3317073170733,-1.0,25.55324804372128,REIT—Industrial,Real Estate,PLYM
2013Q4,2013,Q4,2014-04-15,2013-12-31,-1200678.0,0.0,-1200678.0,-0.33,0.0,0.0,5198594.0,4958403.0,279882.0,240191.0,240191.0,0.0,-6235036.0,66695049.78,66429097.78,1.3671933894761688,1.165247657072913,0.0,0.0,-0.24215014390722175,1.3671933894761688,-0.24215014390722175,0.0,-13.886955907412313,13.450913485652539,0.0,0.0,0.0,0.0,1.165247657072913,-0.2309620639734513,-67.0506192136902,0.0,-0.5714285714285715,0.015550439308519444,1.0,2.51236062027299,0.0,-0.5837237646016018,-0.5837237646016018,0.015550439308519444,1.0,2.51236062027299,REIT—Industrial,Real Estate,PLYM
2013Q3,2013,Q3,2013-11-14,2013-09-30,-758136.0,0.0,-758136.0,-0.21,0.0,0.0,5548026.0,5145130.0,4175211.0,402896.0,402896.0,0.0,-4857439.0,66695049.78,62519847.78,1.4186801121239077,10.362999384456534,0.0,0.0,-0.1473502127254316,1.4186801121239077,-0.1473502127254316,0.0,-21.99310208854348,12.962753084956065,0.0,0.0,0.0,0.0,10.362999384456534,-0.13664968404978636,-124.79380321905839,0.0,0.19230769230769237,0.0,0.0,0.0,0.0,0.18256832362762423,0.18256832362762423,0.0,0.0,0.0,REIT—Industrial,Real Estate,PLYM
2013Q2,2013,Q2,2013-08-14,2013-06-30,-927461.0,0.0,-927461.0,-0.26,0.0,0.0,2062185.0,1799373.0,631978.0,262812.0,262812.0,0.0,-3941901.0,66695049.78,66077054.78,0.4961458096088402,2.4046771075902167,0.0,0.0,-0.5154356545307727,0.4961458096088402,-0.5154356545307727,0.0,-17.977858308866896,37.0657166579692,0.0,0.0,0.0,0.0,2.4046771075902167,-0.44974674920048396,-111.05550486549132,0.0,-0.5294117647058822,0.0,0.0,0.0,0.0,-0.5055500723993065,-0.5055500723993065,0.0,0.0,0.0,REIT—Industrial,Real Estate,PLYM
2013Q1,2013,Q1,2013-05-16,2013-03-31,-616028.0,0.0,-616028.0,-0.17,0.0,0.0,2000290.0,1562674.0,362445.0,264107.0,437616.0,0.0,-2956287.0,66695049.78,66519693.78,0.43088017708651,1.3723415130988577,0.0,0.0,-0.39421402032669645,0.43088017708651,-0.39421402032669645,0.0,-27.06656587849903,42.68007900560194,0.0,0.0,0.0,0.0,0.7153767223133048,-0.30796934444505547,-83.86529477003863,0.0,0.5,-3006.014634146342,-1.0,6.763875294994412,1.0,0.4949116299510349,0.4949116299510349,-3006.014634146342,-1.0,6.763875294994412,REIT—Industrial,Real Estate,PLYM
2012Q4,2012,Q4,2013-04-15,2012-12-31,-1219644.0,-16682.0,-1219644.0,-0.34,-16682.0,1.0,1842633.0,1411701.0,183873.0,430932.0,430932.0,0.0,-2212686.0,66695049.78,66520607.78,0.3892519980963421,0.4266868090557211,0.0,0.0,-0.8639534859010513,0.3892519980963421,-0.8639534859010513,-3998.024803980338,-13.671007642394011,47.24445883370487,0.0,0.0,0.0,-0.009053349201930063,0.4266868090557211,-0.661902831437405,-113.2288049994143,1.0,-0.30769230769230776,0.0,0.0,0.0,-2.0124415852400315,-0.28761052137054416,-0.28761052137054416,0.0,0.0,0.0,REIT—Industrial,Real Estate,PLYM
2012Q3,2012,Q3,2012-11-13,2012-09-30,-947215.0,16477.0,-947215.0,-0.26,16477.0,1.0,2490016.0,2490016.0,723539.0,0.0,-2490016.0,0.0,-945964.0,66695049.78,66071510.78,0.6865786050246202,0.0,0.0,0.0,-0.3804051861514143,0.6865786050246202,-0.3804051861514143,4047.76657037082,-17.602933278083647,26.784988441841335,0.0,0.0,0.0,0.006617226555973937,0.0,-0.3804051861514143,-77.22087246379496,1.0,0.0,0.0,0.0,0.0,0.0,-37887.6,-37887.6,0.0,0.0,0.0,REIT—Industrial,Real Estate,PLYM
2012Q2,2012,Q2,2012-08-14,2012-06-30,-25.0,0.0,-25.0,0.0,0.0,0.0,201250.0,201250.0,201250.0,0.0,-201250.0,0.0,1250.0,66695049.78,66593799.78,0.05549118731012363,0.0,0.0,0.0,-0.00012422360248447205,0.05549118731012363,-0.00012422360248447205,0.0,-666950.4978,331.40397406211184,0.0,0.0,0.0,0.0,0.0,-0.00012422360248447205,-666.7838018495377,0.0,0.0,0.0,0.0,0.0,-1.0,-1.1219512195121952,0.0,0.0,0.0,0.0,REIT—Industrial,Real Estate,PLYM
2012Q1,2012,Q1,2012-05-11,2012-03-31,205.0,205.0,0.0,0.0,205.0,1.0,201275.0,201275.0,201275.0,0.0,-201275.0,0.0,1275.0,66695049.78,66493774.78,0.055498080625317435,0.0,0.0,0.0,0.0,0.055498080625317435,0.0010185070177617687,325341.70624390244,81335.42656097561,331.3628109800025,0.0,0.0,0.0,0.0010185070177617687,0.0,0.0010185070177617687,0.0,1.0,0.0,0.0,0.0,0.0,0.0,0.0,0.0,0.0,0.0,0.0,REIT—Industrial,Real Estate,PLYM
2011Q3,2011,Q3,2011-09-30,2011-09-30,0.0,0.0,0.0,0.0,0.0,0.0,,,,,,,,0.0,,0.0,0.0,0.0,0.0,0.0,0.0,0.0,0.0,0.0,0.0,0.0,0.0,,0.0,0.0,0.0,0.0,0.0,0.0,0.0,0.0,0.0,0.0,0.0,0.0,0.0,0.0,0.0,REIT—Industrial,Real Estate,PLYM
2011Q2,2011,Q2,2011-06-30,2011-06-30,0.0,0.0,0.0,0.0,0.0,0.0,,,,,,,,0.0,,0.0,0.0,0.0,0.0,0.0,0.0,0.0,0.0,0.0,0.0,0.0,0.0,,0.0,0.0,0.0,0.0,0.0,0.0,0.0,0.0,0.0,0.0,0.0,0.0,0.0,0.0,0.0,REIT—Industrial,Real Estate,PLYM
