Year,Date,FillingDate,NetIncome,Revenue,OperatingIncome,EPSDiluted,GrossProfit,GrossProfitRatio,TotalAssets,CommonStockEquity,CurrentAssets,CurrentLiability,TotalLiability,Inventory,RetainedEarnings,EnterpriseValue,bookValuePerShare,currentRatio,debtToAssets,debtToEquity,roic,shareholdersEquityPerShare,roe,priceToSalesRatio,peRatio,pbRatio,payoutRatio,inventoryTurnover,dividendYield,assetTurnover,quickRatio,returnOnAssets,priceToFreeCashFlowsRatio,grossProfitMargin,epsdilutedGrowth,fiveYNetIncomeGrowthPerShare,fiveYRevenueGrowthPerShare,fiveYShareholdersEquityGrowthPerShare,grossProfitGrowth,netIncomeGrowth,operatingIncomeGrowth,threeYNetIncomeGrowthPerShare,threeYRevenueGrowthPerShare,threeYShareholdersEquityGrowthPerShare,Industry,Sector,Price,MarketCap,AvgVolume,Symbol
2022,2022-12-31,2023-02-16,104778000.0,2225659000.0,110847000.0,2.07,1594744000.0,0.7165266557,1820970000.0,897296000.0,759868000.0,359243000.0,923674000.0,346183000.0,1939497000.0,2322365320.0,17.945202191912323,2.11519222364806,0.2630499129584782,0.5338327597582069,0.08985289435389449,17.945202191912323,0.11677083147590094,0.9471730934523213,20.11953196281662,2.349374476204062,0.7350302544427265,1.8224898391890993,0.036533168654278504,1.2222381478003481,0.9070990944847916,0.057539662926901596,43.01686160878259,0.7165266557006262,-0.27622377622377625,-0.14511526679858505,0.03131499084569262,0.3449045225152032,-0.21069704411798187,-0.28851194437276767,-0.5262786761940579,-0.32967654483566733,0.02097485716703431,0.13823175578647542,Household & Personal Products,Consumer Defensive,29.71,1482686463,524149,NUS
2021,2021-12-31,2022-02-16,147266000.0,2695669000.0,233992000.0,2.86,2020446000.0,0.7495156119,1906480000.0,912772000.0,872950000.0,529694000.0,993708000.0,399931000.0,1911734000.0,2672741750.0,18.185244954475724,1.648026974064271,0.24392597876715202,0.5094810094963473,0.10107739533786769,18.185244954475724,0.16133930488665296,0.9449582830829749,17.29723595398802,2.790724025276849,0.517919954368286,1.688348740157677,0.029942353549780608,1.4139508413411104,0.7478147760782641,0.07724497503252066,34.91022996697137,0.749515611894487,-0.21212121212121213,0.13622939181747815,0.34793235206320156,0.5174315861541837,0.05017916675762745,-0.23040422251835593,-0.09151900110263857,0.3280209704135776,0.10599301422259315,0.2831849459542681,Household & Personal Products,Consumer Defensive,29.71,1482686463,524149,NUS
2020,2020-12-31,2021-02-11,191355000.0,2581934000.0,257564000.0,3.63,1923906000.0,0.7451414327,1957076000.0,894271000.0,903198000.0,542856000.0,1062805000.0,314366000.0,1840740000.0,2954624480.0,17.100179746060885,1.6637892921879835,0.25567581432708797,0.5595362032314589,0.12333021026689969,17.100179746060885,0.21397876035340518,1.1065079432704321,14.930001724543388,3.1947032610919956,0.4096417653053226,2.093190739456557,0.027437489483468285,1.3192814177885785,0.8976026791635351,0.09777596782138251,9.06047380739444,0.7451414327399538,0.1709677419354838,0.5950527492701339,0.27429517204253157,0.20122807526975833,0.046171932946020545,0.1025738535202503,0.35008596469157544,0.4927812633526743,0.14392287691558747,0.2815742520117785,Household & Personal Products,Consumer Defensive,29.71,1482686463,524149,NUS
2019,2019-12-31,2020-02-13,173553000.0,2420416000.0,190776000.0,3.1,1838996000.0,0.7597850948,1769006000.0,875289000.0,740166000.0,356760000.0,893717000.0,275891000.0,1727772000.0,2407159640.0,15.765859721171513,2.07468886646485,0.26436428141001217,0.5342943873394959,0.08956921664654154,15.765859721171513,0.19828079639981766,0.9399738061556361,13.10912309208138,2.599287366801136,0.4735671523972504,2.1074264836475276,0.03612500615569859,1.3682350427302112,1.105563964570019,0.09810763784859972,20.338336193949797,0.7597850947936222,0.4351851851851851,-0.023839340232242812,0.0022993588939611317,-0.011779415400519948,-0.10067740313800207,0.4238844175342735,-0.20793822137341195,0.2106120576054064,0.09421052854418543,0.3155507986651344,Household & Personal Products,Consumer Defensive,29.71,1482686463,524149,NUS
2018,2018-12-31,2019-02-14,121887000.0,2679008000.0,240860000.0,2.16,2044868000.0,0.763292980088152,1694446000.0,781867000.0,799237000.0,439655000.0,912579000.0,295821000.0,1635751000.0,3427128100.0,14.171959398223672,1.8178731050482766,0.2540435044846516,0.5505578314470364,0.11023978964396812,14.171959398223672,0.15589224254252962,1.2629958925094662,27.759942405670827,4.327559674471489,0.6611123417591703,2.1436612005232893,0.023815335496665792,1.5810524501813572,1.0270302851099158,0.07193324543833206,25.56208193885183,0.763292980088152,-0.08474576271186429,-0.6451564596388432,-0.10415176280255557,-0.032677063409618796,0.15072810056831068,-0.058329534831616923,-0.1224957465489666,-0.036929430802662,0.2533270115826176,-0.00446920655024725,Household & Personal Products,Consumer Defensive,29.71,1482686463,524149,NUS
2017,2017-12-31,2018-02-16,129437000.0,2279099000.0,274483000.0,2.36,1777021000.0,0.7797032950301852,1589872000.0,704596000.0,777789000.0,447370000.0,885276000.0,253454000.0,1609168000.0,3565184380.0,13.343104950195054,1.7385810403022106,0.24444106192196605,0.5515643006772676,0.12237419019906864,13.343104950195054,0.1837038529880953,1.5808674305065291,27.835575453695625,5.113502460984734,0.5876063258573669,1.9809432875393562,0.021109904008805132,1.433510999627643,1.053807810090082,0.08141347227952943,14.863730378425654,0.7797032950301852,-0.07450980392156861,-0.32982248512429,0.2054801412241538,0.36907506109225713,0.04081260908782082,-0.09539018492375215,0.18770337164220438,-0.23458290827045203,-0.007749859287671747,-0.1636402195976049,Household & Personal Products,Consumer Defensive,29.71,1482686463,524149,NUS
2016,2016-12-30,2017-02-27,143086000.0,2207797000.0,231104000.0,2.55,1707340000.0,0.7733229096696843,1272500000.0,664070000.0,649261000.0,41261000.0,809975000.0,249936000.0,1558589000.0,2707231360.0,11.98422724319642,15.735464482198687,0.21612809430255403,0.4141476049211679,0.16544162698152587,11.98422724319642,0.2154682488291897,1.1991978248000157,18.503454985113848,3.986907042932221,0.5481878031393708,2.0023405991933934,0.02962624026596068,1.7350074656188605,9.678025253871695,0.11244479371316307,11.764849939122476,0.7733229096696843,0.13333333333333325,0.04524942884815063,0.4179627793107707,0.2953089811092113,-0.02856099188807974,0.0754626219503029,-0.0555696316335788,-0.5852601013413038,-0.2649468716828145,-0.18200316809345077,Household & Personal Products,Consumer Defensive,29.71,1482686463,524149,NUS
2015,2015-12-31,2016-02-18,133046000.0,2247047000.0,244702000.0,2.25,1757537000.0,0.7821540893448157,1505843000.0,825621000.0,706392000.0,407597000.0,680222000.0,265256000.0,1493941000.0,2157746330.0,14.235581150749177,1.7330647674050594,0.1657503471477438,0.302310624366386,0.14285392082539042,14.235581150749177,0.16114657936268578,0.977952988967298,16.516891375915097,2.6616405469337625,0.6102175187529125,1.8454247971770668,0.03694505853823866,1.4922186443075407,0.8321675576611212,0.08835316829178075,8.277265289825868,0.7821540893448157,-0.27652733118971057,0.051647753439507414,0.5719376883777385,0.8840850513682281,-0.15949989024710423,-0.296707827631412,-0.30519495269571933,-0.37279288237677705,0.08214826632625527,0.46064796809986935,Household & Personal Products,Consumer Defensive,29.71,1482686463,524149,NUS
2014,2014-12-31,2015-03-02,189176000.0,2569495000.0,352188000.0,3.11,2091061000.0,0.8138023230245632,1614434000.0,942438000.0,834667000.0,418329000.0,671996000.0,338491000.0,1442082000.0,2540412100.0,15.953785993601137,1.9952405881495188,0.15320353758654737,0.26244378940577523,0.18759498913520095,15.953785993601137,0.20073044592853853,1.0046682713918493,13.645970419080646,2.7391617273497038,0.4301338436165264,1.4134319671719484,0.031520942110140185,1.5915763667018905,0.8032959703965061,0.11717790879032527,-16.344751804482716,0.8138023230245632,-0.4764309764309765,1.2574241088199627,1.0696258039795623,1.6894758890585535,-0.2170985041813433,-0.4815505031680954,-0.36441008316008316,0.2962943641570134,0.5479904166732763,0.724356678227851,Household & Personal Products,Consumer Defensive,29.71,1482686463,524149,NUS
2013,2013-12-31,2014-03-18,364888000.0,3176718000.0,554112000.0,5.94,2670912000.0,0.8407771794663549,1821062000.0,858619000.0,1118334000.0,776792000.0,962443000.0,339669000.0,1334277000.0,7757044320.0,14.65070129338293,1.4396826949814108,0.09976376422109735,0.21159093847212793,0.3489733117279431,14.65070129338293,0.4249707961272695,2.549965505279348,22.200021157176998,9.434360665207734,0.1932483392164171,1.4891144025507186,0.008704871848914534,1.7444315459880004,0.7927205738473104,0.20037099231108002,23.474804809417137,0.8407771794663549,0.6875000000000001,5.051094823387172,1.7592262766885847,1.9428364828349354,0.47035197125039635,0.6462721920187687,0.6257056013894919,1.8542466898770582,1.1992028153473262,0.9390263738878881,Household & Personal Products,Consumer Defensive,29.71,1482686463,524149,NUS
2012,2012-12-31,2013-02-27,221645000.0,2169664000.0,340844000.0,3.52,1816512000.0,0.8372319400607652,1152907000.0,590612000.0,599403000.0,320103000.0,562295000.0,135874000.0,1039903000.0,2119187000.0,9.746072607260727,1.8725316538739094,0.16825468142703617,0.3284423614826654,0.2788977339069074,9.746072607260727,0.37528021780796866,1.034828434264476,10.129847278305398,3.801531292963908,0.2182499041259672,2.599113884922796,0.021545231446221547,1.8819072136781196,1.1566683223837326,0.19224881104893976,10.475526172135622,0.8372319400607652,0.47899159663865554,4.400810471672167,1.0035365099446438,1.2958514874646707,0.27800349944806657,0.4455422943977043,0.45820605625005345,1.5782288391062937,0.7035423687155794,0.642984762410314,Household & Personal Products,Consumer Defensive,29.71,1482686463,524149,NUS
2011,2011-12-31,2012-02-28,153330000.0,1743991000.0,233742000.0,2.38,1421367000.0,0.8150082196525097,990956000.0,574236000.0,530087000.0,241171000.0,416720000.0,112111000.0,866632000.0,2878123620.0,9.252022041053072,2.1979715637452264,0.13779824734902457,0.23779769990038938,0.222351528549858,9.252022041053072,0.2670156521012267,1.7285327848595549,19.66050753277245,5.249663239504316,0.23894867279723472,2.8777194030915787,0.012153738778051731,1.759907604373958,1.3364625100032756,0.15472937244438703,16.517515150186842,0.8150082196525097,0.1279620853080569,4.225725566130829,0.7487528487673336,1.0134706440711712,0.12376307292374931,0.12700384414668028,0.07684440390303231,1.4009871563300758,0.43034636452217795,0.8584221640435213,Household & Personal Products,Consumer Defensive,29.71,1482686463,524149,NUS
2010,2010-12-31,2011-02-23,136051000.0,1537259000.0,217062000.0,2.11,1264828000.0,0.8227813270242685,892224000.0,471249000.0,422526000.0,216448000.0,420975000.0,114475000.0,749940000.0,1817857200.0,7.555699855699856,1.9520901094027203,0.18031122229395308,0.3413864008199487,0.22502286704681995,7.555699855699856,0.28870299990026504,1.2277151735654175,13.87212295389229,4.004923511774031,0.22924491550962506,2.3798296571303776,0.01652558272959242,1.7229518596226956,1.1829076729745713,0.1524852503407216,14.073946308724832,0.8227813270242685,0.5071428571428571,1.0639072930875237,0.46196402097014316,0.4924205302238057,0.1631564911119081,0.5142857142857142,0.46948474406450347,2.2210659488292905,0.379268133074337,0.7798723087310006,Household & Personal Products,Consumer Defensive,29.71,1482686463,524149,NUS
2009,2009-12-31,2010-03-01,89845000.0,1331058000.0,147713000.0,1.4,1087410000.0,0.8169516279531019,748449000.0,375687000.0,337943000.0,185212000.0,372762000.0,105661000.0,645078000.0,1700231710.0,5.931931220690635,1.8246279938664882,0.20912446940272483,0.4166207507845627,0.17669814394994604,5.931931220690635,0.23914854652942477,1.2785000428230775,18.94103967944794,4.529722109096136,0.3228448995492237,2.3059406971351777,0.017044729593145194,1.7784217762332504,0.974872038528821,0.12004157931936578,14.96326979046681,0.8169516279531019,0.37254901960784303,0.29186282168203764,0.3064860601204691,0.4164162094173551,0.06708313339201549,0.3748909666855403,0.1776716522626527,2.0008001480712756,0.3079913508116736,0.2909361134801634,Household & Personal Products,Consumer Defensive,29.71,1482686463,524149,NUS
2008,2008-12-31,2009-02-27,65347000.0,1247646000.0,125428000.0,1.02,1019049000.0,0.8167773551151528,709772000.0,316180000.0,290404000.0,166368000.0,393592000.0,114378000.0,584239000.0,736779300.0,4.978428593922217,1.7455520292363915,0.26622070185918856,0.5976216079448415,0.16120744957555067,4.978428593922217,0.20667657663356315,0.5309272822579482,10.136797404624543,2.0950385856157885,0.42756362189541985,1.9986098725279338,0.042179359498726844,1.7578123679153306,0.7879039238315061,0.09206759353707951,7.587735395189004,0.8167773551151528,0.5223880597014925,0.19204935623203673,0.5660226664167234,0.34880753472982207,0.07451095758680028,0.48949215900802334,0.7687589017528521,-0.026473599993813435,0.16523802995694264,-0.01664846622807689,Household & Personal Products,Consumer Defensive,29.71,1482686463,524149,NUS
TTM,,,,,,,,,,,,,,,,1751131410.0,17.98747079203932,2.0751834921452486,0.27341482863789945,0.5586805827743373,0.1344764793547487,17.98747079203932,0.08668671386012955,0.7050575105769038,19.040094010692425,1.651149310727124,0.9958160076448256,1.645138144307396,0.0521885521885522,1.1521265780466885,0.8228254571207829,0.042440036281030005,81.55591105610561,0.7131587434628693,,,,,,,,,,,Household & Personal Products,Consumer Defensive,29.71,1482686463,524149,NUS
