Quarters,Year,Quarter,FillingDate,Date,NetIncome,Revenue,OperatingIncome,EPSDiluted,GrossProfit,GrossProfitRatio,TotalAssets,CommonStockEquity,CurrentAssets,CurrentLiability,TotalLiability,Inventory,RetainedEarnings,MarketCap,EnterpriseValue,bookValuePerShare,currentRatio,debtToAssets,debtToEquity,roic,shareholdersEquityPerShare,roe,priceToSalesRatio,peRatio,pbRatio,payoutRatio,inventoryTurnover,dividendYield,assetTurnover,quickRatio,returnOnAssets,priceToFreeCashFlowsRatio,grossProfitMargin,epsdilutedGrowth,fiveYNetIncomeGrowthPerShare,fiveYRevenueGrowthPerShare,fiveYShareholdersEquityGrowthPerShare,grossProfitGrowth,netIncomeGrowth,operatingIncomeGrowth,threeYNetIncomeGrowthPerShare,threeYRevenueGrowthPerShare,threeYShareholdersEquityGrowthPerShare,Industry,Sector,Symbol
2023Q1,2023,Q1,2023-05-10,2023-03-31,511000000.0,2128000000.0,1305000000.0,1.0,2128000000.0,1.0,222256000000.0,24201000000.0,33556000000.0,1018000000.0,198055000000.0,0.0,9416000000.0,14742943785.810001,26321943785.81,49.85329800330774,32.96267190569745,0.08941490893384206,0.8211644146936077,0.022786670118327832,49.85329800330774,0.021114829965703897,6.92807508731673,7.212790501863993,0.6091873801004092,0.4657534246575342,0.0,0.016143315979341495,0.00957454466921028,32.96267190569745,0.002299150529119574,13.329967256609404,1.0,-0.2,0.32258906426939016,0.46170591335478833,0.21160145500526903,-0.030307449043294403,-0.21745788667687596,-0.05776173285198556,12.242211508941546,0.13153411559444664,-0.02855699755730119,Banks—Regional,Financial Services,CFG
2022Q4,2022,Q4,2023-02-17,2022-12-31,653000000.0,2200000000.0,1385000000.0,1.25,2194510000.0,0.9975045455,226733000000.0,23690000000.0,316000000.0,3000000.0,203043000000.0,0.0,9159000000.0,19420984031.969997,24460984031.969997,48.02410106844584,105.33333333333333,0.07008243175894113,0.6707471506964964,0.027596679384747577,48.02410106844584,0.02756437315322921,8.827720014531817,7.4352925084111785,0.8197967088210214,0.3568147013782542,0.0,0.011997332350227223,0.009703042786008212,12112.0,0.002880039517846983,13.338587934045329,0.9975045454545455,0.016260162601626032,-0.021793788936186952,0.4790411045544501,0.1660113448013649,0.016744117088358344,0.026729559748427674,0.2683150183150183,0.2787013138024801,0.18424741469937173,-0.059711839491844575,Banks—Regional,Financial Services,CFG
2022Q3,2022,Q3,2022-11-04,2022-09-30,636000000.0,2177000000.0,1092000000.0,1.23,2158370000.0,0.9914423519,224684000000.0,23146000000.0,316000000.0,263000000.0,201538000000.0,0.0,8748000000.0,17030571211.88,25158571211.879997,46.69817295647874,1.2015209125475286,0.07365455484146624,0.7149831504363605,0.021520551771835896,46.69817295647874,0.027477749935193987,7.822954162553973,6.694406922908805,0.7357889575684783,0.38207547169811323,0.0,0.014268458584083822,0.009689163447330474,126.77946768060836,0.0028306421463032525,5.842391496356775,0.9914423518603583,0.8358208955223879,0.8467967194353239,0.5245206826463513,0.16312582198100567,0.09041628776396889,0.7472527472527473,0.8230383973288815,0.27374131044152816,0.1951295681391747,-0.04747783294502987,Banks—Regional,Financial Services,CFG
2022Q2,2022,Q2,2022-08-03,2022-06-30,364000000.0,1999000000.0,599000000.0,0.67,1979400000.0,0.9901950975,226712000000.0,24328000000.0,316000000.0,3763000000.0,202384000000.0,0.0,8346000000.0,17541528857.94,28761528857.94,49.49775626923122,0.08397555142173797,0.08029129468224003,0.7482324893127261,0.010724936150436763,49.49775626923122,0.014962183492272279,8.775152004972485,12.047753336497252,0.7210427843612298,0.5989010989010989,0.0,0.01242765107679451,0.008817354176223579,8.90725484985384,0.001605561240693038,-9.32564000953748,0.9901950975487744,-0.3232323232323232,0.17929625803571872,0.47528535985992476,0.24921601948308833,0.2032826747720365,-0.13333333333333333,-0.0049833887043189366,-0.25097883876771837,0.14458829260335757,0.030004614957610524,Banks—Regional,Financial Services,CFG
2022Q1,2022,Q1,2022-05-04,2022-03-31,420000000.0,1645000000.0,602000000.0,0.99,1645000000.0,1.0,192097000000.0,22074000000.0,316000000.0,25000000.0,170023000000.0,0.0,8209000000.0,19147471191.51,14445471191.509998,52.258306592657156,12.64,0.030812558238806437,0.26814351726012503,0.016851227732306212,52.258306592657156,0.019026909486273443,11.639800116419451,11.397304280660714,0.8674219077425931,0.4714285714285714,0.0,0.010340791116468337,0.008563382041364519,1498.76,0.002186395414816473,12.739501790758482,1.0,-0.20161290322580647,0.5829835763558051,0.43353040633377354,0.34141533068845414,-0.044160371876815804,-0.20754716981132076,-0.20789473684210527,0.043493368788073916,0.13413393795850875,0.11820585173245969,Banks—Regional,Financial Services,CFG
2021Q4,2021,Q4,2022-02-23,2021-12-31,530000000.0,1721000000.0,760000000.0,1.24,1721000000.0,1.0,188409000000.0,23420000000.0,152933000000.0,73000000.0,164989000000.0,0.0,7978000000.0,20066974830.0,17597974830.0,55.145083370795255,2094.972602739726,0.0371797525595911,0.29910333048676346,0.019355427736693145,55.145083370795255,0.022630230572160546,11.66006672283556,9.46555416509434,0.8568306929974381,0.3641509433962264,0.0,0.00961779249911981,0.009134383177024452,508.7260273972603,0.002813029101582196,19.295168105769232,1.0,0.05084745762711869,1.2658446614178416,0.5166946137711433,0.4298455763191591,0.0,0.0,0.0,0.2542227842693298,0.19256522557541844,0.2379996381339528,Banks—Regional,Financial Services,CFG
2021Q3,2021,Q3,2021-11-03,2021-09-30,530000000.0,1659000000.0,0.0,1.18,0.0,0.0,187007000000.0,23423000000.0,152513000000.0,8000000.0,163584000000.0,0.0,7648000000.0,20017553964.66,12967553964.66,54.97237784110505,19064.125,0.03719112118797692,0.2969303675874141,0.0,54.97237784110505,0.022627332109465055,12.066036145063292,9.442242436160377,0.854611021844341,0.37735849056603776,0.0,0.009991230714456427,0.008871325672301037,4984.75,0.002834118508932821,15.975701488156425,0.0,-0.18055555555555558,1.1755680880388115,0.470946737622981,0.4149891036928557,0.0,-0.18209876543209877,0.0,0.33641809173330717,0.18489492723568202,0.29041807829895344,Banks—Regional,Financial Services,CFG
2021Q2,2021,Q2,2021-08-03,2021-06-30,648000000.0,1609000000.0,0.0,1.44,0.0,0.0,185104000000.0,23199000000.0,150717000000.0,62000000.0,161905000000.0,0.0,7314000000.0,19538267144.219997,13515267144.219997,54.46430444138971,2430.9193548387098,0.03791922378770853,0.30255614466140784,0.0,54.46430444138971,0.027932238458554248,12.143111960360471,7.537911706875,0.8422029891038407,0.29475308641975306,0.0,0.009775687812545009,0.00869241075287406,627.0806451612904,0.0035007347221021694,35.014815670645156,0.0,0.05109489051094879,2.3116246004826064,0.5634988210611839,0.4243989006710914,0.0,0.060556464811783964,0.0,0.735168008659654,0.21345104631643064,0.2899430337861329,Banks—Regional,Financial Services,CFG
2021Q1,2021,Q1,2021-05-05,2021-03-31,611000000.0,1659000000.0,0.0,1.37,0.0,0.0,187217000000.0,22653000000.0,152642000000.0,70000000.0,164564000000.0,0.0,6866000000.0,18805856561.399998,12223856561.399998,53.18183443198322,2180.6,0.04479294081199891,0.3701937933165585,0.0,53.18183443198322,0.02697214496976118,11.33565796347197,7.694703994026186,0.8301706865050986,0.32569558101472995,0.0,0.01058180994576221,0.00886137476831698,581.4714285714285,0.0032635925156369347,-26.86550937342857,0.0,0.383838383838384,2.3967686172827447,0.6667130794219327,0.4066499258866061,0.0,0.3399122807017544,0.0,0.8022799192126892,0.29870876806859914,0.29249599441475144,Banks—Regional,Financial Services,CFG
2020Q4,2020,Q4,2021-02-23,2020-12-31,456000000.0,1707000000.0,0.0,0.99,0.0,0.0,183349000000.0,22673000000.0,150056000000.0,12000000.0,160676000000.0,0.0,6445000000.0,15272195634.72,10591195634.72,53.08905801054224,12504.666666666666,0.04558519544693453,0.3686322939178759,0.0,53.08905801054224,0.02011202752172187,8.946804706924429,8.372914273421053,0.6735851292162484,0.4232456140350877,0.0,0.012637344663214724,0.00931011349939187,3162.6666666666665,0.0024870601966741025,20.417373843208555,0.0,0.45588235294117635,1.5492557954350052,0.7160205506196549,0.42585608914044265,0.0,0.45222929936305734,0.0,-0.2109874243598063,0.325540287581368,0.2889870408377709,Banks—Regional,Financial Services,CFG
2020Q3,2020,Q3,2020-11-04,2020-09-30,314000000.0,1791000000.0,0.0,0.68,0.0,0.0,179228000000.0,22469000000.0,146043000000.0,252000000.0,156759000000.0,0.0,6189000000.0,10790669306.880001,10607669306.880001,52.63958183185539,579.5357142857143,0.05222956234516928,0.4166184520895456,0.0,52.63958183185539,0.013974809737861053,6.0249409865326635,8.591297218853503,0.48024697613957007,0.6242038216560509,0.0,0.01816384085415654,0.009992858258754213,135.43253968253967,0.0017519583993572433,15.176750080000001,0.0,0.28301886792452835,0.7754895268983661,0.8428094582259756,0.42606335622862745,0.0,0.24110671936758893,0.0,0.05875719002104637,0.45638173371567,0.3111103285341459,Banks—Regional,Financial Services,CFG
2020Q2,2020,Q2,2020-08-06,2020-06-30,253000000.0,1750000000.0,0.0,0.53,0.0,0.0,179874000000.0,22418000000.0,147276000000.0,707000000.0,157456000000.0,0.0,6068000000.0,10767713457.72,12303713457.72,52.54879062502572,208.3111739745403,0.05257569187320013,0.421848514586493,0.0,52.54879062502572,0.011285574092247301,6.152979118697142,10.640033060988142,0.4803155258149701,0.7509881422924901,0.0,0.01764534325193971,0.009729032545003725,44.960396039603964,0.00140654013364911,-87.54238583512195,0.0,16.666666666666668,0.6784037454687364,0.8381727449550558,0.4427152898041729,0.0,6.4411764705882355,0.0,-0.05565907101730539,0.48794898744824167,0.32621750966216934,Banks—Regional,Financial Services,CFG
2020Q1,2020,Q1,2020-05-07,2020-03-31,34000000.0,1657000000.0,0.0,0.03,0.0,0.0,176719000000.0,21950000000.0,143266000000.0,1357000000.0,154769000000.0,0.0,6011000000.0,8045383499.009999,21203383499.01,51.318809109696964,105.57553426676492,0.09900463447620234,0.7970842824601366,0.0,51.318809109696964,0.0015489749430523919,4.85539136934822,59.15723161036764,0.3665322778592255,5.617647058823529,0.0,0.02374032263639178,0.009376467725598267,21.03831982313928,0.00019239583745946955,-5.990605732695458,0.0,-0.9693877551020408,-0.7922222637384906,0.7889744711335122,0.4329902972844597,0.0,-0.9244444444444444,0.0,-0.8734466090192079,0.42603855052820383,0.3172994262713926,Banks—Regional,Financial Services,CFG
2019Q4,2019,Q4,2020-02-24,2019-12-31,450000000.0,1637000000.0,0.0,0.98,0.0,0.0,165733000000.0,22201000000.0,134666000000.0,9000000.0,143532000000.0,0.0,6498000000.0,17652541849.66,28025541849.66,51.07381235396222,14962.888888888889,0.08481111184857572,0.6331246340254943,0.0,51.07381235396222,0.020269357236160534,10.783470891667685,9.806967694255556,0.7951237263934057,0.3888888888888889,0.0,0.009913586467626509,0.009877332818448952,2979.3333333333335,0.002715210609836303,29.970359676842104,0.0,0.010309278350515474,1.8734820119047264,1.311176806427593,0.44943283127124717,0.0,0.0022271714922048997,0.0,0.8796310464490288,0.40952176493900433,0.3242824236755624,Banks—Regional,Financial Services,CFG
2019Q3,2019,Q3,2019-11-06,2019-09-30,449000000.0,1638000000.0,0.0,0.97,0.0,0.0,164362000000.0,21851000000.0,131202000000.0,1165000000.0,142511000000.0,0.0,6229000000.0,15764550020.189999,24780550020.19,49.02581228199783,112.61974248927038,0.07919105389323566,0.5956706786874743,0.0,49.02581228199783,0.02054825866093085,9.624267411593406,8.777589098101336,0.7214566848286119,0.40089086859688194,0.0,0.011418023335234442,0.009965807181708667,24.105579399141632,0.002731774984485465,51.85707243483552,0.0,0.02105263157894739,1.9848653536094678,0.7726454728588679,0.41641503950149095,0.0,-0.008830022075055188,0.0,0.761954250645378,0.38840425281144764,0.2619244955936186,Banks—Regional,Financial Services,CFG
2019Q2,2019,Q2,2019-08-06,2019-06-30,453000000.0,1628000000.0,0.0,0.95,0.0,0.0,162749000000.0,22017000000.0,129505000000.0,1313000000.0,140732000000.0,0.0,5959000000.0,16310294326.0,24936294326.0,48.05585873153421,98.63290175171363,0.07279307399738247,0.538084207657719,0.0,48.05585873153421,0.020575010219375935,10.018608308353809,9.001266184326711,0.7408045749193806,0.3598233995584989,0.0,0.009993688448660555,0.010003133659807434,20.881949733434883,0.002783427240720373,582.5105116428572,0.0,0.03260869565217382,0.7690039047175549,0.679233065458586,0.3732306142797327,0.0,0.03189066059225513,0.0,1.15233465965428,0.47075867145110123,0.2567995322819918,Banks—Regional,Financial Services,CFG
2019Q1,2019,Q1,2019-05-08,2019-03-31,439000000.0,1582000000.0,0.0,0.92,0.0,0.0,161342000000.0,21531000000.0,128328000000.0,849000000.0,139811000000.0,0.0,5672000000.0,15549069555.0,24682069555.0,46.73406646163787,151.15194346289752,0.07273989413791822,0.5450745436812039,0.0,46.73406646163787,0.02038920626074033,9.828741817319848,8.854823208997722,0.7221712672425804,0.3735763097949886,0.0,0.010547254896500461,0.009805258395210174,31.326266195524145,0.0027209282146000422,37.924559890243906,0.0,-0.04166666666666659,2.2144933401392604,0.6491646870922365,0.34610631067903613,0.0,-0.05591397849462366,0.0,1.256425799170304,0.469442913919758,0.23610762634972096,Banks—Regional,Financial Services,CFG
2018Q4,2018,Q4,2019-02-21,2018-12-31,465000000.0,1588000000.0,0.0,0.96,0.0,0.0,160518000000.0,20817000000.0,128919000000.0,1653000000.0,139701000000.0,0.0,5385000000.0,13893983267.25,25757983267.25,44.5436991031079,77.99092558983666,0.1002130602175457,0.7727338233174809,0.0,44.5436991031079,0.022337512609886152,8.749359740081864,7.469883477016129,0.667434465448912,0.28817204301075267,0.0,0.009644462457059104,0.009892971504753361,16.113127646702964,0.0028968713789107765,32.84629614007092,0.0,0.05494505494505487,2.665761704048449,0.643224129619846,0.29945805597524106,0.0,0.04966139954853273,0.0,1.3756017239222353,0.45885311741701124,0.19634642201400332,Banks—Regional,Financial Services,CFG
2018Q3,2018,Q3,2018-11-07,2018-09-30,443000000.0,1564000000.0,0.0,0.91,0.0,0.0,158598000000.0,20276000000.0,125414000000.0,2387000000.0,138322000000.0,0.0,5062000000.0,18257730697.36,31769730697.36,42.60043993925626,52.540427314620864,0.11125613185538279,0.8702406786348392,0.0,42.60043993925626,0.021848490826593018,11.673740855089514,10.303459761489842,0.9004601843243243,0.291196388261851,0.0,0.0070655002058198245,0.009861410610474282,11.432760787599497,0.0027932256396675874,-55.32645665866667,0.0,0.03409090909090912,2.619593194015384,0.5959745815379424,0.0,0.0,0.042352941176470586,0.0,1.2464425071886083,0.4431939869217446,0.15409211552337598,Banks—Regional,Financial Services,CFG
2018Q2,2018,Q2,2018-08-06,2018-06-30,425000000.0,1509000000.0,0.0,0.88,0.0,0.0,155431000000.0,20467000000.0,122311000000.0,1499000000.0,134964000000.0,0.0,4755000000.0,18856555370.6,30017555370.6,42.22225556855068,81.59506337558372,0.09740656625769634,0.7397273660038111,0.0,42.22225556855068,0.020765134118336834,12.496060550430748,11.092091394470588,0.9213150618361263,0.26823529411764707,0.0,0.006045642894976561,0.009708488010757185,18.157438292194797,0.0027343322760581866,32.85114176062717,0.0,0.12820512820512817,1.125730852336764,0.46986862090659753,0.0,0.0,0.09536082474226804,0.0,1.4813397272862199,0.39495081021614126,0.15920258019710867,Banks—Regional,Financial Services,CFG
2018Q1,2018,Q1,2018-05-09,2018-03-31,388000000.0,1462000000.0,0.0,0.78,0.0,0.0,153453000000.0,20059000000.0,120446000000.0,1578000000.0,133394000000.0,0.0,4437000000.0,20465275943.64,31444275943.64,41.14661450541997,76.32826362484157,0.09761946654676025,0.7467969490004487,0.0,41.14661450541997,0.019342938331920835,13.998136760355676,13.186389138943298,1.0202540477411635,0.27835051546391754,0.0,0.005277231555412435,0.009527347135605038,17.195817490494296,0.002528461483320626,33.27687145307317,0.0,-0.4222222222222222,1.4355227604762666,0.40772714648677233,0.0,0.0,-0.4174174174174174,0.0,1.0803413582917383,0.384878878521553,0.14894909635051343,Banks—Regional,Financial Services,CFG
2017Q4,2017,Q4,2018-02-22,2017-12-31,666000000.0,1484000000.0,0.0,1.35,0.0,0.0,152336000000.0,20270000000.0,119837000000.0,1856000000.0,132066000000.0,0.0,4164000000.0,20660447050.739998,31057447050.739998,41.18664992631521,64.56734913793103,0.08941418968595735,0.6719782930439072,0.0,41.18664992631521,0.03285643808584114,13.922134131226414,7.755423067094593,1.0192623113339911,0.14414414414414414,0.0,0.0046465596685412265,0.009741623779014809,14.242456896551724,0.004371914714840878,83.98555711682926,0.0,0.9852941176470588,3.985630495975673,0.4581922592491981,0.20152401176866241,0.0,0.9137931034482759,0.0,2.7561867653799568,0.8505267700112562,0.16884328507827848,Banks—Regional,Financial Services,CFG
2017Q3,2017,Q3,2017-11-03,2017-09-30,348000000.0,1443000000.0,0.0,0.68,0.0,0.0,151356000000.0,20109000000.0,118874000000.0,1505000000.0,131247000000.0,0.0,3442000000.0,18967608948.12,31465608948.12,40.14885756464733,78.9860465116279,0.09847643965221069,0.741210403302004,0.0,40.14885756464733,0.017305684022079666,13.144566145613306,13.626155853534481,0.9432397905475159,0.25862068965517243,0.0,0.004744931227028511,0.009533814318560216,17.185382059800663,0.0022992150955363513,23.503852475985127,0.0,0.07936507936507943,1.7020053021648665,0.3992859351104113,0.0,0.0,0.09433962264150944,0.0,1.0586707064113268,0.3896439992956971,0.1599490763409805,Banks—Regional,Financial Services,CFG
2017Q2,2017,Q2,2017-08-03,2017-06-30,318000000.0,1396000000.0,0.0,0.63,0.0,0.0,151407000000.0,20064000000.0,119592000000.0,2004000000.0,131343000000.0,0.0,3191000000.0,18067347465.28,28625347465.28,39.6230559785111,59.67664670658683,0.10011426155990145,0.7554824561403509,0.0,39.6230559785111,0.015849282296650717,12.94222597799427,14.20388951672956,0.9004858186443381,0.24528301886792453,0.0,0.004317180490932192,0.009220181365458664,13.838822355289421,0.0021002991935643663,-44.066701134829266,0.0,0.03278688524590167,1.0900581990489888,0.3017209825630182,0.0,0.0,-0.00625,0.0,0.12356954404569215,0.3028194812824807,0.13225723017423044,Banks—Regional,Financial Services,CFG
2017Q1,2017,Q1,2017-05-04,2017-03-31,320000000.0,1384000000.0,0.0,0.61,0.0,0.0,150285000000.0,19847000000.0,117752000000.0,2762000000.0,130438000000.0,0.0,2944000000.0,17601547597.5,27799547597.5,38.957588598481756,42.63287472845764,0.0967628173137705,0.7327051947397591,0.0,38.957588598481756,0.016123343578374565,12.717881212066475,13.751209060546874,0.8868618732050184,0.225,0.0,0.00409054940204385,0.009209169245100976,10.107168718320057,0.002129287686728549,22.001934496875,0.0,0.10909090909090897,0.9221302480682175,0.27520372010879485,0.0,0.0,0.1347517730496454,0.0,1.118974912027011,0.3047324511919316,0.1221162597588362,Banks—Regional,Financial Services,CFG
2016Q4,2016,Q4,2017-02-24,2016-12-31,282000000.0,1368000000.0,0.0,0.55,0.0,0.0,149520000000.0,19747000000.0,117631000000.0,3211000000.0,129773000000.0,0.0,2703000000.0,18243127229.600002,30101127229.600002,38.567160177363235,36.63375895359701,0.10701578384162654,0.8103002987795614,0.0,38.567160177363235,0.014280650225350687,13.335619319883042,16.172985132624113,0.9238429751152074,0.24468085106382978,0.0,0.00378224627453376,0.009149277688603531,8.43755839302398,0.0018860353130016052,114.73664924276731,0.0,-0.01785714285714287,1.0291249127566189,0.29205440371317715,0.12510653577635733,0.0,-0.050505050505050504,0.0,1.0291249127566189,0.29205440371317715,0.12510653577635733,Banks—Regional,Financial Services,CFG
2016Q3,2016,Q3,2016-11-04,2016-09-30,297000000.0,1375000000.0,0.0,0.56,0.0,0.0,147015000000.0,20181000000.0,114772000000.0,2512000000.0,126834000000.0,0.0,2483000000.0,12835831296.960001,23614831296.96,38.8500361576195,45.689490445859875,0.09804441723633643,0.7142361627273178,0.0,38.8500361576195,0.014716812843763936,9.335150034152727,10.804571798787878,0.6360354440790843,0.20875420875420875,0.0,0.004830228643990038,0.00935278713056491,10.687898089171975,0.00202020202020202,29.78151112983759,0.0,0.21739130434782614,1.2234605553336326,0.2856088784814296,0.0,0.0,0.2222222222222222,0.0,1.2234605553336326,0.2856088784814296,0.0,Banks—Regional,Financial Services,CFG
2016Q2,2016,Q2,2016-08-05,2016-06-30,243000000.0,1278000000.0,0.0,0.46,0.0,0.0,145183000000.0,20226000000.0,114231000000.0,2856000000.0,124957000000.0,0.0,2255000000.0,10568787233.4,20766787233.4,38.23669367880682,39.996848739495796,0.10042498088619191,0.7208543458914268,0.0,38.23669367880682,0.012014239098190448,8.269786567605633,10.873237894444445,0.5225347193414417,0.29218106995884774,0.0,0.006717894724535879,0.008802683509777316,9.383053221288515,0.0016737496814365318,38.2927073673913,0.0,0.12195121951219524,1.0658782860365486,0.14078347355338502,0.0,0.0,0.08968609865470852,0.0,1.0658782860365486,0.14078347355338502,0.0,Banks—Regional,Financial Services,CFG
2016Q1,2016,Q1,2016-05-09,2016-03-31,223000000.0,1234000000.0,0.0,0.41,0.0,0.0,140077000000.0,19965000000.0,109470000000.0,3576000000.0,120112000000.0,0.0,2076000000.0,11063080075.6,22009080075.6,37.807441249792774,30.61241610738255,0.09519764129728649,0.6679188580015026,0.0,37.807441249792774,0.01116954670673679,8.96521886191248,12.402556138565023,0.5541237202905084,0.23766816143497757,0.0,0.004790709245329726,0.008809440521998614,6.825782997762864,0.0015919815530029912,34.46442391152648,0.0,-0.023809523809523832,0.29225574614005356,0.09690600665631417,0.0,0.0,0.00904977375565611,0.0,0.29225574614005356,0.09690600665631417,0.0,Banks—Regional,Financial Services,CFG
2015Q4,2015,Q4,2016-02-26,2015-12-31,221000000.0,1229000000.0,0.0,0.42,0.0,0.0,138208000000.0,19646000000.0,107525000000.0,2630000000.0,118562000000.0,0.0,1913000000.0,13819117619.7,22894117619.7,37.23311098144991,40.88403041825095,0.09055915721231766,0.6370762496182429,0.0,37.23311098144991,0.011249109233431741,11.244196598616762,15.632485995135747,0.7034061701974956,0.2398190045248869,0.0,0.0038352665820316377,0.008892394072702014,9.61254752851711,0.0015990391294281084,46.84446650745763,0.0,0.049999999999999906,0.5430876594903695,0.1263807918711343,0.08618877614700701,0.0,0.004545454545454545,0.0,0.5430876594903695,0.1263807918711343,0.08618877614700701,Banks—Regional,Financial Services,CFG
2015Q3,2015,Q3,2015-11-06,2015-09-30,220000000.0,1209000000.0,0.0,0.4,0.0,0.0,135447000000.0,19600000000.0,104479000000.0,5861000000.0,115847000000.0,0.0,1745000000.0,12669308184.3,20564308184.3,36.912512758946576,17.82613888414946,0.07393297747458416,0.5109183673469387,0.0,36.912512758946576,0.011224489795918367,10.479163097022331,14.396941118522726,0.6463932747091836,0.2727272727272727,0.0,0.00473585448606838,0.008926000575871005,4.125746459648524,0.0016242515522676766,49.68356150705882,0.0,0.142857142857143,0.6112556553006356,0.105862826481193,0.0,0.0,0.15789473684210525,0.0,0.6112556553006356,0.105862826481193,0.0,Banks—Regional,Financial Services,CFG
2015Q2,2015,Q2,2015-08-07,2015-06-30,190000000.0,1200000000.0,0.0,0.35,0.0,0.0,137251000000.0,19586000000.0,105561000000.0,6762000000.0,117665000000.0,0.0,1585000000.0,14685385762.88,22282385762.879997,36.423534841831774,15.610913930789707,0.07760963490247794,0.5438578576534259,0.0,36.423534841831774,0.00970080669866231,12.237821469066667,19.32287600378947,0.7497899398999285,0.2789473684210526,0.0,0.0036090301511838524,0.008743105696861953,3.924874297545105,0.0013843250686698093,42.32099643481268,0.0,-0.0789473684210527,1.0506705514582126,0.05370641756095192,0.0,0.0,-0.09090909090909091,0.0,1.0506705514582126,0.05370641756095192,0.0,Banks—Regional,Financial Services,CFG
2015Q1,2015,Q1,2015-05-08,2015-03-31,209000000.0,1183000000.0,0.0,0.38,0.0,0.0,136535000000.0,19564000000.0,104850000000.0,7065000000.0,116971000000.0,0.0,1448000000.0,13182010589.189999,18471010589.19,35.81239119828442,14.840764331210192,0.07989160288570696,0.5575546922919649,0.0,35.81239119828442,0.010682886935187078,11.142866093989856,15.767955250227272,0.6737891325490697,0.2631578947368421,0.0,0.004172352891682786,0.00866444501409895,4.038216560509555,0.0015307430329219614,399.45486633909087,0.0,0.05555555555555561,0.17073226985987708,0.016498387201638418,0.0,0.0,0.06091370558375635,0.0,0.17073226985987708,0.016498387201638418,0.0,Banks—Regional,Financial Services,CFG
2014Q4,2014,Q4,2015-03-03,2014-12-31,197000000.0,891000000.0,0.0,0.36,0.0,0.0,132857000000.0,19268000000.0,101577000000.0,6253000000.0,113589000000.0,0.0,1294000000.0,13593696823.74,20842696823.739998,35.23710188706513,16.244522629138014,0.08200546452200486,0.5654452979032593,0.0,35.23710188706513,0.010224205937305378,15.256674325185186,17.250884294086294,0.7055063744934607,0.27918781725888325,0.0,0.004045992838677123,0.006706458824149273,4.204062050215897,0.001482797293330423,316.13248427302324,0.0,0.058823529411764594,0.32731166137085094,-0.2120123400104456,0.027959887443931603,0.0,0.042328042328042326,0.0,0.32731166137085094,-0.2120123400104456,0.027959887443931603,Banks—Regional,Financial Services,CFG
2014Q3,2014,Q3,2014-09-30,2014-09-30,189000000.0,1161000000.0,0.0,0.34,0.0,0.0,131341000000.0,19383000000.0,99963000000.0,8802000000.0,111958000000.0,0.0,1152000000.0,13115160748.080002,18711160748.08,34.61260359057789,11.356850715746422,0.0668260482256112,0.45281948098849506,0.0,34.61260359057789,0.009750812567713976,11.296434752868219,17.34809622761905,0.676632138888717,2.0264550264550265,0.0,0.029202844506200157,0.008839585506429827,3.1571233810497614,0.0014390022917443906,99.35727839454547,0.0,-0.3916948455083821,0.31250000000000006,0.006938421509106665,0.0,0.0,-0.3961661341853035,0.0,0.31250000000000006,0.006938421509106665,0.0,Banks—Regional,Financial Services,CFG
2014Q2,2014,Q2,2014-06-30,2014-06-30,313000000.0,1185000000.0,0.0,0.55893,0.0,0.0,130279000000.0,19597000000.0,98020000000.0,7702000000.0,110682000000.0,0.0,1346000000.0,12924761317.919998,16693761317.919998,34.99474759142315,12.726564528693846,0.07241381957184197,0.48140021431851815,0.0,34.99474759142315,0.015971832423330102,10.906971576303796,10.323291787476037,0.6595275459468285,1.095846645367412,0.0,0.026538207674631126,0.009095863492965098,3.6221760581667097,0.0024025360956101906,51.493072979760946,0.0,0.8855442618637179,1.0801536491677337,-0.0008431703204047463,0.0,0.0,0.8855421686746988,0.0,1.0801536491677337,-0.0008431703204047463,0.0,Banks—Regional,Financial Services,CFG
2014Q1,2014,Q1,2014-03-31,2014-03-31,166000000.0,1166000000.0,0.0,0.296429,0.0,0.0,126892000000.0,19442000000.0,94638000000.0,4950000000.0,107450000000.0,0.0,1376000000.0,12924761317.919998,16126761317.919998,34.71796104875485,19.118787878787877,0.05006619802666835,0.3267667935397593,0.0,34.71796104875485,0.00853821623289785,11.084700958765007,19.465001984819274,0.6647855836806913,0.15060240963855423,0.0,0.0019342716964016854,0.009188916558963528,5.111313131313131,0.0013081990984459225,19.792896352098005,0.0,0.09210357358549996,-0.09289617486338796,-0.022632020117351246,0.0,0.0,0.09210526315789473,0.0,-0.09289617486338796,-0.022632020117351246,0.0,Banks—Regional,Financial Services,CFG
2013Q4,2013,Q4,2013-12-31,2013-12-31,152000000.0,1158000000.0,0.0,0.27142938377794146,0.0,0.0,122154000000.0,19196000000.0,93441000000.0,2251000000.0,102958000000.0,0.0,1235000000.0,12924761317.919998,13590761317.919998,34.278674019745814,41.51088405153265,0.029929433338245166,0.19045634507188997,0.0,34.278674019745814,0.007918316315899145,11.161279203730569,21.257831115,0.6733049238341321,2.460526315789474,0.0,0.028936704578169214,0.009479836927157523,10.311417147934252,0.001244330926535357,14.489642733094168,0.0,0.05555402334077977,0.0,0.0,0.0,0.0,0.05555555555555555,0.0,0.0,0.0,0.0,Banks—Regional,Financial Services,CFG
2013Q3,2013,Q3,2013-09-30,2013-09-30,144000000.0,1153000000.0,0.0,0.257144,0.0,0.0,,,,,,,,12924761317.919998,,,0.0,0.0,0.0,0.0,,0.0,11.209680241040761,22.4388217325,0.0,2.6597222222222223,0.0,0.02963304238887382,0.0,0.0,0.0,85.59444581403972,0.0,1.0368758537840348,0.0,0.0,0.0,0.0,1.0368758002560818,0.0,0.0,0.0,0.0,Banks—Regional,Financial Services,CFG
2013Q2,2013,Q2,2013-06-30,2013-06-30,-3905000000.0,1186000000.0,0.0,-6.97323515561093,0.0,0.0,,,,,,,,12924761317.919998,,,0.0,0.0,0.0,0.0,,0.0,10.897775141585159,-0.8274495081895006,0.0,-0.09935979513444303,0.0,0.03001989672815416,0.0,0.0,0.0,21.906375115118642,0.0,-22.33877772252547,0.0,0.0,0.0,0.0,-22.338797814207652,0.0,0.0,0.0,0.0,Banks—Regional,Financial Services,CFG
2013Q1,2013,Q1,2013-03-31,2013-03-31,183000000.0,1193000000.0,0.0,0.326787,0.0,0.0,,,,,,,,12924761317.919998,,,0.0,0.0,0.0,0.0,,0.0,10.833831783671416,17.65677775672131,0.0,0.2185792349726776,0.0,0.0030948347142426965,0.0,0.0,0.0,19.945619317777776,0.0,0.0,0.0,0.0,0.0,0.0,0.0,0.0,0.0,0.0,0.0,Banks—Regional,Financial Services,CFG
