Quarters,Year,Quarter,FillingDate,Date,NetIncome,Revenue,OperatingIncome,EPSDiluted,GrossProfit,GrossProfitRatio,TotalAssets,CommonStockEquity,CurrentAssets,CurrentLiability,TotalLiability,Inventory,RetainedEarnings,MarketCap,EnterpriseValue,bookValuePerShare,currentRatio,debtToAssets,debtToEquity,roic,shareholdersEquityPerShare,roe,priceToSalesRatio,peRatio,pbRatio,payoutRatio,inventoryTurnover,dividendYield,assetTurnover,quickRatio,returnOnAssets,priceToFreeCashFlowsRatio,grossProfitMargin,epsdilutedGrowth,fiveYNetIncomeGrowthPerShare,fiveYRevenueGrowthPerShare,fiveYShareholdersEquityGrowthPerShare,grossProfitGrowth,netIncomeGrowth,operatingIncomeGrowth,threeYNetIncomeGrowthPerShare,threeYRevenueGrowthPerShare,threeYShareholdersEquityGrowthPerShare,Industry,Sector,Symbol
2024Q1,2024,Q1,2023-05-26,2023-04-30,156531000.0,1755451000.0,199477000.0,2.35,675059000.0,0.3845501811,4471037000.0,1466825000.0,1898826000.0,1701816000.0,3004212000.0,1401616000.0,951926000.0,7807057440.0,8925748440.0,22.275585050646175,1.1157645714930404,0.31670102484054596,0.9653380600957852,0.03543612001253151,22.275585050646175,0.10671416153937927,4.447322904484374,12.468867891983058,5.3224191297530385,0.37103832467690107,0.7708188262691065,0.007439294567301146,0.39262725850848473,0.23885896007558985,0.035009998798936355,26.691068421214577,0.38455018112154654,-0.5549242424242424,3.3887890287877096,0.8479843534314956,0.551581051443148,-0.33152547408030897,-0.5590589110207806,-0.575388420709811,4.184797304401603,0.667504965132248,0.411941345380268,Specialty Retail,Consumer Cyclical,WSM
2023Q4,2023,Q4,2023-03-24,2023-01-29,354993000.0,2453079000.0,469787000.0,5.28,1009850000.0,0.4116663181,4663016000.0,1701051000.0,2036080000.0,1636451000.0,2961965000.0,1456123000.0,1141819000.0,8600157380.0,9676471380.0,25.637929735188173,1.2442046844054604,0.30959747939959886,0.8486859006578874,0.07714095409316636,25.637929735188173,0.20869039199882897,3.5058623794830903,6.056568284445046,5.055790437794046,0.14673810469502216,0.9911449788239043,0.006056982180481911,0.5260713237955864,0.2951686301636896,0.07612948357886827,24.959970106629363,0.41166631812509913,0.41935483870967744,3.6953915137774347,0.8495312685707437,0.7901259267510119,0.1090841996823814,0.4102525394977813,0.38321953402643444,1.4928636304334395,0.5514998055608537,0.6049170585932855,Specialty Retail,Consumer Cyclical,WSM
2023Q3,2023,Q3,2022-12-02,2022-10-30,251723000.0,2192574000.0,339633000.0,3.72,910526000.0,0.4152772039,4594007000.0,1412934000.0,2060732000.0,1854720000.0,3181073000.0,1687895000.0,877157000.0,8259956320.0,9574984320.0,21.18214799712161,1.1110744478951,0.31085847278857,1.0107237846919954,0.058899701381062194,21.18214799712161,0.17815623376604994,3.7672417533000027,8.203418360658343,5.8459604765686155,0.20888039630864086,0.7595543561655198,0.006365651095840178,0.4772683193560654,0.12880650448585232,0.05479377806781748,69.35137083028975,0.4152772038708842,-0.0387596899224806,3.4948434572655462,1.1487860077693013,0.5349356417012403,-0.019684348450542576,-0.05748198071702705,-0.07082493208324556,2.934554616100835,0.7750709744590845,0.4577577408215989,Specialty Retail,Consumer Cyclical,WSM
2023Q2,2023,Q2,2022-09-02,2022-07-31,267075000.0,2137537000.0,365521000.0,3.87,928809000.0,0.4345230047,4319174000.0,1278279000.0,1928721000.0,1811045000.0,3040895000.0,1542428000.0,750083000.0,9913372000.0,11110860000.0,18.74859196245233,1.0649768503819619,0.30617706070651474,1.0345409726671564,0.06801278619324658,18.74859196245233,0.20893326104864432,4.637754574540698,9.27957689787513,7.755249049698854,0.2041523916502855,0.7836527863861392,0.005500045796727894,0.49489485721112414,0.14270435025082204,0.06183473969791446,81.45009078883585,0.434523004747988,0.10571428571428575,5.397945162582494,1.2550389311961925,0.36339026786399975,0.12100807678010206,0.05100880317024316,0.12996126511294326,3.907635416312757,0.7950699450654705,0.31199674568359614,Specialty Retail,Consumer Cyclical,WSM
2023Q1,2023,Q1,2022-06-02,2022-05-01,254113000.0,1891227000.0,323481000.0,3.5,828548000.0,0.4381007674,4210713000.0,1309744000.0,1928852000.0,1743640000.0,2900969000.0,1396135000.0,789852000.0,9761850780.0,10686878780.0,18.48589293023387,1.1062214677341653,0.29682930183083006,0.9542803784556372,0.066672009119131,18.48589293023387,0.19401730414493215,5.161649437111462,9.603848268290092,7.4532510017224745,0.22883520323635548,0.7611577676943848,0.0059568622088689615,0.44914649846712423,0.2568081714115299,0.060349161769040066,86.13423080656119,0.43810076738540643,-0.34086629001883234,6.885133118490668,1.088406288788663,0.3284046544596482,-0.2636680094948886,-0.3693543223449587,-0.38334299200109806,4.359372510742036,0.6922347622582404,0.29663666054798454,Specialty Retail,Consumer Cyclical,WSM
2022Q4,2022,Q4,2022-03-28,2022-01-30,402941000.0,2501029000.0,524572000.0,5.31,1125237000.0,0.4499096172,4625620000.0,1664207000.0,2323894000.0,1771686000.0,2961413000.0,1246372000.0,1074084000.0,11881565400.0,12315475400.0,22.486245102013243,1.3116850277080703,0.2776380247404672,0.7716876566436748,0.0951809394069595,22.486245102013243,0.2421219235347526,4.750670783905345,7.371777381800313,7.139475678205896,0.1298899838934236,1.10383737760476,0.004404975122217482,0.5406905452674452,0.5542861432556333,0.08711070083577985,23.89210035773103,0.44990961720155986,0.613981762917933,2.3002567711123847,0.8731947721452137,0.5793262580702111,0.2565671116769125,0.6148386527949216,0.5883270202593659,1.7902362096600368,0.4649410522804153,0.5489385544964188,Specialty Retail,Consumer Cyclical,WSM
2022Q3,2022,Q3,2021-12-06,2021-10-31,249524000.0,2047539000.0,330267000.0,3.29,895485000.0,0.4373469809,4477324000.0,1543370000.0,2176722000.0,1691625000.0,2933954000.0,1272028000.0,963840000.0,13897597800.0,14554337800.0,20.85353330630996,1.286763910441144,0.2933980207820564,0.8511491087684742,0.05985054873343273,20.85353330630996,0.16167477662517737,6.787464268079876,13.924109304115035,9.004709045789408,0.17686475048492328,0.9056828937727786,0.0031755128213596744,0.4573131182822597,0.47079524126210004,0.05573061051646028,55.60329116354994,0.43734698093662683,0.02492211838006233,3.2950079153934726,0.9633691957468219,0.5895692910095084,0.043217053360485,0.014036656236030398,0.022181987000928504,2.3305184440258,0.6406968974060188,0.5368909495925991,Specialty Retail,Consumer Cyclical,WSM
2022Q2,2022,Q2,2021-09-09,2021-08-01,246070000.0,1948339000.0,323100000.0,3.21,858388000.0,0.44057425324853633,4245037000.0,1526719000.0,2073710000.0,1578827000.0,2718318000.0,1170561000.0,964000000.0,11579116380.0,12131854380.0,20.41450271441179,1.3134497953227302,0.2845555880902805,0.7912058473104743,0.06240532659958115,20.41450271441179,0.1611756976889657,5.9430706771254895,11.764047202015687,7.584314061723212,0.18487828666639575,0.9311355837072993,0.003928883561320592,0.4589686733001385,0.5048209841863611,0.057966514779494265,57.64597482899047,0.44057425324853633,0.10689655172413795,4.657370965457305,1.001382923609257,0.5740111006713744,0.14018008827752562,0.08019244782749932,0.1741533631081086,4.239140465665709,0.6822718620531919,0.555032047081092,Specialty Retail,Consumer Cyclical,WSM
2022Q1,2022,Q1,2021-06-09,2021-05-02,227802000.0,1749029000.0,275177000.0,2.9,752853000.0,0.4304405472979579,4110240000.0,1447296000.0,1948996000.0,1519273000.0,2662944000.0,1087528000.0,894878000.0,13291530000.0,13859887000.0,19.093614775725595,1.28284778311732,0.2939066818482619,0.8346786006456177,0.05936876742566996,19.093614775725595,0.15739834836826744,7.5993765683702215,14.586713461690415,9.183698427964977,0.20006848052255907,0.9160003236698273,0.003428950617423276,0.425529652769668,0.5148047783380604,0.055423040990307135,67.63414596913307,0.4304405472979579,-0.2602040816326531,5.777472679728475,0.8768933054077289,0.4662362427013698,-0.2200225025486312,-0.26266932077487015,-0.3156282098152887,4.548580048732752,0.5995085545590728,0.3299444581237325,Specialty Retail,Consumer Cyclical,WSM
2021Q4,2021,Q4,2021-03-30,2021-01-31,308955000.0,2292673000.0,402087000.0,3.92,965224000.0,0.42100378030360197,4661424000.0,1651185000.0,2467080000.0,1848000000.0,3010239000.0,1006299000.0,1019762000.0,9593977800.0,9927801800.0,21.58214281046179,1.335,0.3291185268707588,0.9291272631473759,0.0702926297495316,21.58214281046179,0.1871110747735717,4.184625456835755,7.763248531339515,5.810359105733155,0.1323299509637326,1.319139738785391,0.004261423244068795,0.4918396181081146,0.7273079004329004,0.06627910269479884,19.051092551112806,0.42100378030360197,0.5433070866141732,1.5684062159279233,0.6956545061290017,0.6167343545099591,0.36798080452618614,0.5312084927541978,0.4642430554543998,2.543891836539078,0.4990822737265595,0.5069373307012472,Specialty Retail,Consumer Cyclical,WSM
2021Q3,2021,Q3,2020-12-07,2020-11-01,201772000.0,1764536000.0,274604000.0,2.54,705583000.0,0.3998688607089909,4310679000.0,1401902000.0,2136957000.0,1460126000.0,2908777000.0,1125475000.0,792196000.0,7138102440.0,7908695440.0,18.092092867190626,1.4635428723274566,0.35812525126551986,1.1011918094132114,0.04910836368456546,18.092092867190626,0.14392732159594607,4.04531414490835,8.844267836964494,5.091727125005885,0.18578891025513947,0.9408942890779449,0.0052516758221250745,0.40934061664067306,0.6184069046096022,0.04680747511006967,15.46831714579189,0.3998688607089909,0.4941176470588236,2.341180822994471,0.6715070427667228,0.46542431135498785,0.28008062380034904,0.49945007580036266,0.4814551065218681,2.1015272535061253,0.48864951931630585,0.31101898535470995,Specialty Retail,Consumer Cyclical,WSM
2021Q2,2021,Q2,2020-09-09,2020-08-02,134564000.0,1490777000.0,185361000.0,1.7,551202000.0,0.36974141672429883,4487296000.0,1332922000.0,2255430000.0,1664163000.0,3154374000.0,1042340000.0,736772000.0,6764009679.999999,7905264679.999999,17.136417983363973,1.3552939225304252,0.46553982621159823,1.5672447450038336,0.02951358637364978,17.136417983363973,0.10095414435353306,4.5372377491737526,12.566529086531316,5.074572765698218,0.2963868493802206,0.9014093290097281,0.005896354660450458,0.33222167648401174,0.6468699280058504,0.029987769917562825,52.546200660322384,0.36974141672429883,2.7777777777777777,1.941225644763002,0.5516467090974781,0.36990631137861585,0.33057017332110267,2.798774807328572,2.8104841196423065,1.8255856231138885,0.378559115534287,0.24615360723398502,Specialty Retail,Consumer Cyclical,WSM
2021Q1,2021,Q1,2020-06-08,2020-05-03,35423000.0,1235203000.0,48645000.0,0.45,414260000.0,0.3353780714586995,4418115000.0,1218929000.0,2149044000.0,1682094000.0,3199186000.0,1070681000.0,641917000.0,4837373820.0,6098076820.0,15.776565452615776,1.2776004194771517,0.4802285590121579,1.7406305043197758,0.00792962144414993,15.776565452615776,0.02906075743542077,3.916258153518086,34.140063094599554,3.9685443696884724,1.1120176156734325,0.7667484526203416,0.008143054778429342,0.27957692364277525,0.5741837257608671,0.008017672695255782,418.74773372576175,0.3353780714586995,-0.7857142857142857,-0.06126974069997098,0.4225014411172843,0.2192672100221762,-0.40198750447506093,-0.7866662651690807,-0.7611765167954597,0.007969807490590597,0.25080528883275277,0.133711152484585,Specialty Retail,Consumer Cyclical,WSM
2020Q4,2020,Q4,2020-03-27,2020-02-02,166045000.0,1843590000.0,203686000.0,2.1,692728000.0,0.3757494887691949,4054042000.0,1235860000.0,1755635000.0,1609555000.0,2818182000.0,1100544000.0,644794000.0,5430179160.0,6620337160.0,15.974613515330129,1.0907580045416279,0.40017345651574404,1.312705322609357,0.039985559542602106,15.974613515330129,0.1343558331849886,2.9454375213577855,8.175764340991899,4.393846519832343,0.22572796531060857,1.0457210252384275,0.006902350529443673,0.454753552133895,0.33791886577345914,0.040957888448121656,12.007773084900778,0.3757494887691949,1.2340425531914896,0.3441835549896045,0.42299762276854586,0.2011488755556073,0.33686883891835145,1.2224378622194263,0.9990578166864591,0.3010187672546966,0.3209307226280258,0.12198041392981765,Specialty Retail,Consumer Cyclical,WSM
2020Q3,2020,Q3,2019-12-12,2019-11-03,74713000.0,1442472000.0,101891000.0,0.94,518172000.0,0.3592249970883317,3963824000.0,1131893000.0,1659245000.0,1288910000.0,2831931000.0,1258541000.0,550774000.0,5256489560.0,6854166560.0,14.530636609882281,1.2873241731385434,0.44217452641691457,1.5484696875057977,0.01808639870672688,14.530636609882281,0.06600712258137474,3.644084294183873,17.58893887275307,4.643980977000476,0.5046779007669348,0.7344218424350101,0.007173228362694588,0.3639091947573858,0.2057211131886633,0.01884871780381773,72.38250037867834,0.3592249970883317,0.18987341772151886,0.37522237652416685,0.5075599611699392,0.19003212616602289,0.07091086076373174,0.19258396117992593,0.18251030000580282,0.22184887128783837,0.31415579329140325,0.10760384797229776,Specialty Retail,Consumer Cyclical,WSM
2020Q2,2020,Q2,2019-09-12,2019-08-04,62648000.0,1370814000.0,86165000.0,0.79,483861000.0,0.3529734887446437,3869681000.0,1121603000.0,1558019000.0,1186879000.0,2748078000.0,1187728000.0,552454000.0,5009889040.0,6620150040.0,14.290120782794823,1.3127024743044573,0.4472534040919652,1.5430843177131301,0.015307927163259818,14.290120782794823,0.055855770713880044,3.6546818459688915,19.992214595837055,4.466722218111043,0.6159015451411058,0.7467644107068285,0.007701767382856048,0.3542447038916128,0.19511761519076504,0.016189448174151824,164.78272012630333,0.3529734887446437,0.19696969696969696,0.4781700363042358,0.5796028450644694,0.13964783114035503,0.0889652083694363,0.1897599513825585,0.1623185668806993,0.3723985212964934,0.3417179800904939,0.10180537124594151,Specialty Retail,Consumer Cyclical,WSM
2020Q1,2020,Q1,2019-06-14,2019-05-05,52656000.0,1241132000.0,74132000.0,0.66,444331000.0,0.35800462803311817,3788365000.0,1121768000.0,1485646000.0,1114215000.0,2666597000.0,1155427000.0,564127000.0,4407034830.0,5966073830.0,14.25680261301679,1.33335666814753,0.43995813497379477,1.4857992026871867,0.013068443948507074,14.25680261301679,0.04694018727580034,3.5508187928439523,20.923706842525068,3.928650870768287,0.7001671224551808,0.6896160467082733,0.008365715593856562,0.3276167951081799,0.18836400515160898,0.013899399873032297,-32.83245544893763,0.35800462803311817,-0.6580310880829016,0.3626296961649355,0.5216910959978555,0.10903626607251157,-0.37411381234302876,-0.6610230593930655,-0.630914151145365,0.5091986335233956,0.2830655469711232,0.09480792096112783,Specialty Retail,Consumer Cyclical,WSM
2019Q4,2019,Q4,2019-04-04,2019-02-03,155338000.0,1836436000.0,200853000.0,1.93,709923000.0,0.3865764992627023,2812844000.0,1155714000.0,1694343000.0,1074812000.0,1657130000.0,1124992000.0,584333000.0,4380142200.0,4340808200.0,14.517196332119081,1.5764087114769838,0.10651852715614517,0.2592509911621733,0.10761193007413129,14.517196332119081,0.13440868588595448,2.385131962126641,7.049373302089638,3.789988007413599,0.22319715716695207,1.0013520096142905,0.007915496442101811,0.6528751683349663,0.41500839216532753,0.05522453431473626,12.706782242413166,0.3865764992627023,0.9299999999999999,0.3747970058425021,0.48305188381360153,0.08960862755409454,0.43423423787435556,0.9068066040630945,1.1280407696219699,0.24102274821259786,0.3052827492875506,0.08749396421961188,Specialty Retail,Consumer Cyclical,WSM
2019Q3,2019,Q3,2018-12-07,2018-10-28,81465000.0,1356983000.0,94384000.0,1.0,494984000.0,0.3647680184644907,2718759000.0,1091937000.0,1591426000.0,1036720000.0,1626822000.0,1197554000.0,532172000.0,4558104000.0,4753261000.0,13.568648648648649,1.5350586465005016,0.13225556218848378,0.3292964704007649,0.057518723457320904,13.568648648648649,0.07460595254121803,3.358998602045862,13.987921193150433,4.174328738745917,0.4335972503529123,0.7197996917049252,0.0077494940878926845,0.4991185316535964,0.26814954857627904,0.029964038739733828,411.6412896234083,0.3647680184644907,0.6129032258064516,0.703613581231797,0.5306429739059192,0.1069388095837848,0.06690922572218079,0.5753292208922322,0.27260469757031525,0.2989068428382353,0.23771301046071455,0.09903413319430586,Specialty Retail,Consumer Cyclical,WSM
2019Q2,2019,Q2,2018-09-07,2018-07-29,51713000.0,1275174000.0,74166000.0,0.62,463942000.0,0.3638264268248882,2607977000.0,1080988000.0,1477492000.0,947948000.0,1526989000.0,1099888000.0,528368000.0,4841709600.0,4966650600.0,13.128027009302665,1.5586213589774967,0.1148480220492742,0.27708078165530053,0.03827686994107417,13.128027009302665,0.047838643907240415,3.7969011287871304,23.406636629087462,4.478967019060341,0.7009842786146617,0.7375587332528403,0.0074870248310638056,0.4889513979609483,0.29632638077194107,0.01982877916484693,76.41345917111202,0.3638264268248882,0.14814814814814806,0.24390917609423282,0.5276787901479241,0.043158005523611515,0.07353227015669977,0.14490347148423663,0.11444027047332832,0.06773251117617612,0.25375560645298667,0.04947061127078463,Specialty Retail,Consumer Cyclical,WSM
2019Q1,2019,Q1,2018-06-08,2018-04-29,45168000.0,1203000000.0,66550000.0,0.54,432164000.0,0.359238570241064,2656905000.0,1197234000.0,1523217000.0,882821000.0,1459671000.0,1052892000.0,638774000.0,3986137600.0,3995365600.0,14.356700882578664,1.725397334227437,0.11271460590423821,0.2501365647818221,0.030732895182361317,14.356700882578664,0.03772696064428508,3.3134975893599337,22.062840949344668,3.32945572878819,0.7545386114063054,0.7321130752251893,0.008549880465742076,0.45278246681759415,0.44502113112397645,0.01700023147233341,-171.37306964746347,0.359238570241064,-0.5221238938053097,0.3408978784656981,0.587576009983781,0.09396928059929426,-0.33119458720806966,-0.5283208020050125,-0.6654770282497235,0.10899067739499592,0.2835759196587701,0.10953519527422285,Specialty Retail,Consumer Cyclical,WSM
2018Q4,2018,Q4,2018-03-29,2018-01-28,95760000.0,1679910000.0,198940000.0,1.13,646173000.0,0.38464739182456203,2785749000.0,1203566000.0,1636445000.0,1007823000.0,1582183000.0,1061593000.0,647422000.0,4448918780.0,4358204780.0,14.321858229113367,1.623742462714187,0.10748348110328676,0.24877904493812553,0.06384080365347772,14.321858229113367,0.07956356361013854,2.648307814109089,11.614762896825395,3.6964477062329775,0.3454678362573099,0.9737601886975517,0.0074359640253985485,0.6030371006145924,0.47652712827550076,0.03437495625054519,13.364812201283934,0.38464739182456203,0.3452380952380952,-0.16485034368624824,0.3931352924396089,0.07227575269111935,0.3834696092851775,0.3428126709015187,0.7952767274597746,-0.2863499695333082,0.19369732891569616,0.07687637583580276,Specialty Retail,Consumer Cyclical,WSM
2018Q3,2018,Q3,2017-12-06,2017-10-29,71313000.0,1299336000.0,110813000.0,0.84,467067000.0,0.35946591181957555,2580384000.0,1172174000.0,1460461000.0,1137551000.0,1408210000.0,1176941000.0,623170000.0,4423675200.0,4502896200.0,13.800023546032493,1.2838641959789057,0.06588166722472315,0.14502966283162738,0.053418800426603755,13.800023546032493,0.060838237326540257,3.4045660244925102,15.507955071305371,3.773906604309599,0.4729993128882532,0.7071458977127996,0.007625107738470491,0.5035436586182521,0.16092553212998803,0.02763658432233342,179.08891138010605,0.35946591181957555,0.3770491803278688,0.6901951171595685,0.5943059795717307,0.1155082394448796,0.10493221136899679,0.34763875503146435,0.3582687781918023,0.20379888669360982,0.24536641603854298,0.130196274432829,Specialty Retail,Consumer Cyclical,WSM
2018Q2,2018,Q2,2017-09-08,2017-07-30,52917000.0,1201606000.0,81584000.0,0.61,422711000.0,0.3517883565827734,2479860000.0,1188524000.0,1364378000.0,1020070000.0,1291336000.0,1072976000.0,640368000.0,4012898470.0,4024789470.0,13.75144916636777,1.3375336986677384,0.04637358560563903,0.09675866873533896,0.04083710706313,13.75144916636777,0.04452329107363419,3.3396125435458877,18.958456025473858,3.3763714237154656,0.6426668178468167,0.7259202442552303,0.008474672422998033,0.4845459017847782,0.17826619741782426,0.02133870460429218,129.7119458900346,0.3517883565827734,0.3555555555555555,0.40022314224707534,0.5776172210861829,0.1270588296468884,0.06809935314331918,0.33780811528251803,0.30588724909562376,0.13385148468056224,0.25740516187498336,0.09668836643820328,Specialty Retail,Consumer Cyclical,WSM
2018Q1,2018,Q1,2017-06-02,2017-04-30,39555000.0,1111507000.0,62474000.0,0.45,395760000.0,0.35605713684214313,2391177000.0,1210151000.0,1291045000.0,912665000.0,1181026000.0,1037107000.0,671758000.0,4544634120.0,4495659120.0,13.915859800832548,1.4145880470928545,0.018819184025272908,0.03718544214730228,0.031462265154647034,13.915859800832548,0.0326860036474787,4.0887138992377015,28.723512324611303,3.7554273144425774,0.8643407913032486,0.6901380474724401,0.007522937842133703,0.464836772852867,0.17307226638470852,0.016542062758214886,-57.87204879725961,0.35605713684214313,-0.7239263803680982,0.4833838807782665,0.5659601581384733,0.14614416959976279,-0.3637616131671894,-0.7265033499968886,-0.7105259499858678,-0.07384694383637742,0.23302567316057163,0.08251433449832798,Specialty Retail,Consumer Cyclical,WSM
2017Q4,2017,Q4,2017-03-30,2017-01-29,144627000.0,1581581000.0,215819000.0,1.63,622031000.0,0.3932969604465405,2476879000.0,1248220000.0,1367180000.0,961256000.0,1228659000.0,977505000.0,701702000.0,4168660949.9999995,3954947949.9999995,14.237871995802394,1.4222850104446683,0.0,0.0,0.11592084321632261,14.237871995802394,0.11586659402989857,2.635755582546831,7.205882978282063,3.3396844706862567,0.2259951461345392,0.9816318075099361,0.00784064724668961,0.6385378534841629,0.3147090889419676,0.05839082167518074,12.55620768072289,0.3932969604465405,1.0897435897435894,0.4043107742383574,0.4844910791841987,0.18361777740899624,0.35748532919561,1.0846233676381563,0.9623655425126615,0.16233634310247488,0.15982791515709333,0.06864354588311757,Specialty Retail,Consumer Cyclical,WSM
2017Q3,2017,Q3,2016-12-07,2016-10-30,69378000.0,1245385000.0,109979000.0,0.78,458223000.0,0.3679368227495915,2453332000.0,1159482000.0,1347214000.0,1030871000.0,1293850000.0,1063747000.0,623243000.0,4085016040.0,4134635040.0,13.1189835034283,1.3068696277225764,0.05095111464734492,0.10780676198509334,0.054253167321254604,13.1189835034283,0.05983534026401445,3.2801230462868913,14.720141975842484,3.5231388154365484,0.47973420969183317,0.739989866011373,0.008147581227122917,0.5076300313206692,0.16662317593568934,0.028279091456027965,102.83496223945222,0.3679368227495915,0.3448275862068967,0.8738362068156157,0.6842480460122126,0.08976854897469974,0.11614974460404492,0.3397315825045863,0.3206566117488832,0.32104912623089993,0.27908759277875533,0.07025484690994065,Specialty Retail,Consumer Cyclical,WSM
2017Q2,2017,Q2,2016-09-08,2016-07-31,51785000.0,1159029000.0,83276000.0,0.58,410539000.0,0.35420942875458683,2373564000.0,1154812000.0,1279104000.0,958417000.0,1218752000.0,962943000.0,622608000.0,4771600010.0,4785478010.0,12.969732364469502,1.3346007009474998,0.05266342091470885,0.10824272695469046,0.040544280927315664,12.969732364469502,0.04484279692278916,4.116894409026867,23.035628125905188,4.131927976155427,0.6401081394226127,0.7772941908295714,0.006946936023667248,0.48830745663483266,0.21825051099886583,0.021817402016545584,84.63284870521461,0.35420942875458683,0.31818181818181807,0.5456488468888899,0.6690478313248044,0.08376509347724415,0.04591393493784983,0.3078010960426295,0.3109169618260527,0.15195113417162906,0.28409761700508424,0.03057985300516986,Specialty Retail,Consumer Cyclical,WSM
2017Q1,2017,Q1,2016-06-07,2016-05-01,39597000.0,1097817000.0,63525000.0,0.44,392517000.0,0.3575431970902254,2290368000.0,1162856000.0,1212662000.0,871756000.0,1127512000.0,944632000.0,636986000.0,5354308080.0,5355091080.0,13.022195345920402,1.3910566718210142,0.04366110598820801,0.08599517051122409,0.0313215908422848,13.022195345920402,0.0340515076673294,4.877231888374839,33.80501098568073,4.604446363092249,0.8693335353688411,0.7466399613817868,0.006429028641175985,0.4793190439265655,0.20026360587136768,0.017288488138150725,-53.11339344701366,0.3575431970902254,-0.7161290322580646,0.4715579474458211,0.673333212998839,0.09238792887833225,-0.3539452893541379,-0.7194249192222663,-0.7147251661577151,0.09776602096770358,0.3529492601766094,-0.007718988442053554,Specialty Retail,Consumer Cyclical,WSM
2016Q4,2016,Q4,2016-03-31,2016-01-31,141128000.0,1586304000.0,222680000.0,1.55,607560000.0,0.3830035100459937,2417427000.0,1198226000.0,1336100000.0,996427000.0,1219201000.0,978138000.0,668545000.0,4637001600.0,4443354600.0,13.349220142602496,1.3408910035557045,0.0,0.0,0.11778184378593881,13.349220142602496,0.11778078592853101,2.9231481481481483,8.214177200838954,3.8698889858841317,0.22402358142962417,1.0006195444814536,0.006818199070709832,0.656195202585228,0.2739297510003242,0.058379425728263976,12.071909714538615,0.3830035100459937,1.012987012987013,0.4829361118184648,0.5811641114372886,0.13418155079003238,0.3465783664459161,1.00232683522034,1.0118717418212373,0.15234110202051399,0.23163322142004883,-0.0005455404417383334,Specialty Retail,Consumer Cyclical,WSM
2016Q3,2016,Q3,2015-12-11,2015-11-01,70482000.0,1232082000.0,110683000.0,0.77,451188000.0,0.3661996522958699,2435676000.0,1116533000.0,1501836000.0,1094539000.0,1319143000.0,1102349000.0,585928000.0,6751122050.000001,6878858050.000001,12.345975651558543,1.3721173937155278,0.08211272763700919,0.17912591925182686,0.0537020019448828,12.345975651558543,0.0631257652035363,5.479442155635746,23.946263052978065,6.0465047159376395,0.45367611588774437,0.7083908997967069,0.0047363978555238825,0.5058480684623078,0.14691025171327837,0.02893734634655841,961.6982977207979,0.3661996522958699,0.3275862068965518,1.2646994813131112,0.7733283634649147,0.09277338501197592,0.10959237626806025,0.31329656406052026,0.32804194713413243,0.5689621416284707,0.41989400547431494,-0.0020279663030805797,Specialty Retail,Consumer Cyclical,WSM
2016Q2,2016,Q2,2015-09-11,2015-08-02,53668000.0,1127028000.0,83343000.0,0.58,406625000.0,0.36079405303151296,2395971000.0,1141376000.0,1470703000.0,1023540000.0,1254595000.0,1031472000.0,615193000.0,7703646490.000001,7733870490.000001,12.509189746062711,1.4368788713679974,0.06260509830878587,0.13142032073567345,0.04169635342580589,12.509189746062711,0.04702043848828081,6.835363886256598,35.88566040284714,6.7494379503336335,0.5983081165685324,0.6984222547970279,0.0041681559559724815,0.47038465824502884,0.19689411258963987,0.02239926944023947,134.18415443033567,0.36079405303151296,0.2083333333333333,1.058876462705537,0.7147853063017556,0.11617422480380085,0.07333947487204394,0.19821388702835455,0.15870036703370036,0.3451706389577233,0.401632593425363,0.025244145868607282,Specialty Retail,Consumer Cyclical,WSM
2016Q1,2016,Q1,2015-06-12,2015-05-03,44790000.0,1030676000.0,71928000.0,0.48,378841000.0,0.3675655589147317,2251089000.0,1186632000.0,1324219000.0,828828000.0,1064457000.0,942800000.0,662671000.0,6959644230.0,6942761230.0,12.939383035100919,1.5977006085701737,0.02752800977660146,0.05222175029832332,0.03587616706907509,12.939383035100919,0.03774548469955302,6.752504404876023,38.845971366376425,5.865040071395344,0.7129716454565751,0.6913820534577854,0.004588452935905317,0.45785661961832697,0.17322170583040147,0.019897036501000182,-64.76798873947234,0.3675655589147317,-0.694267515923567,1.6779688530863597,0.6777293637122249,0.1266163834925584,-0.3875743423360508,-0.6953827948067494,-0.6976328699402647,0.5927963863204173,0.3769485156813151,0.06571916045113782,Specialty Retail,Consumer Cyclical,WSM
2015Q4,2015,Q4,2015-04-02,2015-02-01,147037000.0,1542125000.0,237883000.0,1.57,618591000.0,0.401128961660047,2330277000.0,1224706000.0,1391923000.0,875948000.0,1105571000.0,887701000.0,701214000.0,7242642550.000001,7021683550.000001,13.299445089969268,1.5890475233689672,0.0008445347913574223,0.001606916272150214,0.11985330331483404,13.299445089969268,0.1200590182460117,4.696534035827187,12.314319780055362,5.9137805726435575,0.20736957364472888,1.0403660692057348,0.004209927493936588,0.6617775483343825,0.3315173960098088,0.06309850717318155,27.14979626339189,0.401128961660047,1.3088235294117647,0.9098824911971763,0.6253871850001143,0.16094009223413733,0.4338918932701602,1.2653139828680595,1.2716100076394194,0.35921516489331395,0.3780134573566947,0.10560480125143046,Specialty Retail,Consumer Cyclical,WSM
2015Q3,2015,Q3,2014-12-05,2014-11-02,64908000.0,1143162000.0,104720000.0,0.68,431407000.0,0.37738045876262505,2303947000.0,1136375000.0,1382915000.0,936552000.0,1167572000.0,979719000.0,612611000.0,6045632319.999999,6029897319.999999,12.210289361427789,1.4766024737547943,0.03991758490972232,0.08093103068969311,0.05290102239878388,12.210289361427789,0.057118468815311844,5.288517567938752,23.285389782461326,5.320103240567594,0.4817742034880138,0.7264889218235024,0.0051724945125342986,0.49617547625878544,0.1829764924958785,0.028172523065851777,95.30736871975154,0.37738045876262505,0.28301886792452835,9.072372206835984,0.782227261738987,0.1549601139161316,0.1290480452658742,0.2790509783829586,0.22714915158901283,0.6648541307644366,0.46817664571629886,0.014285086682752569,Specialty Retail,Consumer Cyclical,WSM
2015Q2,2015,Q2,2014-09-12,2014-08-03,50747000.0,1039102000.0,85336000.0,0.53,382098000.0,0.3677194346657017,2163548000.0,1178409000.0,1261350000.0,750719000.0,985139000.0,894860000.0,657721000.0,6539058820.0,6470452820.0,12.539067238425606,1.6801892585641232,0.0009096169809960306,0.0016700483448446168,0.04301235797368527,12.539067238425606,0.04306399560763707,6.292990312789312,32.214016690641806,5.549057093080585,0.6129426370031726,0.734197528104955,0.00475680076540434,0.48027684155840317,0.18679026373383384,0.023455453726933723,186.05414044272464,0.3677194346657017,0.10416666666666677,142.07366574002123,0.7391517011889945,0.18815841427341135,0.037159887950315953,0.09932411940557168,0.14813120576917901,0.43504883728907445,0.4176927396127463,0.047778242132263164,Specialty Retail,Consumer Cyclical,WSM
2015Q1,2015,Q1,2014-06-12,2014-05-04,46162000.0,974330000.0,74326000.0,0.48,368408000.0,0.37811419129042523,2168100000.0,1208292000.0,1277487000.0,736226000.0,959808000.0,850416000.0,693670000.0,5893361100.0,5784244100.0,12.855127509495388,1.7351832181965863,0.0017310087173100872,0.0031060372823787626,0.03805072055115896,12.855127509495388,0.038204341334710484,6.0486294171379305,31.91673400199298,4.8774312004052005,0.7125124561327498,0.7125007055370548,0.005581025740981661,0.44939347816060143,0.22764069728588776,0.021291453346247866,-54.342736611094715,0.37811419129042523,-0.6521739130434783,3.774463337460737,0.790935862215185,0.2102372730236749,-0.3815741985734885,-0.6549873690189689,-0.6586400900176821,0.6298435662207282,0.4109277499540078,0.07837317307360692,Specialty Retail,Consumer Cyclical,WSM
2014Q4,2014,Q4,2014-04-03,2014-02-02,133798000.0,1466324000.0,217735000.0,1.38,595719000.0,0.40626696419072456,2336734000.0,1256002000.0,1419103000.0,861096000.0,1080732000.0,813160000.0,729043000.0,5016159910.0,4689791910.0,13.323312577568924,1.648019500729303,0.0016060878131614468,0.002988052566795276,0.1061281417972398,13.323312577568924,0.10652690043487192,3.420908278115887,9.372636194113515,3.993751530650429,0.22086279316581714,1.070644153672094,0.005891159877317388,0.6275100203959886,0.45343492479351893,0.0572585497536305,19.565561302300907,0.40626696419072456,1.379310344827586,11.28593220698729,0.6283987949198685,0.22476373913821843,0.46950329067461294,1.3589626051235035,1.3540445866758926,0.3386394071936817,0.39163454831029343,0.13198038233426657,Specialty Retail,Consumer Cyclical,WSM
2014Q3,2014,Q3,2013-12-12,2013-11-03,56719000.0,1051548000.0,92494000.0,0.58,405388000.0,0.38551544960382217,2226442000.0,1170045000.0,1317184000.0,829478000.0,1056397000.0,898625000.0,646450000.0,5068554300.0,4943556300.0,12.25781274553969,1.587967372250982,0.0016892422978007063,0.00321440628351901,0.04826684203994673,12.25781274553969,0.048475913319573176,4.820088383982472,22.340636735485464,4.331931079573862,0.525996579629401,0.7190541104465155,0.005886096554198896,0.472299750004716,0.24550982666206939,0.025475175189832028,136.42382310984308,0.38551544960382217,0.18367346938775503,6.707331574741313,0.5473889292457276,0.13074456733891857,0.098838785224057,0.15944724953494552,0.1845145096432139,0.726702396398399,0.43395398188685597,0.08496986425656661,Specialty Retail,Consumer Cyclical,WSM
2014Q2,2014,Q2,2013-09-12,2013-08-04,48919000.0,982209000.0,78086000.0,0.49,368924000.0,0.37560641370624787,2124178000.0,1219375000.0,1231729000.0,680419000.0,904803000.0,736871000.0,699012000.0,5942386360.0,5740807360.0,12.58488832927383,1.8102507425571597,0.0017818657381820167,0.0031040492055356226,0.03993003013940582,12.58488832927383,0.04011809328549462,6.05002230686137,30.368498742819764,4.873305062019477,0.6175719045769538,0.832282719770489,0.005083984475220154,0.46239486521374384,0.39412773599796597,0.02302961427902935,80.7916353056341,0.37560641370624787,0.22499999999999992,1.899032836444421,0.3055887743350048,0.12350078940638466,0.10395140416236516,0.23952262707140323,0.22424470470187982,0.7672747962424954,0.4073126533561761,0.12292868365762162,Specialty Retail,Consumer Cyclical,WSM
2014Q1,2014,Q1,2013-06-14,2013-05-05,39466000.0,887808000.0,63783000.0,0.4,334185000.0,0.3764158466695502,2063219000.0,1282218000.0,1189080000.0,560270000.0,781001000.0,661541000.0,761336000.0,5311189440.0,5064102440.0,13.123495455661999,2.122333874738965,0.0026410187188078433,0.004249667373254782,0.030558677792215334,13.123495455661999,0.030779477436754125,5.982362673010381,33.644082501393605,4.142189112927755,0.55706177469214,0.8368687655035743,0.004139374098469363,0.4303023576266019,0.559021543184536,0.01912836204009366,-49.514193127365616,0.3764158466695502,-0.7014925373134329,3.075301868588246,0.2250689793430106,0.1815081655038004,-0.424545229124622,-0.7048918001405776,-0.6969079219353643,1.214816310862643,0.35646608252000656,0.14264682859538144,Specialty Retail,Consumer Cyclical,WSM
2013Q4,2013,Q4,2013-04-04,2013-02-03,133734000.0,1406419000.0,210441000.0,1.34,580732000.0,0.4129153545280603,2187679000.0,1309138000.0,1316772000.0,657127000.0,878541000.0,640024000.0,790912000.0,4400873500.0,3981795500.0,13.356506657144315,2.003831831594197,0.0025035665652959143,0.004183668948575322,0.10160263005937503,13.356506657144315,0.10215424195157424,3.129133992074908,8.22691593012996,3.361657441767025,0.1619782553426952,1.2900875592165293,0.0049222046486907655,0.6428817939012076,0.7419265986635765,0.06113054063233226,20.686823698634,0.4129153545280603,1.7346938775510206,0.19693236635922845,0.14086989513469794,0.25201746207815306,0.578084663503606,1.734846625766871,1.6538665254237288,0.6320280894884478,0.3927005881753194,0.1659211317144377,Specialty Retail,Consumer Cyclical,WSM
2013Q3,2013,Q3,2012-12-07,2012-10-28,48900000.0,944554000.0,79296000.0,0.49,367998000.0,0.38959974760574834,2023422000.0,1217857000.0,1206813000.0,573289000.0,805565000.0,688437000.0,707323000.0,4518579600.0,4261603600.0,12.371063751980822,2.105069171046366,0.002722121238179678,0.004522698477735892,0.03988470094316616,12.371063751980822,0.04015249737859207,4.783823476476729,23.101122699386504,3.7102710745186007,0.44449897750511247,0.8374854924996769,0.00481036120288774,0.4668101859127755,0.5617515773021984,0.02416698049146446,-195.24606144406516,0.38959974760574834,0.13953488372093023,0.9869164194872211,0.16094325616623584,0.22645860196409356,0.10020928007653672,0.1272475795297372,0.13113561473831362,6.173793324719505,0.3921580963487869,0.17016761661582316,Specialty Retail,Consumer Cyclical,WSM
2013Q2,2013,Q2,2012-09-07,2012-07-29,43380000.0,874283000.0,70103000.0,0.43,334480000.0,0.38257635113573063,1989884000.0,1210467000.0,1196370000.0,545869000.0,779417000.0,616355000.0,708855000.0,3505053970.0,3175576970.0,12.201181344434477,2.1916796887165235,0.003554478552518639,0.005843199360246913,0.03554403921658656,12.201181344434477,0.03583740820691518,4.009061104928267,20.199711675887507,2.895621251963085,0.5143614568925772,0.8757988496888969,0.006365950479216159,0.43936380211107784,0.7144095011806862,0.02180026574413383,198.2048162180502,0.38257635113573063,0.43333333333333335,0.8504096433055824,0.12678769074925658,0.20157143688869078,0.08152852237232673,0.41229326735251987,0.4213044624211828,114.8560256743624,0.38615267197266334,0.15614152175850526,Specialty Retail,Consumer Cyclical,WSM
2013Q1,2013,Q1,2012-06-08,2012-04-29,30716000.0,817614000.0,49323000.0,0.3,309266000.0,0.37825428625243696,1969566000.0,1216234000.0,1192822000.0,520706000.0,753332000.0,586270000.0,715684000.0,3875654680.0,3506292680.0,12.141456694485486,2.290778289476211,0.003605870531883674,0.005839336838141344,0.025011536640946724,12.141456694485486,0.025255008493431364,4.740200975032228,31.544265854929026,3.1866028083411577,0.7206667534835265,0.8670885428215669,0.005711551164305485,0.41512394101035455,0.8145709863147342,0.015595313891486754,-79.8182445011945,0.37825428625243696,-0.7391304347826086,0.8589875419787607,0.10057455489707243,0.14655836889250895,-0.40899579391120394,-0.7494330510825054,-0.7498871721018443,2.7322405430582415,0.4101699111683379,0.1430492174904886,Specialty Retail,Consumer Cyclical,WSM
2012Q4,2012,Q4,2012-03-29,2012-01-29,122586000.0,1268144000.0,197203000.0,1.15,523289000.0,0.41264162429503276,2060838000.0,1255262000.0,1276366000.0,571799000.0,805576000.0,553461000.0,762947000.0,3713887680.0000005,3218403680.0000005,12.02911300214658,2.2321934805762162,0.003529146881026068,0.005794009537451145,0.09701592452772093,12.02911300214658,0.09765770014546764,2.928600915984305,7.574045323283246,2.9586553882775073,0.14310769582170885,1.3458129841127018,0.004723621582438379,0.6153535600566371,0.9596344169891867,0.05948356930530202,14.008379935048037,0.41264162429503276,1.8048780487804879,0.10638458101734083,0.10415054471841267,0.19117816395837278,0.5763473640134593,1.823196149328666,1.8686576283021064,9.16896386116502,0.2722625321495012,0.10579267229902911,Specialty Retail,Consumer Cyclical,WSM
2012Q3,2012,Q3,2011-12-09,2011-10-30,43421000.0,867176000.0,68744000.0,0.41,331963000.0,0.3828092567137467,2051164000.0,1247784000.0,1258899000.0,562940000.0,803380000.0,626583000.0,753196000.0,3891058540.0,3518974540.0,12.038320903802182,2.236293388282943,0.0035633425703649243,0.005857584325492233,0.03459232026394258,12.038320903802182,0.034798490764427176,4.4870459283928525,22.403091476474515,3.118375087354863,0.4080283733677253,0.8541773396341745,0.004553259689585652,0.422772630564889,0.7701229260667212,0.02116895577340476,636.0017227852239,0.3828092567137467,0.10810810810810806,0.6282241915505139,0.11125872329569408,0.20025573773441027,0.07528480407876367,0.10460708743544735,0.07270031988764922,5.023652314166186,0.17515112176479367,0.11049713716747869,Specialty Retail,Consumer Cyclical,WSM
2012Q2,2012,Q2,2011-09-09,2011-07-31,39309000.0,814750000.0,64085000.0,0.37,308721000.0,0.3789150046026388,2010124000.0,1250187000.0,1222065000.0,507683000.0,759937000.0,556628000.0,755672000.0,3755588650.0000005,3339560650.0000005,11.967291106282367,2.4071418582067943,0.004281327918078686,0.006883770187979878,0.031261191810940475,11.967291106282367,0.031442496202568095,4.609498189628721,23.885043183494876,3.0040215183808505,0.45371289017782185,0.9090972786133648,0.004748922648916834,0.40532325368982214,0.9376717361030407,0.019555510008337794,1143.9502436795615,0.3789150046026388,0.2758620689655173,0.21705582805246884,0.08668893961837514,0.21840870565779366,0.043388771913222456,0.24336549106436817,0.2395551257253385,1.1606098763408266,0.004466979584069844,0.06836553914341012,Specialty Retail,Consumer Cyclical,WSM
2012Q1,2012,Q1,2011-06-10,2011-05-01,31615000.0,770825000.0,51700000.0,0.29,295883000.0,0.383852365971524,1996751000.0,1250712000.0,1221362000.0,486753000.0,746039000.0,532125000.0,762790000.0,4478949420.0,4016565420.0,11.920852475266399,2.5092028194998286,0.004326528445459649,0.006907265621501992,0.025104686080792655,11.920852475266399,0.025277601877970308,5.8105917945058865,35.417914123042856,3.581119730201677,0.49919342084453583,0.892538407329105,0.0035235941557027004,0.38603962136490727,1.0540910893204563,0.015833221067624356,-39.44855441742485,0.383852365971524,-0.7211538461538461,0.4980169068492214,0.06217381633956938,0.18498050344937217,-0.4144328142285763,-0.7212081128747796,-0.718400383454797,2.0401303083493265,-0.009488273828584953,0.07323422992589901,Specialty Retail,Consumer Cyclical,WSM
2011Q4,2011,Q4,2011-03-31,2011-01-30,113400000.0,1195451000.0,183594000.0,1.04,505293000.0,0.4226798087081779,2131762000.0,1258863000.0,1347594000.0,611716000.0,872899000.0,513381000.0,777939000.0,3443983200.0000005,2824252200.0000005,11.769914731291372,2.2029732751799855,0.00406799633354943,0.006888755964707835,0.08947716929637539,11.769914731291372,0.0900812876381306,2.880907038431521,7.592555555555556,2.735788723633946,0.142010582010582,1.344338804903181,0.0046759809978167135,0.560780706288976,1.095227196934525,0.05319543176020588,11.554974299786616,0.4226798087081779,2.0588235294117645,0.014884065639326394,0.06410352356462427,0.2092497068144145,0.6232696502517019,2.104297837393923,2.2690075139774226,-0.06990304497806966,-0.111329903074624,0.10329288555892108,Specialty Retail,Consumer Cyclical,WSM
2011Q3,2011,Q3,2010-12-10,2010-10-31,36530000.0,815516000.0,56162000.0,0.34,311281000.0,0.38169821315584246,2035172000.0,1199288000.0,1216243000.0,557489000.0,835884000.0,586256000.0,720399000.0,3487093200.0,3106345200.0,11.297837063832993,2.1816448396291226,0.0043627762174400985,0.007403559445270861,0.030277937457431278,11.297837063832993,0.030459739445404272,4.275934745608915,23.864585272378868,2.9076361974771703,0.438899534629072,0.8600935427526541,0.0045978122982201905,0.4007110946888027,0.774094197374298,0.01794934285652515,96.78036135549944,0.38169821315584246,0.21428571428571425,0.07701008818190856,0.0774366342990886,0.2765041497523537,0.0856354650939744,0.18761988361130075,0.09697833857452585,0.376516693043937,-0.07043929139811325,0.12005965924378122,Specialty Retail,Consumer Cyclical,WSM
2011Q2,2011,Q2,2010-09-10,2010-08-01,30759000.0,775554000.0,51197000.0,0.28,286727000.0,0.3697060423903429,1995493000.0,1206657000.0,1156972000.0,502170000.0,788836000.0,518623000.0,732290000.0,3025470800.0,2630344800.0,11.207201768399154,2.3039448792241672,0.004465563146550752,0.007384865790361304,0.025365159322869996,11.207201768399154,0.025491088188275543,3.901044672582438,24.590126467050297,2.50731632932971,0.45911765662082643,0.9425478623200282,0.004667703287699884,0.38865282915049065,0.8800306669056296,0.015414235980782693,63.37789974233823,0.3697060423903429,0.5555555555555558,0.07494507728804213,0.07623113677591194,0.25502826367155124,0.05976167771790152,0.574316716142901,0.5771849296078371,0.2089684676602667,-0.07898537069296821,0.1036844017156935,Specialty Retail,Consumer Cyclical,WSM
2011Q1,2011,Q1,2010-06-11,2010-05-02,19538000.0,717637000.0,32461000.0,0.18,270558000.0,0.3770123335335274,1996760000.0,1230395000.0,1129466000.0,470983000.0,766365000.0,502387000.0,756521000.0,3266363210.0,2871739210.0,11.485172082255971,2.398103540892134,0.005122798934273523,0.008313590351066122,0.01581087187308258,11.485172082255971,0.015879453346283105,4.551553515217304,41.7950047343638,2.654727311148046,0.6603029992834476,0.8899095717046819,0.003949652616862532,0.35940072918127364,0.9330145674047683,0.00978485145936417,-37.22902777619476,0.3770123335335274,-0.7804878048780487,-0.19568353823400098,0.07289664819494826,0.3426771099944397,-0.4002008508449702,-0.7790343922823764,-0.7694383873969217,0.10568449504776914,-0.09673482950252209,0.08458321768442634,Specialty Retail,Consumer Cyclical,WSM
2010Q4,2010,Q4,2010-04-01,2010-01-31,88421000.0,1089678000.0,140791000.0,0.82,451081000.0,0.41395806834679605,2079169000.0,1211595000.0,1180193000.0,563482000.0,867574000.0,466124000.0,751290000.0,2083531100.0,1579847100.0,11.45575484810378,2.0944644194490682,0.004934182839394008,0.008467350888704558,0.0724501352675147,11.45575484810378,0.07297900701141884,1.912061269475937,5.890939652345031,1.7196597047693327,0.14475068139921513,1.37001527490539,0.0061429368632894416,0.5240930390939842,0.9905019148792685,0.04252708654274857,6.870422177596196,0.41395806834679605,10.714285714285714,-0.14624992210230128,0.10441490348518775,0.38951845995861495,0.7839724423773591,11.06783130885765,13.889065143824027,-0.21261401805916072,-0.06389423787071963,0.13440159921071518,Specialty Retail,Consumer Cyclical,WSM
2010Q3,2010,Q3,2009-12-11,2009-11-01,7327000.0,729297000.0,9456000.0,0.07,252852000.0,0.34670648583498903,1911692000.0,1118702000.0,1001600000.0,476737000.0,792990000.0,545042000.0,675842000.0,2005232150.0,1800174150.0,10.572044189496962,2.1009487411298053,0.01239007120393871,0.02117275199293467,0.006653702052317271,10.572044189496962,0.006549554751846336,2.7495412020068644,68.41927630681042,1.7924631850126305,1.743414767299031,0.8741436439760606,0.006370334726580162,0.38149293923916616,0.56829237084598,0.0038327303770691093,27.74716541207727,0.34670648583498903,0.0,-0.7162498326660696,0.11240095517492714,0.36210382112622225,0.17419348846712887,17.36340852130326,20.73793103448276,-0.7308721604555375,-0.08455888880337933,0.054063668797674234,Specialty Retail,Consumer Cyclical,WSM
2010Q2,2010,Q2,2009-09-11,2009-08-02,399000.0,672114000.0,435000.0,0.0,215341000.0,0.3203935641870278,1853860000.0,1115691000.0,913877000.0,425947000.0,738169000.0,517028000.0,681112000.0,1549840540.0,1408240540.0,10.553363160832017,2.145518104365097,0.012792228107839858,0.021255885366109433,0.002672445116139462,10.553363160832017,0.0003576259017953896,2.3059191446689105,971.0780325814536,1.3891306284625402,32.03007518796993,0.8834589229210024,0.008246009618512108,0.3625484125014834,0.48277602612531606,0.00021522660826599636,18.50003628767532,0.3203935641870278,1.0,-0.9841196945424393,0.07172555475181261,0.42199478372807303,0.17056690747595984,1.0213311948676824,1.0148763722170924,-0.9877927601705808,-0.11417099562896178,0.07445448054454548,Specialty Retail,Consumer Cyclical,WSM
2010Q1,2010,Q1,2009-06-12,2009-05-03,-18705000.0,611615000.0,-29241000.0,-0.18,183963000.0,0.3007823549128128,1854469000.0,1122415000.0,884021000.0,413456000.0,732054000.0,548137000.0,693531000.0,1537483950.0,1466712950.0,10.621989419791992,2.138125943268449,0.0134448189751352,0.022213708833185585,-0.016153656525985802,10.621989419791992,-0.016664959039214552,2.5138100766004756,-20.549103849238172,1.3697998957604807,-0.6831863138198343,0.7801918133605285,0.008311631480770904,0.3298059983747369,0.33417824387601097,-0.010086445230413665,-37.63822737398712,0.3007823549128128,-2.6363636363636362,-1.9585789450205309,0.04607310853395741,0.48805409398236643,-0.4583365231166047,-2.534328603067837,-2.5209882964889467,-1.8800019754280246,-0.16320257784419534,0.055868311130805925,Specialty Retail,Consumer Cyclical,WSM
2009Q4,2009,Q4,2009-04-02,2009-02-01,12191000.0,1008015000.0,19225000.0,0.11,339626000.0,0.33692554178261236,1935464000.0,1147984000.0,940673000.0,460737000.0,787480000.0,572899000.0,725052000.0,838963500.0,715102500.0,10.878271581540794,2.0416701936245625,0.012896649072263809,0.021743334401873197,0.010410283123588418,10.878271581540794,0.0106194859858674,0.8322926742161575,17.20456689361004,0.7308146280784401,1.04815027479288,1.166678594307199,0.015230698355768756,0.5208130970144627,0.4041937157206823,0.006298748000479471,5.89847364202652,0.33692554178261236,2.1,-0.8692434175477429,0.09933428574193706,0.5627110720965429,0.4122837658017299,2.1084742680487363,1.9921044483434822,-0.8894211866784438,-0.09061390183347687,0.11764163300633282,Specialty Retail,Consumer Cyclical,WSM
2009Q3,2009,Q3,2008-12-12,2008-11-02,-10998000.0,752052000.0,-19378000.0,-0.1,240480000.0,0.31976512262449935,2006119000.0,1145134000.0,970158000.0,536386000.0,860985000.0,694597000.0,725674000.0,972898350.0000001,974522350.0000001,10.840479007904577,1.8086937392101956,0.012271455481952964,0.021497920767351245,-0.00932595303218307,10.840479007904577,-0.009604116199501543,1.2936583507523418,-22.115347108565196,0.8495934536918824,-1.1611202036733952,0.7365018852658448,0.013125728910939154,0.3748790575235068,0.13070251647134712,-0.005482227126107674,-498.6665043567402,0.31976512262449935,-1.588235294117647,-1.5091195764348266,0.3135075715280893,0.7275041855037219,-0.13759158248071524,-1.598237597911227,-1.762223183731267,-1.3258398212641507,-0.0015473661576112703,0.22482881995102078,Specialty Retail,Consumer Cyclical,WSM
2009Q2,2009,Q2,2008-09-12,2008-08-03,18384000.0,819621000.0,25423000.0,0.17,278847000.0,0.340214562584414,2005050000.0,1182441000.0,958471000.0,490017000.0,822609000.0,656641000.0,749483000.0,1813537980.0,1799611980.0,11.201494870264586,1.9559954042410774,0.012277998054911348,0.020819643432526444,0.01534508938562399,11.201494870264586,0.015547498775837441,2.212654360979038,24.661906821148825,1.5337238644465137,0.6940818102697999,0.8235458949410713,0.007035970650032927,0.4087783347048702,0.2066724215690476,0.009168848657140719,45.436137194969184,0.340214562584414,0.7000000000000001,0.1342171875844265,0.552851228337633,0.8472259865240366,0.009514189827636766,0.7597396381736383,0.5058342711603389,-0.34470444123494187,0.16008480349572027,0.2543891818913898,Specialty Retail,Consumer Cyclical,WSM
2009Q1,2009,Q1,2008-06-11,2008-05-04,10447000.0,781784000.0,16883000.0,0.1,276219000.0,0.3533188195204814,2059542000.0,1170721000.0,998150000.0,561273000.0,888821000.0,713691000.0,743903000.0,2904824000.0,2964958000.0,11.107409867172676,1.7783681025098304,0.042228806210312775,0.07428926277054909,0.008219334095638589,11.107409867172676,0.0089235607800663,3.71563500915854,69.513353115727,2.481226526217604,1.1687565808366038,0.7083807978522918,0.004203352767671983,0.3795911906627784,0.15545198147781916,0.005072486989825893,-20.482037469239827,0.3533188195204814,-0.9107142857142857,-0.1513472322859715,0.5846124558824588,0.8847484831382354,-0.5169518646439033,-0.916131466555345,-0.9143946577155345,-0.5628757633034492,0.18797221859811705,0.2985147173388907,Specialty Retail,Consumer Cyclical,WSM
2008Q4,2008,Q4,2008-04-03,2008-02-03,124564000.0,1374355000.0,197219000.0,1.12,571825000.0,0.41606790094262397,2093854000.0,1165723000.0,1049775000.0,611534000.0,928131000.0,693661000.0,746201000.0,2942721890.0,2849743890.0,10.667987517502036,1.716625731357537,0.012403921190302666,0.022279735408840692,0.10417442479155858,10.667987517502036,0.10685557375122563,2.141165775945807,5.906044061687164,2.524374907246404,0.09961947272085032,1.156948422932816,0.004216844290372271,0.6563757549475752,0.2730870237795446,0.0594902987505337,12.74948719948356,0.41606790094262397,3.4800000000000004,0.6447675248503058,0.68533570399595,0.9067194271613072,0.671607017051517,3.6003619307899695,3.3954400588379503,0.16409594033303831,0.348198679124415,0.2939667252595583,Specialty Retail,Consumer Cyclical,WSM
2008Q3,2008,Q3,2007-12-07,2007-10-28,27077000.0,895132000.0,44869000.0,0.25,342081000.0,0.3821570449944813,2057872000.0,1092483000.0,1032839000.0,645457000.0,965389000.0,769727000.0,675983000.0,3359714160.0,3440666160.0,10.086817224951066,1.6001670134493855,0.047251238172247835,0.08900550397580557,0.02285592113220101,10.086817224951066,0.024784825027025593,3.753317007994352,31.02,3.0753010893533355,0.4643424308453669,0.7185027938476889,0.003742282647045188,0.43497943506690406,0.11539730764404135,0.013157766858191375,-51.13720182648402,0.3821570449944813,0.08695652173913039,0.9160831076170972,0.8163266918397211,0.9636048640381134,0.06868585888564332,0.042786721096818914,0.0466781748623682,0.024484490813924942,0.3339480529366621,0.2995871033869927,Specialty Retail,Consumer Cyclical,WSM
2008Q2,2008,Q2,2007-09-07,2007-07-29,25966000.0,859396000.0,42868000.0,0.23,320095000.0,0.372465080126042,1967388000.0,1115801000.0,966691000.0,532691000.0,851587000.0,651262000.0,704034000.0,3391020240.0,3361219240.0,10.154353682064723,1.814731241939511,0.014353040681350095,0.025307380079422764,0.022421659884844933,10.154353682064723,0.023271174698714196,3.9458180396464493,32.648658245397826,3.039090518829074,0.4932989293691751,0.8280860851700237,0.0037773292677250434,0.4368207999642165,0.22881182524202587,0.013198210012463225,135.646235449418,0.372465080126042,0.43750000000000006,0.9259230937135163,0.8187883960595587,1.0270576477201174,0.06002251879325761,0.430633608815427,0.5072076506574784,-0.005717959013023197,0.3184162851058285,0.36823093718757205,Specialty Retail,Consumer Cyclical,WSM
2008Q1,2008,Q1,2007-06-08,2007-04-29,18150000.0,816051000.0,28442000.0,0.16,301970000.0,0.37003814712560856,1937326000.0,1165224000.0,976155000.0,470376000.0,772102000.0,639350000.0,768982000.0,3875467920.0,3786698920.0,10.589479806608747,2.075265319659166,0.014759519048420348,0.024539487686487747,0.014233004085062027,10.589479806608747,0.015576404193528454,4.749051125481128,53.38110082644628,3.325942411072892,0.6100275482093664,0.8040681942597951,0.00285694533629374,0.4212254416654709,0.3422644862833138,0.009368583294706209,-24.74835033047032,0.37003814712560856,-0.8461538461538461,0.23121302837438545,0.776621926237332,1.1922448156002114,-0.4424153568896242,-0.8500792969008127,-0.8543206461889908,-0.10677760082292594,0.3403370230332787,0.48349976229559477,Specialty Retail,Consumer Cyclical,WSM
2007Q4,2007,Q4,2007-03-29,2007-01-28,121064000.0,1254933000.0,195237000.0,1.04,541568000.0,0.43155132584767475,2048331000.0,1151431000.0,1100963000.0,627734000.0,896900000.0,610599000.0,784325000.0,3920007600.0000005,3673253600.0000005,10.098500263111735,1.7538686768599439,0.013999202277366304,0.024903793627234286,0.10151729733351715,10.098500263111735,0.1051422099978201,3.12367879400733,8.094907652150928,3.4044659211016555,0.09395030727549065,1.1683035838578184,0.002901524986839311,0.6126612349273628,0.5165404454753127,0.05910372884070006,14.278613083118124,0.43155132584767475,3.16,50.97645431066561,36.10219824042263,1.133247996076269,0.6625877238762441,3.1542790474229636,3.5062318238471124,0.20180539785162288,0.26671297564182284,0.45069352740863816,Specialty Retail,Consumer Cyclical,WSM
2007Q3,2007,Q3,2006-12-08,2006-10-29,29142000.0,852758000.0,43326000.0,0.25,325738000.0,0.3819817580134106,1957286000.0,1136055000.0,1010004000.0,540663000.0,821231000.0,661248000.0,766179000.0,,,,,,,,,,,,,,,,,,,,,,,,,,,,,,,Specialty Retail,Consumer Cyclical,WSM
2007Q2,2007,Q2,2006-09-08,2006-07-30,35563000.0,825536000.0,54248000.0,0.3,314560000.0,0.3810372897123808,1910211000.0,1129793000.0,991083000.0,496233000.0,780418000.0,565691000.0,766641000.0,,,,,,,,,,,,,,,,,,,,,,,,,,,,,,,Specialty Retail,Consumer Cyclical,WSM
2007Q1,2007,Q1,2006-06-09,2006-04-30,23099000.0,794286000.0,34690000.0,0.2,305421000.0,0.3845227034090995,1919011000.0,1155215000.0,1015963000.0,491145000.0,763796000.0,547600000.0,802120000.0,,,,,,,,,,,,,,,,,,,,,,,,,,,,,,,Specialty Retail,Consumer Cyclical,WSM
