Quarters,Year,Quarter,FillingDate,Date,NetIncome,Revenue,OperatingIncome,EPSDiluted,GrossProfit,GrossProfitRatio,TotalAssets,CommonStockEquity,CurrentAssets,CurrentLiability,TotalLiability,Inventory,RetainedEarnings,MarketCap,EnterpriseValue,bookValuePerShare,currentRatio,debtToAssets,debtToEquity,roic,shareholdersEquityPerShare,roe,priceToSalesRatio,peRatio,pbRatio,payoutRatio,inventoryTurnover,dividendYield,assetTurnover,quickRatio,returnOnAssets,priceToFreeCashFlowsRatio,grossProfitMargin,epsdilutedGrowth,fiveYNetIncomeGrowthPerShare,fiveYRevenueGrowthPerShare,fiveYShareholdersEquityGrowthPerShare,grossProfitGrowth,netIncomeGrowth,operatingIncomeGrowth,threeYNetIncomeGrowthPerShare,threeYRevenueGrowthPerShare,threeYShareholdersEquityGrowthPerShare,Industry,Sector,Symbol
2023Q1,2023,Q1,2023-03-31,2023-03-31,-39811000.0,1292000.0,-35108000.0,-0.23,1292000.0,1.0,459971000.0,266920000.0,393885000.0,39637000.0,193051000.0,0.0,-709990000.0,319839518.0,4128518.0,1.535560092983882,9.937306052425765,0.05938635261788243,0.10233777910984565,-0.09928240390379928,1.535560092983882,-0.14914955791997603,247.553806501548,-2.008487088995504,1.1982598456466358,0.0,0.0,0.0,0.002808872733281011,9.53311300047935,-0.0865511086568501,-6.946841250190048,1.0,0.23333333333333328,0.0,0.0,0.0,-0.6622222222222223,-0.477162257430151,-0.24961736963872574,0.6177390372642596,0.09643152711857661,-0.7336748361440107,Biotechnology,Healthcare,AUTL
2022Q4,2022,Q4,2022-12-31,2022-12-31,-26951000.0,3825000.0,-28095000.0,-0.3,3825000.0,1.0,490274000.0,298674000.0,425771000.0,46366000.0,191600000.0,14156000.0,-670179000.0,173357521.9,-184822478.1,3.273469727649585,9.182827934262175,0.049474375553262055,0.0812122916624815,-0.06801166146543791,3.273469727649585,-0.09023550761030422,45.32222794771242,-1.6080806083262216,0.5804238798824136,0.0,0.0,0.0,0.007801759832257065,8.873139800716041,-0.054971301761871934,-11.405850509901967,1.0,0.36170212765957444,0.43683444288024026,4.575437113292022,-0.44607816009808676,0.6146053186998733,0.36981785021161173,0.40311032739170155,0.6402957849085978,5.764471503280323,-0.35953937095574307,Biotechnology,Healthcare,AUTL
2022Q3,2022,Q3,2022-09-30,2022-09-30,-42767000.0,2369000.0,-47069000.0,-0.47,2369000.0,1.0,263830000.0,161154000.0,212311000.0,38818000.0,102676000.0,7841000.0,-643228000.0,195255314.14000002,47327314.140000015,1.7662492901613172,5.469395641197383,0.05732858279953,0.0938543256760614,-0.21498847453045158,1.7662492901613172,-0.26537969892152846,82.42098528493035,-1.1413900562349475,1.2116069979026274,0.0,0.0,0.0,0.00897926695220407,5.263923952805399,-0.16210059508016525,-5.0452265869099,1.0,-0.021739130434782507,0.23440760711309802,2.8907387011993086,-0.708473113761974,0.0,-0.01683349580351411,0.013704083984661483,0.23440760711309802,2.8907387011993086,-0.708473113761974,Biotechnology,Healthcare,AUTL
2022Q2,2022,Q2,2022-06-30,2022-06-30,-42059000.0,0.0,-47723000.0,-0.46,0.0,0.0,313976000.0,214521000.0,258960000.0,35517000.0,99455000.0,5639000.0,-600461000.0,257337458.12,58103458.120000005,2.3591374315856632,7.291156347664499,0.05479081203658878,0.08019261517520429,-0.16278712089920205,2.3591374315856632,-0.19606005938812518,0.0,-1.529621829572743,1.1995909869896189,0.0,0.0,0.0,0.0,7.128163977813442,-0.13395609855530358,-7.693657561588137,0.0,-0.12195121951219524,0.2916723115687642,-1.0,-0.6550033356665218,0.0,-0.13482812584318168,-0.16693564162754304,0.2916723115687642,-1.0,-0.6550033356665218,Biotechnology,Healthcare,AUTL
2022Q1,2022,Q1,2022-03-31,2022-03-31,-37062000.0,0.0,-40896000.0,-0.41,0.0,0.0,363994000.0,271143000.0,309463000.0,28840000.0,92851000.0,8974000.0,-558402000.0,379112109.75,129809109.75,2.9824062089327654,10.730339805825242,0.052899223613576046,0.07101418808525391,-0.11466976748530701,2.9824062089327654,-0.13668802071231786,0.0,-2.5572831319815443,1.3981998788462178,0.0,0.0,0.0,0.0,10.41629680998613,-0.1018203596762584,-10.589427941956929,0.0,0.2807017543859649,0.0,0.0,0.0,-1.0,0.11049776796428742,0.14085838532803932,0.4079720309501804,-1.0,-0.4597162607336725,Biotechnology,Healthcare,AUTL
2021Q4,2021,Q4,2021-12-31,2021-12-31,-41666000.0,823000.0,-47601000.0,-0.57,823000.0,1.0,405560000.0,313320000.0,346952000.0,28551000.0,92240000.0,10124000.0,-521340000.0,378332118.78000003,88992118.78000003,4.298156881957977,12.15200868621064,0.051775323010158796,0.067017745435976,-0.11606740726137553,4.298156881957977,-0.132982254564024,459.6988077521264,-2.2700290331445303,1.207494315013405,0.0,0.0,0.0,0.00202929282966762,11.789009141536198,-0.10273695630732814,-35.21661721865401,1.0,-0.21276595744680848,-0.08974841429700355,0.5015180313966316,-0.27268520367508486,0.0,-0.22579506339913508,-0.17955643662495355,-0.08974841429700355,0.5015180313966316,-0.27268520367508486,Biotechnology,Healthcare,AUTL
2021Q3,2021,Q3,2021-09-30,2021-09-30,-33991000.0,0.0,-40355000.0,-0.47,0.0,0.0,296636000.0,244730000.0,237677000.0,34563000.0,51906000.0,0.0,-479674000.0,477471171.09999996,326221171.09999996,3.357232011111885,6.876631079478055,0.07352445421324451,0.08911862052057369,-0.12081190738869522,3.357232011111885,-0.13889183998692436,0.0,-3.511747014650937,1.9510120177338293,0.0,0.0,0.0,0.0,6.578450944651795,-0.11458824957186585,-12.366515698005697,0.0,0.0,0.23838410552024003,-1.0,-0.44587471313934196,-1.0,-0.024658607904018328,-0.06977175728335498,0.23838410552024003,-1.0,-0.44587471313934196,Biotechnology,Healthcare,AUTL
2021Q2,2021,Q2,2021-06-30,2021-06-30,-33173000.0,1507000.0,-37723000.0,-0.47,1507000.0,1.0,330655000.0,283682000.0,269506000.0,28187000.0,46973000.0,0.0,-445683000.0,470324991.28,276653991.28,4.004993387388598,9.561358072870473,0.06859415402761186,0.07995219999858998,-0.09620777747103612,4.004993387388598,-0.11693727483590781,312.09355758460515,-3.5444864142525545,1.6579303279023694,0.0,0.0,0.0,0.0045576204805613104,9.244509880441338,-0.10032511227714687,-12.337364022873931,1.0,0.11320754716981142,0.28278953258325046,1.745161556180995,-0.4143158678135991,4.602230483271375,0.002795647207358865,0.020893895348837208,0.28278953258325046,1.745161556180995,-0.4143158678135991,Biotechnology,Healthcare,AUTL
2021Q1,2021,Q1,2021-03-31,2021-03-31,-33266000.0,269000.0,-38528000.0,-0.53,269000.0,1.0,349746000.0,299567000.0,288060000.0,30599000.0,50179000.0,0.0,-412510000.0,357824782.38000005,142049782.38000005,4.797093422604543,9.414033138337855,0.0664396447707765,0.07756862404737505,-0.09499401740135846,4.797093422604543,-0.11104694442311737,1330.2036519702604,-2.6891178859796794,1.1944732977263852,0.0,0.0,0.0,0.00076912959690747,9.093205660315697,-0.095114740411613,-9.118181137527714,1.0,0.23188405797101438,0.0,0.0,0.0,0.0,0.22386318564662513,0.1859708430171139,0.0,0.0,0.0,Biotechnology,Healthcare,AUTL
2020Q4,2020,Q4,2020-12-31,2020-12-31,-42861000.0,0.0,-47330000.0,-0.69,0.0,0.0,294237000.0,210032000.0,196984000.0,33634000.0,84205000.0,0.0,-379244000.0,558281597.64,459143597.64,3.3633314942449517,5.856692632455253,0.18407270329700207,0.25787022929839265,-0.1315426018057448,3.3633314942449517,-0.20406890378608974,0.0,-3.25634958143767,2.65807875771311,0.0,0.0,0.0,0.0,5.44044716655765,-0.1456682878088072,-16.814697838684417,0.0,0.041666666666666706,-0.30856950898314345,-1.0,-0.43087215569581533,1.0,-0.14862655768457725,-0.10822328369392151,-0.30856950898314345,-1.0,-0.43087215569581533,Biotechnology,Healthcare,AUTL
2020Q3,2020,Q3,2020-09-30,2020-09-30,-37315000.0,242000.0,-42708000.0,-0.72,-33303000.0,-137.6157024793,317077000.0,236811000.0,228869000.0,30810000.0,80266000.0,0.0,-336383000.0,606372134.64,481546134.64,4.545855395608685,7.428399870172022,0.1667386786174967,0.22325398735700622,-0.10297309100090668,4.545855395608685,-0.15757291679862845,2505.6699778512398,-4.062522676135603,2.5605741905570265,0.0,0.0,0.0,0.0007632215518627967,7.160856864654333,-0.1176843479659515,-14.065369270951729,-137.61570247933884,-0.16129032258064513,-0.16997101611705462,-0.3038782483089761,-0.24968741606735978,-114.66211604095564,-0.16445623342175067,-0.08001213837750354,-0.16997101611705462,-0.3038782483089761,-0.24968741606735978,Biotechnology,Healthcare,AUTL
2020Q2,2020,Q2,2020-06-30,2020-06-30,-32045000.0,293000.0,-39544000.0,-0.62,293000.0,1.0,310548000.0,258952000.0,248731000.0,27267000.0,51596000.0,0.0,-299068000.0,834222680.2,650395680.2,4.975890321040926,9.122052297649173,0.09086196014786764,0.10896614044301646,-0.10284886813129324,4.975890321040926,-0.1237488028669406,2847.176382935154,-6.508212515212982,3.221534030244988,0.0,0.0,0.0,0.0009434934374074217,8.941284336377306,-0.10318855700246017,-28.320976378326996,1.0,-0.03333333333333337,0.05701745752656162,-0.2735532543958004,-0.27233337919846196,-0.13313609467455623,-0.07270779633783014,-0.025438892202370146,0.05701745752656162,-0.2735532543958004,-0.27233337919846196,Biotechnology,Healthcare,AUTL
2020Q1,2020,Q1,2020-03-31,2020-03-31,-29873000.0,338000.0,-38563000.0,-0.6,338000.0,1.0,337664000.0,287478000.0,280942000.0,26051000.0,50186000.0,0.0,-267023000.0,298659836.61,82005836.61000001,5.765734152760006,10.784307704118843,0.07894830363912055,0.09273057416567529,-0.10069764344562439,5.765734152760006,-0.1039140386394785,883.6089840532545,-2.499412819351923,1.0388963211445745,0.0,0.0,0.0,0.0010009950720242609,10.542435990940847,-0.08846960291887794,-11.198344079865018,1.0,0.26829268292682923,0.0,0.0,0.0,0.09385113268608414,0.27039370847987493,0.010697793740379682,0.0,0.0,0.0,Biotechnology,Healthcare,AUTL
2019Q4,2019,Q4,2019-12-31,2019-12-31,-40944000.0,309000.0,-38980000.0,-0.82,309000.0,1.0,303533000.0,254839000.0,249256000.0,24984000.0,48694000.0,0.0,-237150000.0,658148554.8,473726554.79999995,5.111117809902695,9.976625040025617,0.0863859942740987,0.10289241442636331,-0.11591273250420556,5.111117809902695,-0.16066614607654245,2129.930598058252,-4.018589749413834,2.5826053108040763,0.0,0.0,0.0,0.001018011221185176,9.652857829010566,-0.1348914286090804,-18.707499923254026,1.0,-0.34426229508196715,-0.5656351343468612,-0.17577639131330472,-0.1351196080100713,0.04040404040404041,-0.5026423957721667,-0.09439047672525128,-0.5656351343468612,-0.17577639131330472,-0.1351196080100713,Biotechnology,Healthcare,AUTL
2019Q3,2019,Q3,2019-09-30,2019-09-30,-27248000.0,297000.0,-35618000.0,-0.61,297000.0,1.0,314641000.0,269641000.0,260183000.0,20563000.0,45000000.0,0.0,-196206000.0,552756856.86,350079856.86,6.0586154263631435,12.652968924767787,0.08482365616686954,0.09897975456254798,-0.09434550231867896,6.0586154263631435,-0.10105288142381907,1861.1341981818182,-5.071536047232825,2.049973323270571,0.0,0.0,0.0,0.0009439329267323712,12.369644507124447,-0.08660028413334563,-19.55415511744729,1.0,0.06153846153846159,0.0,0.0,0.0,-0.12130177514792899,0.04319123533956036,0.042655557048783765,0.0,0.0,0.0,Biotechnology,Healthcare,AUTL
2019Q2,2019,Q2,2019-06-30,2019-06-30,-28478000.0,338000.0,-37205000.0,-0.65,338000.0,1.0,346145000.0,298222000.0,292708000.0,22305000.0,47923000.0,0.0,-168958000.0,720462492.12,481690492.12,6.838145627127835,13.1229769110065,0.07922113565124442,0.09195163334696971,-0.09451131619390057,6.838145627127835,-0.09549261959211594,2131.5458346745563,-6.324728668796967,2.415859635171114,0.0,0.0,0.0,0.0009764693986624103,12.955256668908316,-0.08227188028138496,-31.521810120756037,1.0,0.05797101449275352,0.0,0.0,0.0,-0.8279022403258656,-0.04779425291585415,-0.23371024969327187,0.0,0.0,0.0,Biotechnology,Healthcare,AUTL
2019Q1,2019,Q1,2019-03-31,2019-03-31,-27179000.0,1964000.0,-30157000.0,-0.69,1964000.0,1.0,264356000.0,217883000.0,210988000.0,19784000.0,46473000.0,0.0,-140480000.0,1195972178.7,1036390178.7,5.520073976282706,10.664577436312172,0.10648897698558005,0.1292023700793545,-0.09769143549731045,5.520073976282706,-0.12474126021763975,608.9471378309572,-11.000884678428198,5.489056873184232,0.0,0.0,0.0,0.0074293755390458325,10.482966033158107,-0.10281211699375085,-35.33465827695217,1.0,-0.32692307692307676,0.0,0.0,0.0,5.635135135135135,-0.31630182099961257,-0.20579768092762896,0.0,0.0,0.0,Biotechnology,Healthcare,AUTL
2018Q4,2018,Q4,2018-12-31,2018-12-31,-20648000.0,296000.0,-25010000.0,-0.52,296000.0,1.0,254210000.0,232642000.0,232966000.0,21076000.0,21568000.0,0.0,-113301000.0,1292800260.5600002,1075350260.5600002,5.90962387081405,11.053615486809642,0.0,0.0,-0.09546068993588946,5.90962387081405,-0.08875439516510346,4367.568447837839,-15.652850888221622,5.55703725277465,0.0,0.0,0.0,0.0011643916447031982,10.950464983867906,-0.08122418472916093,-53.4060503391581,1.0,0.0,0.0,0.0,0.0,0.0,0.0,0.0,0.0,0.0,0.0,Biotechnology,Healthcare,AUTL
2018Q1,2018,Q1,2018-03-31,2018-03-31,0.0,0.0,0.0,0.0,0.0,0.0,143462000.0,127099000.0,131872000.0,15501000.0,16363000.0,0.0,-72141000.0,0.0,-120416000.0,0.0,8.507322108251081,0.0017983856352204765,0.002029913689328791,,0.0,0.0,0.0,0.0,0.0,0.0,0.0,,0.0,7.784917102122444,0.0,0.0,0.0,0.0,0.0,0.0,0.0,0.0,0.0,0.0,0.0,0.0,0.0,Biotechnology,Healthcare,AUTL
