Quarters,Year,Quarter,FillingDate,Date,NetIncome,Revenue,OperatingIncome,EPSDiluted,GrossProfit,GrossProfitRatio,TotalAssets,CommonStockEquity,CurrentAssets,CurrentLiability,TotalLiability,Inventory,RetainedEarnings,MarketCap,EnterpriseValue,bookValuePerShare,currentRatio,debtToAssets,debtToEquity,roic,shareholdersEquityPerShare,roe,priceToSalesRatio,peRatio,pbRatio,payoutRatio,inventoryTurnover,dividendYield,assetTurnover,quickRatio,returnOnAssets,priceToFreeCashFlowsRatio,grossProfitMargin,epsdilutedGrowth,fiveYNetIncomeGrowthPerShare,fiveYRevenueGrowthPerShare,fiveYShareholdersEquityGrowthPerShare,grossProfitGrowth,netIncomeGrowth,operatingIncomeGrowth,threeYNetIncomeGrowthPerShare,threeYRevenueGrowthPerShare,threeYShareholdersEquityGrowthPerShare,Industry,Sector,Symbol
2023Q1,2023,Q1,2023-05-19,2023-03-31,30573000.0,104047000.0,273452000.0,0.7,104047000.0,1.0,1445386000.0,83488000.0,140706000.0,123490000.0,1361898000.0,0.0,-286422000.0,121612006.5,178876006.5,1.9359614792639739,1.1394120981455989,0.1036747277197925,1.7948687236489076,0.8809095179976804,1.9359614792639739,0.36619633959371406,1.1688180005189963,0.9944395913060543,1.4566405531333844,0.0,0.0,0.0,0.07198561491532365,9.262199368369908,0.021152135138987095,-1.165781614869917,1.0,1.1023391812865497,2.6071364929411454,-0.42964029663902664,-0.8459351991919558,-0.08308437981934347,1.1036675098503292,2.008686927557295,3.3851793000827506,-0.41421277067153517,-0.8292948251301994,Insurance—Property & Casualty,Financial Services,UIHC
2022Q4,2022,Q4,2023-04-17,2022-12-31,-294914000.0,113475000.0,-271097000.0,-6.84,113475000.0,1.0,2839352000.0,-180183000.0,315929000.0,134399000.0,3019535000.0,0.0,-544440000.0,45687984.32,-30043015.680000007,-4.180398475500089,2.3506796925572364,0.05429478275324792,-0.8555857100836372,11.152852657304086,-4.180398475500089,1.6367470849081212,0.4026259909231108,-0.038729921536447914,-0.2535643446940056,0.0,0.0,0.0,0.03996510471403334,17.296892089970907,-0.10386665689917982,-0.6067300247005392,1.0,-3.1454545454545455,-11.776417348225824,-0.38681492072697554,-1.3309766137994847,-0.08331179112676511,-3.160515772247616,-2.963116731233097,-34.89805953687274,-0.46448653399517714,-1.355619837596949,Insurance—Property & Casualty,Financial Services,UIHC
2022Q3,2022,Q3,2022-11-09,2022-09-30,-70884000.0,123788000.0,-68405000.0,-1.65,123788000.0,1.0,2942127000.0,80434000.0,242770000.0,230458000.0,2861693000.0,0.0,-249526000.0,27589687.376999997,742687.377000004,1.8672910749596856,1.0534240512371018,0.10475414555523946,3.8317129572071513,-0.17559046418001095,1.8672910749596856,-0.8812691150508491,0.22287852923546705,-0.09730576497164381,0.3430102615436258,0.0,0.0,0.0,0.04207432242048015,9.831266434664885,-0.024092773697396475,-0.25836911313492655,1.0,-0.03124999999999989,-1.4981277776335291,-0.2858852215495719,-0.8415744258203735,0.0690456245196169,-0.026486134240822534,-1.2438904379202886,-1.4902239087193558,-0.40758647132321935,-0.8450853272680301,Insurance—Property & Casualty,Financial Services,UIHC
2022Q2,2022,Q2,2022-08-08,2022-06-30,-69055000.0,115793000.0,-30485000.0,-1.6,115793000.0,1.0,2494054000.0,166972000.0,401921000.0,226133000.0,2327082000.0,0.0,-178642000.0,67156794.12,-59060205.879999995,3.8786294583175676,1.7773655326732498,0.12635492254778766,1.8873583594854226,-0.13226232830541237,3.8786294583175676,-0.4135723354813981,0.5799728318637569,-0.24312792020852944,0.40220392712550607,0.0,0.0,0.0,0.0464276234596364,7.384738185050391,-0.02768785278907353,2.3793372584588135,1.0,-1.077922077922078,-10.23929782749289,-0.3686281848282938,-0.6937967375335269,0.13116659828458668,-1.0764049673752893,0.2714432521568721,-22.628980311654608,-0.43830554428375745,-0.6939369044753311,Insurance—Property & Casualty,Financial Services,UIHC
2022Q1,2022,Q1,2022-05-10,2022-03-31,-33257000.0,102366000.0,-41843000.0,-0.77,102366000.0,1.0,2429455000.0,257971000.0,1808300000.0,270245000.0,2152576000.0,0.0,-110665000.0,142266087.21,42410087.21000001,6.002020767883885,6.691335639882329,0.06504133643142186,0.6125300905915781,-0.07518489475323878,6.002020767883885,-0.12891759151222423,1.3897787078717543,-1.0694446823976909,0.5514809308410635,-0.07784827254412605,0.0,0.018198293428695753,0.04213537604112857,6.691335639882329,-0.01368907841470618,-6.379931261939998,1.0,-10.526946107784433,-5.261009042158675,-0.5830048524233877,-0.47848301229395784,-0.33762553059322914,-10.591843848030672,-9.950798220361161,-4.488989618845119,-0.49738494407743455,-0.52419114674825,Insurance—Property & Casualty,Financial Services,UIHC
2021Q4,2021,Q4,2022-03-15,2021-12-31,-2869000.0,154544000.0,-3821000.0,-0.0668,154544000.0,1.0,2698573000.0,312406000.0,1951912000.0,324883000.0,2366616000.0,0.0,-74904000.0,186506088.01999998,132977088.01999998,7.2696932008707735,6.008045973473528,0.058732893273593115,0.5073366068513409,-0.003738231629766054,7.2696932008707735,-0.009183562415574605,1.2068154572160679,-16.251837575810388,0.5969990589809414,0.0,0.0,0.0,0.057268786132522634,6.008045973473528,-0.0010631544894283015,68.49287110539845,1.0,0.7975757575757575,0.8638364500988888,-0.4130921493583391,-0.35384658622412735,-0.0503625414772029,0.799678815807848,0.0,0.7425504882852025,-0.15217063751253854,-0.40341497440357554,Insurance—Property & Casualty,Financial Services,UIHC
2021Q3,2021,Q3,2021-11-15,2021-09-30,-14322000.0,162740000.0,0.0,-0.33,162740000.0,1.0,3328586000.0,320411000.0,2290068000.0,0.0,2987930000.0,0.0,-70000000.0,155986672.04999998,126901672.04999998,7.456354537951693,0.0,0.04782511252525847,0.4968306331555409,0.0,7.456354537951693,-0.044698839927468155,0.958502347609684,-2.722850720046083,0.4868330739269251,-0.5419634129311549,0.0,0.04976066158724104,0.04889163146152751,0.0,-0.004302727945139468,-1.8877728676025654,1.0,0.4,-3.0884340490595883,-0.3614066866183256,-0.3836379489421495,0.046869170301182345,0.39081242024670354,0.0,-0.2149070670455894,-0.13868260770128618,-0.3983071656722323,Insurance—Property & Casualty,Financial Services,UIHC
2021Q2,2021,Q2,2021-08-06,2021-06-30,-23510000.0,155454000.0,0.0,-0.55,155454000.0,1.0,3148672000.0,339333000.0,2150858000.0,0.0,2788250000.0,0.0,-53102000.0,244818796.20000002,127749796.20000002,7.9005294120468355,0.0,0.05059688656042929,0.4694886733680485,0.0,7.9005294120468355,-0.06928297572001545,1.5748632791694006,-2.6033474712888136,0.7214706385762658,-0.11015797532964695,0.0,0.010578493319133476,0.04937129049961381,0.0,-0.007466639904061141,6.656845207602578,1.0,-0.34146341463414653,-2.1916226886862846,-0.35875271750104193,-0.34688419297444445,-0.039155937671906,-0.32294187158854315,0.0,-2.587966146191618,-0.15717927021393746,-0.38144673783096816,Insurance—Property & Casualty,Financial Services,UIHC
2021Q1,2021,Q1,2021-05-07,2021-03-31,-17771000.0,161789000.0,0.0,-0.41,161789000.0,1.0,434049000.0,359009000.0,307168000.0,237127000.0,2423386000.0,0.0,-27001000.0,309298098.48,240460098.48000002,8.368803114925635,1.2953733653274406,0.3677372831178047,0.44460166736767043,0.0,8.368803114925635,-0.04950015180677922,1.9117375005717325,-4.351163390917788,0.8615329935461229,-0.14602442181081537,0.0,0.008389964286081117,0.3727436303274515,9.018378337346654,-0.040942382081285755,-4.581583173799049,1.0,0.48101265822784817,-3.9966183808618707,-0.25151527594602613,-0.271402256916269,-0.32929417714802134,0.4762915156337489,0.0,-3.1077628573438214,-0.10843374406719301,-0.33400638457282394,Insurance—Property & Casualty,Financial Services,UIHC
2020Q4,2020,Q4,2021-03-09,2020-12-31,-33933000.0,241222000.0,0.0,-0.79,241222000.0,1.0,368582000.0,396015000.0,239420000.0,249214000.0,2431080000.0,0.0,-6373000.0,245367059.07999998,322029059.08,9.231906713530961,0.9607004421902461,0.42878111247971956,0.39907831774048963,0.0,9.231906713530961,-0.08568614825196015,1.0171835864058834,-1.8077318471694221,0.6195903162253955,-0.07612059057554593,0.0,0.01052708545998358,0.6544595232539842,8.378044572134792,-0.09206363848478764,-1.3905913304769677,1.0,0.5433526011560693,-2.2201296619042443,0.19681058436974305,-0.17840792644650133,0.13391904405992489,0.541891672966843,0.0,-2.2458827531283485,0.30973732765385975,-0.26907799797920456,Insurance—Property & Casualty,Financial Services,UIHC
2020Q3,2020,Q3,2020-11-06,2020-09-30,-74072000.0,212733000.0,0.0,-1.73,212733000.0,1.0,454094000.0,453940000.0,323314000.0,247700000.0,2589389000.0,0.0,29881000.0,259932822.29999998,96903822.29999998,10.583028244217237,1.3052644327815905,0.34804027359973927,0.3481583469180949,0.0,10.583028244217237,-0.16317575009913204,1.2218735330202648,-0.8772978396020088,0.5726149321496232,-0.03484447564531807,0.0,0.009929488616182352,0.4684778922425753,8.99878078320549,-0.1631204111923963,11.09638515688367,1.0,-4.0892857142857135,-5.5486669382161375,0.17579648446996327,-0.008197339423186015,-0.01693184286288627,-4.051495427206064,0.0,-1.621559082398706,0.23243347623770372,-0.10210981638975714,Insurance—Property & Casualty,Financial Services,UIHC
2020Q2,2020,Q2,2020-08-07,2020-06-30,24274000.0,216397000.0,0.0,0.56,216397000.0,1.0,1558840000.0,528267000.0,229631000.0,2143825000.0,2280915000.0,0.0,106534000.0,335172410.04,1279172410.04,12.32514316887537,0.10711275407274382,0.10157553052269637,0.2997347932011653,0.0,12.32514316887537,0.045950248643205044,1.5488773413679489,3.4519692885391775,0.6344753884683313,0.10620416906978661,0.0,0.0076915638721347535,0.1388192502116959,0.8606182874068545,0.015571835467398836,2.847176035201876,1.0,2.866666666666667,1.2820681949219905,0.25750097886264495,0.19375108256040027,0.2274083401397586,2.9078833608425687,0.0,2.262038130262387,0.18510810710684036,-0.026976129265761234,Insurance—Property & Casualty,Financial Services,UIHC
2020Q1,2020,Q1,2020-05-08,2020-03-31,-12723000.0,176304000.0,0.0,-0.3,176304000.0,1.0,2331759000.0,485456000.0,1304168000.0,1687667000.0,1825602000.0,0.0,84838000.0,395523069.48,1209590069.48,11.340965385147577,0.77276382129887,0.06803275981780278,0.32677729804554895,0.0,11.340965385147577,-0.026208348439405425,2.2434151776476994,-7.771812258901202,0.8147454547477012,-0.20207498231549162,0.0,0.00650025295207213,0.07560987220377406,1.0056326277636525,-0.0054563957939049446,28.285995099764,1.0,-0.5789473684210525,-32.152741505822725,0.037356353861851474,0.08083563557636723,-0.1621368589636966,-0.559573424859034,0.0,-2.6367880953365495,-0.27887429132302,-0.014580866332803706,Insurance—Property & Casualty,Financial Services,UIHC
2019Q4,2019,Q4,2020-03-12,2019-12-31,-8158000.0,210421000.0,0.0,-0.19,210421000.0,1.0,347321000.0,503138000.0,215469000.0,1805148000.0,1943353000.0,0.0,100394000.0,539722476.28,1368046476.28,11.75524544341661,0.11936362004666654,0.4575939836635274,0.31588152753320164,0.0,11.75524544341661,-0.016214239433316506,2.5649648860142285,-16.539668922530034,1.0727126082307439,-0.31502819318460407,0.0,0.0047617064564617504,0.605840130599647,0.9622668058242316,-0.023488358031907082,-6.38233874865488,1.0,0.7121212121212122,-1.347129679527771,0.33930035195832076,0.19714306625318048,0.013598396901704255,0.7115275813295615,0.0,0.6112576249651984,-0.19766688773609892,0.04484353921938445,Insurance—Property & Casualty,Financial Services,UIHC
2019Q3,2019,Q3,2019-11-05,2019-09-30,-28280000.0,207598000.0,0.0,-0.66,207598000.0,1.0,1362148563.0,515842000.0,270563.0,2079306000.0,2218153000.0,0.0,111122000.0,598707841.86,1408879841.8600001,12.053674723184125,0.0001301217810173202,0.1171113080710272,0.3092477929288426,0.0,12.053674723184125,-0.0548229884344431,2.883976925885606,-5.292678941478076,1.1606419055834927,-0.09091230551626592,0.0,0.004294248079351522,0.1524048151860804,0.9265168282109512,-0.020761318381980337,11.789997082767178,1.0,-8.428571428571429,-2.5866714189195514,0.4617041521927069,0.30521883727470145,0.013780911825604564,-8.741646572511195,0.0,-5.140760734263501,-0.18203097922095615,-0.003611263741377046,Insurance—Property & Casualty,Financial Services,UIHC
2019Q2,2019,Q2,2019-08-02,2019-06-30,-2903000.0,204776000.0,0.0,-0.07,204776000.0,1.0,1325756068.0,541913000.0,276068.0,2002291000.0,2141241000.0,0.0,141973000.0,623476039.86,1469910039.8600001,12.672646637349802,0.00013787606296986803,0.12032756541756216,0.2943738201519432,0.0,12.672646637349802,-0.005356948440063258,3.044673398542798,-53.69239061832587,1.1505094726644314,-0.8852910781949708,0.0,0.004122050946139145,0.15445978709259808,0.9362625112933135,-0.002189693918866529,3.548102047336403,1.0,-1.3181818181818183,-1.1467820847416048,0.4665921314362277,0.425064340628036,0.012134182808507274,-1.3065793642412082,0.0,-1.1477885637553908,-0.15158107011059213,0.04761407799861789,Insurance—Property & Casualty,Financial Services,UIHC
2019Q1,2019,Q1,2019-05-10,2019-03-31,9469000.0,202321000.0,0.0,0.22,202321000.0,1.0,1106496867.0,538591000.0,128867.0,1586126000.0,1725577000.0,0.0,147446000.0,700225568.4,1674733568.4,12.614352858012547,8.124638269595228e-05,0.14443872799506083,0.29673908401737126,0.0,12.614352858012547,0.017581058725452153,3.460963362181879,18.48731567219347,1.3001063300352214,0.27130636814869574,0.0,0.0036688177580691725,0.18284823575555592,1.1473294051040082,0.008557638329038305,-47.25506602780402,1.0,1.846153846153846,-0.6600443376605999,0.22545088582971815,0.26817169628785814,0.11724621594906372,1.8552976244241712,0.0,0.6042481877513709,-0.059577996461417454,0.09822024686159947,Insurance—Property & Casualty,Financial Services,UIHC
2018Q4,2018,Q4,2019-03-18,2018-12-31,-11071000.0,181089000.0,0.0,-0.26,181089000.0,1.0,1273776000.0,520230000.0,112679000.0,1641080000.0,1781059000.0,0.0,140546000.0,709549466.34,1619333466.3400002,12.185510679895186,0.06866149121310357,0.12570342038160556,0.30778309593833497,0.0,12.185510679895186,-0.02128097187782327,3.918236150953399,-16.022704957546743,1.3639149344328472,-0.2320476921687291,0.0,0.003620607331651481,0.14216706862117043,1.0339764057815586,-0.008691481076735627,-6.833959050535988,1.0,0.03703703703703707,-1.568987679261812,0.07841143641069545,0.8268295572621914,-0.03497431415599088,0.054407242910830204,0.0,-1.3999808042350121,-0.09724656748089341,0.08444759002273836,Insurance—Property & Casualty,Financial Services,UIHC
2018Q3,2018,Q3,2018-11-07,2018-09-30,-11708000.0,187652000.0,0.0,-0.27,187652000.0,1.0,1065290950.0,528877000.0,240950.0,1632644000.0,1773351000.0,0.0,154186000.0,927390614.89,1683538614.8899999,12.392294061939749,0.00014758269408395218,0.15085831715739254,0.3038664944779221,0.0,12.392294061939749,-0.022137472417972422,4.942076902404451,-19.80249860971131,1.7535090671176854,-0.2194226170140075,0.0,0.0027701380181690918,0.1761509379198237,0.9734583901940655,-0.010990424728568284,27.846223123048283,1.0,-1.7941176470588236,-2.071121264379381,0.3686489055970687,0.9816621571785722,0.02459213313822701,-1.7964084075913203,0.0,-1.7226005848198263,0.042403877313385255,0.16136042894886615,Insurance—Property & Casualty,Financial Services,UIHC
2018Q2,2018,Q2,2018-08-03,2018-06-30,14701000.0,183148000.0,0.0,0.34,183148000.0,1.0,1051832675.0,544734000.0,208675.0,1612200000.0,1772928000.0,0.0,168461000.0,835060762.8,1635985762.8,12.772593558625289,0.00012943493363106313,0.15279806743025928,0.29503941373220693,0.0,12.772593558625289,0.026987483799432384,4.559486113962478,14.200747615808446,1.5329697848858341,0.174477926671655,0.0,0.003071632765260612,0.174122751986194,0.9577608237191415,0.013976557630708706,8.945386367580422,1.0,0.7000000000000001,0.2319532561007491,0.4224239950841437,1.123463971485256,0.016771500108256954,0.756601744533397,0.0,0.3889616889226123,0.06958522560148339,0.23708886613316327,Insurance—Property & Casualty,Financial Services,UIHC
2018Q1,2018,Q1,2018-05-09,2018-03-31,8369000.0,180127000.0,0.0,0.2,180127000.0,1.0,878166703.0,535080000.0,216703.0,1370300000.0,1531313000.0,0.0,156327000.0,815018312.46,1546469312.46,12.565890905061886,0.00015814274246515363,0.18334673752712302,0.3009064065186514,0.0,12.565890905061886,0.01564065186514166,4.524687095549251,24.346347008603182,1.5231709509979816,0.3064882303739993,0.0,0.0031471685492046983,0.20511709153244906,1.152859227906298,0.009530081215115258,-48.5766070127548,1.0,-0.6825396825396826,-0.27597699411043997,0.535038591441114,1.1045807133188326,-0.013467626214496183,-0.690048516721603,0.0,19.599407404162644,0.06541556280042085,0.19757553450809004,Insurance—Property & Casualty,Financial Services,UIHC
2017Q4,2017,Q4,2018-03-28,2017-12-31,27001000.0,182586000.0,0.0,0.63,182586000.0,1.0,1130115000.0,537125000.0,276275000.0,1361400000.0,1522796000.0,0.0,141186000.0,733574276.25,1453194276.25,12.630495029575405,0.2029344792125753,0.14278546873548267,0.3004216895508494,0.0,12.630495029575405,0.05026949034209914,4.017691806874569,6.792102850357395,1.3657421945543402,0.09499648161179215,0.0,0.003496578442079743,0.16156408861045116,1.1619325694138387,0.02389225875242785,-10.328831576835347,1.0,1.9545454545454546,6.324679120432267,0.284836411874334,0.6278862886122605,0.06695572904492543,1.9639083250035698,0.0,0.1563473740885737,0.16965235740730705,0.2862776554333472,Insurance—Property & Casualty,Financial Services,UIHC
2017Q3,2017,Q3,2017-11-08,2017-09-30,-28012000.0,171128000.0,0.0,-0.66,171128000.0,1.0,1044634268.0,501216000.0,280268.0,1628900000.0,1682006000.0,0.0,118299000.0,693147720.0,1254579720.0,11.786550780257922,0.00017205967217140403,0.050849375352867515,0.10598025601736577,0.0,11.786550780257922,-0.0558880801889804,4.050463512692254,-6.1861677138369275,1.382932149013599,-0.09153220048550621,0.0,0.003699067206049527,0.1638161845175081,0.9995800847197496,-0.026815126459167622,27.17693471868261,1.0,-4.882352941176471,-7.943679460173822,0.2920944420654163,0.8791325129762401,-0.039000859198194,-4.859997244040237,0.0,-2.5816513222626516,0.21259682730693444,0.27629361652656176,Insurance—Property & Casualty,Financial Services,UIHC
2017Q2,2017,Q2,2017-08-09,2017-06-30,7257000.0,178073000.0,0.0,0.17,178073000.0,1.0,690491171.0,529462000.0,254171.0,1238000000.0,1291809000.0,0.0,148875000.0,657498914.9300001,1240554914.93,12.666845634090025,0.00020530775444264944,0.07786486237345387,0.10154647547888233,0.0,12.666845634090025,0.013706366084818174,3.692299871007958,22.65050692193744,1.2418245595151305,0.3529006476505443,0.0,0.0038950634622304347,0.2578932323524235,0.9699983844911148,0.010509909908753924,11.008219175763463,1.0,-0.055555555555555455,-0.3985332119029376,0.39854672940121894,1.0793704435409783,0.4520805982076603,0.8612464734547319,0.0,-0.6246131410395139,0.3047409612365478,0.4244120062639569,Insurance—Property & Casualty,Financial Services,UIHC
2017Q1,2017,Q1,2017-05-10,2017-03-31,3899000.0,122633000.0,0.0,0.18,122633000.0,1.0,248010219.0,247107000.0,124219.0,650000000.0,703778000.0,0.0,144179000.0,342465400.75,813174400.75,11.5087732698498,0.00019110615384615386,0.21701525129494764,0.21780847972740552,0.0,11.5087732698498,0.015778589841647546,2.7926039544820727,21.958540699538343,1.3858992288765595,0.3336753013593229,0.0,0.003798923912169834,0.4944675283722886,1.1365953846153847,0.015721126394392645,-66.64047494648764,1.0,1.3673469387755102,-0.6037002757500868,1.0059606924706934,1.002252737578198,-0.06695426567148281,1.3707330987924313,0.0,-0.7216382868390039,0.47706770472310994,0.15702332764118598,Insurance—Property & Casualty,Financial Services,UIHC
2016Q4,2016,Q4,2017-03-15,2016-12-31,-10517000.0,131433000.0,0.0,-0.49,131433000.0,1.0,281618688.0,241327000.0,150688.0,704200000.0,758359000.0,0.0,141581000.0,324751637.40000004,756885637.4000001,11.250723196507584,0.00021398466344788413,0.19237004612421177,0.22448793545686974,0.0,11.250723196507584,-0.043579872952466986,2.47085311451462,-7.719683307977561,1.3456912711797686,-0.12351431016449557,0.0,0.003999979831972357,0.46670553340551035,1.0540272649815394,-0.0373448227981234,-13.534137837049387,1.0,-4.0625,-2.5753386917483283,1.3993496481652892,1.1200293677464386,0.03326205562805616,-4.072451066316097,0.0,-2.0758062660974566,0.5578406041624117,0.6866879210787582,Insurance—Property & Casualty,Financial Services,UIHC
2016Q3,2016,Q3,2016-11-09,2016-09-30,3423000.0,127202000.0,0.0,0.16,127202000.0,1.0,266854556.0,259475000.0,139556.0,689800000.0,714940000.0,0.0,153397000.0,364202186.16,775886186.1600001,12.097361486085155,0.00020231371412003478,0.09418613786005588,0.09686482320069371,0.0,12.097361486085155,0.013192022352827825,2.86317971541328,26.599633812445223,1.4036118553232488,0.37949167397020156,0.0,0.003566700171946052,0.4766716443094942,1.0511583067555814,0.01282721213873523,9.991007219158918,1.0,-0.6444444444444445,-0.5469496905442858,1.410490312932082,1.4204648377467748,0.05194300411012148,-0.6521694949700234,0.0,-0.37689543304310136,0.8459966329725506,0.9344992411301806,Insurance—Property & Casualty,Financial Services,UIHC
2016Q2,2016,Q2,2016-08-09,2016-06-30,9841000.0,120921000.0,0.0,0.45,120921000.0,1.0,317117209.0,259156000.0,136209.0,712100000.0,737604000.0,0.0,151273000.0,350920844.82,739353844.8199999,12.096674628084294,0.00019127791040584187,0.08036776080480704,0.0983423111948016,0.0,12.096674628084294,0.037973267066940375,2.9020670092043566,8.914765898282694,1.3540911451789654,0.13210039630118892,0.0,0.003704539126670623,0.38131327019846467,0.9867027102934981,0.031032689872090794,32.735153434701495,1.0,2.214285714285714,53.05735492238962,1.4636927306573115,1.7166076310226672,0.12420858861483251,2.3348017621145374,0.0,0.6417109903599291,0.8695571307999618,1.0110913754216004,Insurance—Property & Casualty,Financial Services,UIHC
2016Q1,2016,Q1,2016-05-04,2016-03-31,2951000.0,107561000.0,0.0,0.14,107561000.0,1.0,121818409.0,245192000.0,126409.0,483600000.0,495660000.0,0.0,142732000.0,410070126.21000004,750449126.21,11.486177653399464,0.0002613916459884202,0.09899160643281756,0.049181865639988255,0.0,11.486177653399464,0.012035466083722144,3.812442485752271,34.739929363775,1.6724449664344678,0.36462216197899017,0.0,0.0026239414461734583,0.8829617861779824,1.2858188585607941,0.024224581688634596,10.402590720700154,1.0,-0.78125,0.30049487302069267,1.603065936475893,1.6187860935565463,0.07531966369080348,-0.7861904071873641,0.0,-0.49073635487828715,0.8284790132668541,0.923746445177277,Insurance—Property & Casualty,Financial Services,UIHC
2015Q4,2015,Q4,2016-03-02,2015-12-31,13802000.0,100027000.0,0.0,0.64,100027000.0,1.0,161435786.0,239211000.0,84786.0,488400000.0,500810000.0,0.0,140857000.0,364034119.50000006,744315119.5,11.236606353322879,0.0001735995085995086,0.07651958903337579,0.05164060181178959,0.0,11.236606353322879,0.057698015559485144,3.6393585681865903,6.593865372772062,1.521811787501411,0.07795971598319085,0.0,0.0029557668975586223,0.6196085916167311,1.1908906633906633,0.08549529408553813,29.2961628440367,1.0,0.6842105263157895,1.3680124875642061,1.098542597841912,1.6232555028548359,0.11381199474422644,0.7075343313126314,0.0,6.479280008735717,0.4060689557210499,0.44823440176142015,Insurance—Property & Casualty,Financial Services,UIHC
2015Q3,2015,Q3,2015-11-05,2015-09-30,8083000.0,89806000.0,0.0,0.38,89806000.0,1.0,204296341.0,227183000.0,84341.0,540900000.0,553497000.0,0.0,128131000.0,279973480.85,654017480.85,10.670497937626367,0.00015592715843963764,0.061905171370641436,0.05566877803356765,0.0,10.670497937626367,0.03557924668659187,3.1175364769614506,8.659330720338984,1.2323698553588958,0.13311889150068043,0.0,0.0038432211391352567,0.439586923389881,1.0709410242188944,0.03956507473621371,10.63405806935582,1.0,0.52,13.703718606422841,1.2301929670355682,1.4457355818741777,0.05233184907429107,0.5323222748815166,0.0,3.001890268365714,0.35433339518781065,0.7011999505253771,Insurance—Property & Casualty,Financial Services,UIHC
2015Q2,2015,Q2,2015-08-06,2015-06-30,5275000.0,85340000.0,0.0,0.25,85340000.0,1.0,239541752.0,219457000.0,105752.0,557300000.0,570244000.0,0.0,121124000.0,330310407.84,636789407.8399999,10.324717898843668,0.00018975776063161673,0.05402398492935795,0.05896827168875907,0.0,10.324717898843668,0.024036599424944294,3.870522707288493,15.654521698578199,1.505125869031291,0.20417061611374407,0.0,0.0032605693748581216,0.3562635711205786,1.0027328189485016,0.0220212132371813,10.2035835858149,1.0,24.0,12.457150890436852,1.191849389597505,1.4193968837327327,0.03572988980047575,25.641414141414142,0.0,-0.14025023387781216,0.31803401750049826,0.6948902557851643,Insurance—Property & Casualty,Financial Services,UIHC
2015Q1,2015,Q1,2015-05-07,2015-03-31,198000.0,82396000.0,0.0,0.01,82396000.0,1.0,95006802.0,217752000.0,68802.0,372600000.0,385843000.0,0.0,116926000.0,466932712.5,820199712.5,10.49277523043537,0.00018465378421900162,0.13930581517731752,0.060780153569197984,0.0,10.49277523043537,0.0009092913038686211,5.666934226176028,589.5615056818182,2.144332600848672,5.41919191919192,0.0,0.0022979756424754668,0.8672642196713453,1.3766908212560387,0.0020840613075261707,28.68665678564846,1.0,-0.9818181818181818,1.0272737960959222,1.4771505620994667,1.4913524897361101,0.08170981463004778,-0.9826224328593997,0.0,-0.9791781191804202,0.39445796090312146,0.8254932508724376,Insurance—Property & Casualty,Financial Services,UIHC
2014Q4,2014,Q4,2015-02-25,2014-12-31,11394000.0,76172000.0,0.0,0.55,76172000.0,1.0,109843391.0,203763000.0,61391.0,366900000.0,380406000.0,0.0,117801000.0,455485130.45,789250130.45,9.819415719633401,0.0001673235213954756,0.12316626313912687,0.06639576370587398,0.0,9.819415719633401,0.055917904624490214,5.979692412566298,9.993968984772687,2.2353672180425295,0.07337195014920134,0.0,0.001835405689696319,0.6934600189100134,1.2985963477786864,0.10372949975661258,85.60141523209923,1.0,0.34146341463414653,5.916127654811222,0.9955958267306749,1.1599266522255547,0.10639534039246445,0.31875,0.0,0.76418480075677,0.4373756176550764,0.8503210270248165,Insurance—Property & Casualty,Financial Services,UIHC
2014Q3,2014,Q3,2014-11-04,2014-09-30,8640000.0,68847000.0,0.0,0.41,68847000.0,1.0,143894318.0,191582000.0,83318.0,407300000.0,421088000.0,0.0,107243000.0,311178675.0,592980675.0,9.234983727596372,0.00020456174809722563,0.09607050641151793,0.07215709200238019,0.0,9.234983727596372,0.045098182501487616,4.519858163754412,9.004012586805555,1.6242584115417942,0.09652777777777778,0.0,0.002680132242352404,0.4784553063450358,1.1594794991406825,0.06004406650719871,29.560052721573097,1.0,-0.10869565217391314,6.99978416642291,0.6940180286873724,0.9347378736073579,0.016882311237149946,-0.09906152241918666,0.0,0.1823323403137865,0.34890935207966906,0.8477544393066103,Insurance—Property & Casualty,Financial Services,UIHC
2014Q2,2014,Q2,2014-08-04,2014-06-30,9590000.0,67704000.0,0.0,0.46,67704000.0,1.0,175277738.0,184391000.0,79738.0,438400000.0,452474000.0,0.0,99437000.0,357888430.1,639371430.1,8.892683843148356,0.00018188412408759124,0.08054645251070047,0.07656555905657,0.0,8.892683843148356,0.05200904599465267,5.286075122592462,9.329729668925966,1.9409213578753846,0.08696558915537017,0.0,0.0023303351822995966,0.3862669656314255,1.0592449817518248,0.05471316614092772,11.749841757772744,1.0,-0.2923076923076923,0.7177532777913681,0.31177119128597586,0.8817417301370698,0.002918215888722651,-0.15795943454210204,0.0,53.428024090673674,0.42523848677247605,0.9970722145805626,Insurance—Property & Casualty,Financial Services,UIHC
2014Q1,2014,Q1,2014-05-01,2014-03-31,11389000.0,67507000.0,0.0,0.65,67507000.0,1.0,64919146.0,173654000.0,57146.0,296800000.0,311231000.0,0.0,90681000.0,255063366.95999998,549843366.96,9.946880927035968,0.00019254043126684637,0.22199922346483117,0.08299261750377186,0.0,9.946880927035968,0.06558443802043143,3.7783247212881625,5.5988973342699095,1.4688021408087344,0.07305294582491878,0.0,0.003261934514220058,1.0398627240105716,1.4228402964959568,0.1754336078296532,15.681731752843527,1.0,0.4444444444444445,1.2025522406561617,0.8558067058918409,1.2368452885443015,0.0640910452231207,0.5493130186369202,0.0,5.137025425217033,0.9976161522509631,1.26783480388493,Insurance—Property & Casualty,Financial Services,UIHC
2013Q4,2013,Q4,2014-02-24,2013-12-31,7351000.0,63441000.0,0.0,0.45,63441000.0,1.0,91374888.0,107587000.0,34888.0,318900000.0,333643000.0,0.0,80124000.0,227099797.76,221623797.76,6.67030519155668,0.00010940106616494199,0.3218827474787165,0.2733787539386729,0.0,6.67030519155668,0.06832609887811725,3.579700789079617,7.7234321099170185,2.1108479440824635,0.06611345395184329,0.0,0.0021400283258446876,0.6942936006663012,1.1038444653496393,0.08044879901795338,8.278343519119309,1.0,0.7307692307692307,-0.29790855227219587,0.7525190532616625,0.639470798291769,0.22432792326842543,0.7794722827402566,0.0,0.6646398045794242,0.7567196243715208,0.5572241519609499,Insurance—Property & Casualty,Financial Services,UIHC
2013Q3,2013,Q3,2013-11-07,2013-09-30,4131000.0,51817000.0,0.0,0.26,51817000.0,1.0,118745318.0,100864000.0,54318.0,332100000.0,347051000.0,0.0,73259000.0,142421251.01,348624251.01,6.253484741104157,0.0001635591689250226,0.126320769969221,0.14871510152284265,0.0,6.253484741104157,0.04095613895939086,2.7485429687168303,8.619054164245945,1.4120127201974937,0.11764705882352941,0.0,0.003412412098289151,0.4363708891663417,0.9969858476362541,0.03478874004952347,17.423691094935158,1.0,-0.07142857142857148,-0.6956772256998013,0.30384800627740116,0.8903511848280756,0.06505385184576173,-0.08383233532934131,0.0,9.570191629709148,0.6985815620703318,0.4333323741242268,Insurance—Property & Casualty,Financial Services,UIHC
2013Q2,2013,Q2,2013-08-08,2013-06-30,4509000.0,48652000.0,0.0,0.28,48652000.0,1.0,144716815.0,96932000.0,50815.0,354900000.0,370207000.0,0.0,69614000.0,114417202.89999999,94190202.89999999,6.014980112750161,0.00014318117779656242,0.21136451904362322,0.31556142450377583,0.0,6.014980112750161,0.046517146040523254,2.3517471614733205,6.343823624972277,1.1803862800726281,0.10800620980261699,0.0,0.004256352957916961,0.33618760888290694,0.9130628346012961,0.031157402130498797,2.997097728939648,1.0,0.03703703703703707,8.824077920101796,118.3940184657141,0.08941613569844249,0.10147158705003397,0.03631349115145943,0.0,14.172220972107253,0.6481511363413408,0.40949363295746244,Insurance—Property & Casualty,Financial Services,UIHC
2013Q1,2013,Q1,2013-05-08,2013-03-31,4351000.0,44170000.0,0.0,0.27,44170000.0,1.0,49947906.0,95702000.0,64906.0,216500000.0,232081000.0,0.0,65591000.0,92484537.32,58754537.31999999,5.970733659934582,0.00029979676674364895,0.6241703105631695,0.3257612171114501,0.0,5.970733659934582,0.04546404463856555,2.093831499207607,5.313981689266835,0.9663804029173894,0.11146862790163181,0.0,0.005244119871864436,0.8843213567351552,1.2945034642032334,0.08711075895754268,2.878179358292098,1.0,2.0000000000000004,7.339645748980179,96.94002482003182,0.43012519180327935,0.16558912785327878,3.4262461851475075,0.0,1.7759753939692646,0.7193018957151249,0.4176613758085819,Insurance—Property & Casualty,Financial Services,UIHC
2012Q4,2012,Q4,2013-03-06,2012-12-31,983000.0,37895000.0,0.0,0.09,37895000.0,1.0,73146205.0,87986000.0,71205.0,209700000.0,225628000.0,0.0,61726000.0,68154061.1,28713061.099999994,7.758831263541535,0.00033955650929899856,0.4342535610699147,0.3610119791785057,0.0,7.758831263541535,0.011172231945991408,1.7984974561287768,17.33317932349949,0.7746011990543951,0.47202441505595116,0.0,0.006808104939178746,0.5180719902009954,1.1564663805436337,0.013438838009436033,-3.815375978279124,1.0,0.0,5.107655991282306,72.78411367392684,0.8395484705810026,0.174237729300942,0.0,0.0,1.776109261696871,0.8166930370245565,0.7066704287441964,Insurance—Property & Casualty,Financial Services,UIHC
2012Q3,2012,Q3,2012-11-14,2012-09-30,983000.0,32272000.0,0.0,0.09,32272000.0,1.0,100189892.0,64993000.0,90892.0,255700000.0,271902000.0,0.0,61207000.0,50972612.103817366,-23743387.896182634,6.27233614386776,0.00035546343371138054,0.16145341288520404,0.2488883418214269,0.0,6.27233614386776,0.015124705737540966,1.5794686447638004,12.96353308845813,0.7842784931272193,0.0,0.0,0.0,0.32210834202715777,0.4235314822057098,0.009811368995187659,-46.97936599430172,1.0,-0.689655172413793,128.71538997027218,19559.131228856186,344.62097560070333,0.022430617158788493,-0.6713473754597125,0.0,2.3666481315189865,0.5897915973568261,0.31406038727214913,Insurance—Property & Casualty,Financial Services,UIHC
2012Q2,2012,Q2,2012-08-08,2012-06-30,2991000.0,31564000.0,0.0,0.29,31564000.0,1.0,128682130.0,63121000.0,92130.0,286400000.0,302908000.0,0.0,60224000.0,44601035.59096972,-31057964.40903028,6.091673406937314,0.0003216829608938548,0.12799757044742732,0.2609432676922102,0.0,6.091673406937314,0.047385180843142534,1.4130349635968102,3.7279367762428715,0.7065958332562811,0.0,0.0,0.0,0.24528658330414643,0.38431564245810057,0.02324332057605823,1.3044289772745004,1.0,-0.36956521739130443,1334.7409492677004,197048.41174108983,321.46736784881955,0.06985730264718842,-0.37005054759898903,0.0,0.07208248265758287,0.22378578352805936,0.2890322267593253,Insurance—Property & Casualty,Financial Services,UIHC
2012Q1,2012,Q1,2012-05-09,2012-03-31,4748000.0,29503000.0,0.0,0.46,29503000.0,1.0,42326254.0,59559000.0,58254.0,165000000.0,181779000.0,0.0,57233000.0,50547840.3372613,9058840.337261297,5.74791236583355,0.00035305454545454546,0.39608985949949643,0.28148558572172133,0.0,5.74791236583355,0.07971926996759515,1.7133118780212622,2.661533294927406,0.8487019650642438,0.10909856781802864,0.0,0.010247717737174158,0.6970378243252994,0.4394181818181818,0.11217623936198086,2.6509251278194514,1.0,0.48387096774193555,11.70145115728812,100.19406584953624,0.37675447320927913,0.11491950721789736,0.4722480620155039,0.0,0.5470770669752087,0.36650342241014,0.29258516200128765,Insurance—Property & Casualty,Financial Services,UIHC
2011Q4,2011,Q4,2012-03-14,2011-12-31,3225000.0,26462000.0,0.0,0.31,26462000.0,1.0,63153639.0,54989000.0,41639.0,168100000.0,185226000.0,0.0,53003000.0,37068416.24670324,12488416.246703237,5.306871389459546,0.000247703747769185,0.27011903462918424,0.31022568149993635,0.0,5.306871389459546,0.05864809325501464,1.4008168787961317,2.873520639279321,0.6741060256906516,0.16062015503875968,0.0,0.013974160550926408,0.41900990060129395,0.314360499702558,0.051065940950766116,-2.2988165114234564,1.0,-0.11428571428571424,20.9296033783509,55.38760210679921,0.25821103932532086,0.038010434236849334,-0.11643835616438356,0.0,-0.5205384195821722,0.13786889827705875,0.3043572105699296,Insurance—Property & Casualty,Financial Services,UIHC
2011Q3,2011,Q3,2011-11-09,2011-09-30,3650000.0,25493000.0,0.0,0.35,25493000.0,1.0,88589703.0,51788000.0,49703.0,216900000.0,234345000.0,0.0,50296000.0,35405113.985572934,3055113.985572934,4.997949690253159,0.00022915168280313508,0.19588055284483796,0.33507762416003706,0.0,4.997949690253159,0.07047964779485595,1.3888170864775795,2.425007807231023,0.6836547846136736,0.0,0.0,0.0,0.2877648207038238,0.2845228215767635,0.04120117661981551,6.836283835793191,1.0,33.99999999999999,475.22296377568006,15450.364198600355,274.39918274905335,0.06242967284851011,40.01123595505618,0.0,-0.5814484472524498,-0.0014898559918534332,0.5108184492048495,Insurance—Property & Casualty,Financial Services,UIHC
2011Q2,2011,Q2,2011-08-15,2011-06-30,89000.0,23995000.0,0.0,0.01,23995000.0,1.0,127006960.0,46638000.0,46960.0,256100000.0,273650000.0,0.0,46646000.0,35787352.64696802,6474352.646968022,4.452860431497242,0.00018336587270597422,0.1389451412741475,0.3783824349243107,0.0,4.452860431497242,0.0019083151078519661,1.4914504124595966,100.52627148024726,0.7673432104071364,0.0,0.0,0.0,0.18892665409832657,0.24133151112846543,0.0007007489983226116,1.036563436552296,1.0,-0.9090909090909092,40.26282126693212,148196.29829438776,234.71555577944173,0.17231776431502835,-0.9208185053380783,0.0,-0.7016447305877452,89.6013707877787,-0.19351054980159382,Insurance—Property & Casualty,Financial Services,UIHC
2011Q1,2011,Q1,2011-05-11,2011-03-31,1124000.0,20468000.0,0.0,0.11,20468000.0,1.0,219642000.0,46378000.0,47112.0,155400000.0,173264000.0,0.0,46557000.0,25928426.403917313,-3242573.5960826874,4.38606943944788,0.00030316602316602314,0.08168292038863241,0.38684289965069646,0.0,4.38606943944788,0.024235628962007847,1.2667786986475138,5.766998755319687,0.5590673682331561,0.0,0.0,0.0,0.09318800593693374,0.3712097812097812,0.005117418344396791,1.7245378386376662,1.0,-0.5925925925925927,3.482555810010215,67.79629034088491,0.05056241922900092,-0.13545934530095036,-0.6117443868739205,0.0,3.482555810010215,67.79629034088491,0.05056241922900092,Insurance—Property & Casualty,Financial Services,UIHC
2010Q4,2010,Q4,2011-03-17,2010-12-31,2895000.0,23675000.0,0.0,0.27,23675000.0,1.0,213621000.0,45293000.0,71644.0,150100000.0,168328000.0,0.0,45433000.0,26353482.574525334,-27055517.425474666,4.283458603667964,0.00047730846102598265,0.0853614579091007,0.40260084339743446,0.0,4.283458603667964,0.06391716159229903,1.1131354836124745,2.2757756972819805,0.5818444919639973,0.0,0.0,0.0,0.11082711905664705,0.5294403730846102,0.013552038423188731,-1.5756940253826806,1.0,10.000000000000002,18.290805937776582,48.43695294486319,0.015569156684787394,0.183809190459523,10.16139240506329,0.0,18.290805937776582,48.43695294486319,0.015569156684787394,Insurance—Property & Casualty,Financial Services,UIHC
2010Q3,2010,Q3,2010-11-10,2010-09-30,-316000.0,19999000.0,0.0,-0.03,19999000.0,1.0,262423000.0,46133000.0,38323000.0,197800000.0,216290000.0,0.0,42538000.0,17427302.992814213,-2366697.007185787,4.362899250723383,0.19374620829120323,0.07060737816426152,0.4016430754557475,0.0,4.362899250723383,-0.006849760475147942,0.8714087200767144,-13.787423253808715,0.3777621874322982,0.0,0.0,0.0,0.07620902131291846,0.23659757330637007,-0.0012041627448813558,-1.145252217441954,1.0,-2.5,-39.23254860070319,11877.316956899196,239.40635911339396,0.03252620166245031,-2.6205128205128205,0.0,-39.23254860070319,11877.316956899196,239.40635911339396,Insurance—Property & Casualty,Financial Services,UIHC
2010Q2,2010,Q2,2010-08-09,2010-06-30,195000.0,19369000.0,0.0,0.02,19369000.0,1.0,297865000.0,45124000.0,22387000.0,233900000.0,252741000.0,0.0,42854000.0,25078314.06270126,21515314.06270126,4.267475902058004,0.09571184266780676,0.06319641448307119,0.41716159914901163,0.0,4.267475902058004,0.0043214254055491536,1.2947655564407692,32.15168469577085,0.5557644283020401,0.0,0.0,0.0,0.06502610242895271,0.14548952543822147,0.0006546589898108203,1.42555218637456,1.0,1.0571428571428572,86.20997338414075,118491.55201376365,224.90208462714986,0.14284871371253247,1.0527169505271694,0.0,86.20997338414075,118491.55201376365,224.90208462714986,Insurance—Property & Casualty,Financial Services,UIHC
2010Q1,2010,Q1,2010-05-12,2010-03-31,-3699000.0,16948000.0,0.0,-0.35,16948000.0,1.0,232389000.0,44534000.0,39171000.0,151000000.0,187855000.0,0.0,42659000.0,29753931.938332137,27501931.938332137,4.2116783047214605,0.2594105960264901,0.15886724414666786,0.8290070507926528,0.0,4.2116783047214605,-0.08306013383033188,1.7556013652544333,-2.0109443051049025,0.6681172124294277,0.0,0.0,0.0,0.07292944158286321,0.3128344370860927,-0.01591727663529685,4.9400517911891315,1.0,-2.1336735607485,-7.169905641661729,55.96499553924748,0.008791814609175271,-0.1286375321336761,-2.132091447925487,0.0,-7.169905641661729,55.96499553924748,0.008791814609175271,Insurance—Property & Casualty,Financial Services,UIHC
2009Q4,2009,Q4,2010-03-25,2009-12-31,-1181000.0,19450000.0,0.0,-0.11169,19450000.0,1.0,27408000.0,48071000.0,27086000.0,158300000.0,199687000.0,0.0,46887000.0,31849279.257694703,46191279.25769471,4.5461801721440995,0.1711054958938724,1.511529480443666,0.8618085748164174,0.0,4.5461801721440995,-0.02456782675625637,1.6374950775164372,-6.742015084186009,0.6625466343053962,-0.4479254868755292,0.0,0.016609481040993888,0.7096468184471687,0.22890082122552116,-0.04308960887332166,-1.141551227874362,1.0,-0.5955714285714284,-8.869582664080879,39.6145188924008,0.07785805601294714,-0.06106685976345643,-0.6089918256130791,0.0,-8.869582664080879,39.6145188924008,0.07785805601294714,Insurance—Property & Casualty,Financial Services,UIHC
2009Q3,2009,Q3,2009-11-12,2009-09-30,-734000.0,20715000.0,0.0,-0.07,20715000.0,1.0,64710000.0,50472000.0,64461000.0,211800000.0,253360000.0,0.0,48597000.0,36019777.77829305,13168777.77829305,4.7732480216441715,0.30434844192634564,0.6430227167362077,0.8244174988112221,0.0,4.7732480216441715,-0.014542716753843716,1.7388258642671035,-12.268316681979922,0.713658618209959,-0.720708446866485,0.0,0.014686376003096732,0.3201205377839592,0.35327195467422096,-0.011342914541801885,-9.093607113934121,1.0,-1.2592592592592593,-92.45155276239286,12302.581967206703,262.0175743431214,-0.21295592705167174,-1.257815244116614,0.0,-92.45155276239286,12302.581967206703,262.0175743431214,Insurance—Property & Casualty,Financial Services,UIHC
2009Q2,2009,Q2,2009-08-13,2009-06-30,2847000.0,26320000.0,0.0,0.27,26320000.0,1.0,101163000.0,49970000.0,100908000.0,247200000.0,283472000.0,0.0,49860000.0,38443312.02752557,-20959687.972474433,4.725772777808672,0.40820388349514564,0.4102784614928383,0.8305983590154092,0.0,4.725772777808672,0.056974184510706426,1.4606121591005155,3.375773799396344,0.769327837252863,0.0,0.0,0.0,0.26017417435228296,0.4692677993527508,0.028142700394412978,1.7550016903686632,1.0,-0.09999999999999991,1245.0656114084552,161015.26150045224,249.1623785306861,0.19723435225618632,-0.08896,0.0,1245.0656114084552,161015.26150045224,249.1623785306861,Insurance—Property & Casualty,Financial Services,UIHC
2009Q1,2009,Q1,2009-05-13,2009-03-31,3125000.0,21984000.0,0.0,0.3,21984000.0,1.0,47515000.0,46918000.0,47241000.0,150400000.0,186896000.0,0.0,47541000.0,38363738.88319583,32523738.883195832,4.4468345566756735,0.3141023936170213,0.8713248447858571,0.8824118675135343,0.0,4.4468345566756735,0.06660556715972547,1.7450754586606547,3.0690991106556664,0.8176763477385188,0.0,0.0,0.0,0.4626749447542881,0.3859707446808511,0.06576870461959382,2.384470065460615,1.0,-0.5384615384615385,7.917206250242741,73.05328387034513,0.0651170334321907,-0.07162162162162163,-0.5437290115345306,0.0,7.917206250242741,73.05328387034513,0.0651170334321907,Insurance—Property & Casualty,Financial Services,UIHC
2008Q4,2008,Q4,2009-03-30,2008-12-31,6849000.0,23680000.0,0.0,0.65,23680000.0,1.0,31983000.0,42927000.0,31689000.0,147800000.0,190194000.0,0.0,44416000.0,20999099.17854796,30613099.17854796,4.068572126143839,0.21440460081190799,1.2914048088046775,0.9621683322850421,0.0,4.068572126143839,0.1595499336082186,0.8867862828778699,0.7665023791264404,0.4891816148006606,1.0166447656592204,0.0,0.3315856523556586,0.7403933339586656,0.28352503382949934,0.21414501453897383,2.780969299238241,1.0,-0.1333333333333333,44.737978336533864,48.55544719798593,-0.03537847674752034,-0.08895044629116651,-0.22854246451903582,0.0,44.737978336533864,48.55544719798593,-0.03537847674752034,Insurance—Property & Casualty,Financial Services,UIHC
2008Q3,2008,Q3,2008-11-14,2008-09-30,8878000.0,25992000.0,0.0,0.75,25992000.0,1.0,34962000.0,34897000.0,34667000.0,170900000.0,207828000.0,0.0,37412000.0,35530389.38663286,42069389.38663286,3.308107398929105,0.20284961966062023,1.1785939019506892,1.1807891795856378,0.0,3.308107398929105,0.2544058228501017,1.3669740453459858,1.000517835847963,1.018150253220416,0.0,0.0,0.0,0.7434357302213832,0.33428905792861324,0.253932841370631,1.1349249105632069,1.0,31.608695652173914,1134.0096870091131,15473.41885425081,181.284762867436,227.5553494016162,68.31009985088726,0.0,1134.0096870091131,15473.41885425081,181.284762867436,Insurance—Property & Casualty,Financial Services,UIHC
2008Q2,2008,Q2,2008-08-14,2008-06-30,128091.0,113723.0,0.0,0.023,113723.0,1.0,37888810.0,24831534.0,45626000.0,310383000.0,13057276.0,0.0,-42810.0,25441715.587054066,335779089.5870541,5.521287885913181,0.14699903023039276,0.0,0.0,,5.521287885913181,0.005158400604650522,223.7165356792739,49.655548764265376,1.0245728510793601,0.0,0.0,0.0,0.003001493052962075,0.00014699903023039277,0.0033807079187760185,-102.68693730648235,1.0,1.5348837209302328,132.59754591992947,1634.7070208299563,291.2735762029533,-0.3169215429525606,1.505573141562532,0.0,132.59754591992947,1634.7070208299563,291.2735762029533,Insurance—Property & Casualty,Financial Services,UIHC
2008Q1,2008,Q1,2008-05-14,2008-03-31,-253358.0,166486.0,0.0,-0.043,166486.0,1.0,37866344.0,24703443.0,55042000.0,416008000.0,13162901.0,0.0,-170901.0,32793004.49601833,448745962.49601835,4.174972718581329,0.13230995557777736,0.0,0.0,,4.174972718581329,-0.010255979298108365,196.97154412994686,-32.35836691166091,1.3274669646663557,0.0,0.0,0.0,0.00439667478856686,0.00013230995557777736,-0.006690849267095868,86070.87794230533,1.0,-4.071428571428571,0.0,0.0,0.0,-0.37874185579628483,-4.016956822024816,0.0,0.0,0.0,0.0,Insurance—Property & Casualty,Financial Services,UIHC
2007Q4,2007,Q4,2007-12-31,2007-12-31,83978.0,267982.0,0.0,0.014,267982.0,1.0,37878038.0,24956801.0,71274000.0,174344000.0,12921237.0,0.0,82457.0,32793004.49601833,207065730.49601832,4.217791152353266,0.4088124627173863,0.0,0.0,,4.217791152353266,0.003364934472170532,122.37017596711097,97.62379580371744,1.313990703216263,0.0,0.0,0.0,0.007074864859684654,0.0004088124627173863,0.0022170630907545953,192.85805145949607,1.0,19.842530282637956,0.0,0.0,0.0,1299.883495145631,88.38605619146722,0.0,0.0,0.0,0.0,Insurance—Property & Casualty,Financial Services,UIHC
2007Q3,2007,Q3,2007-11-19,2007-09-30,-961.0,206.0,0.0,-0.000743,206.0,1.0,187979.0,23479.0,0.0,100000.0,164500.0,0.0,-1521.0,7081009.912873126,7134125.912873126,0.018148019323671497,0.0,0.53197431628001,4.259125175688913,,0.018148019323671497,-0.04093019293837046,34373.83452851032,-1842.0941500710526,301.5890758922069,0.0,0.0,0.0,0.0010958670915368206,0.46884,-0.0051122731794508965,14782.90169702114,1.0,-2.4398148148148144,0.0,0.0,0.0,9.3,-2.432142857142857,0.0,0.0,0.0,0.0,Insurance—Property & Casualty,Financial Services,UIHC
2007Q2,2007,Q2,2007-11-19,2007-06-30,-280.0,20.0,0.0,-0.000216,20.0,1.0,187500.0,24440.0,0.0,100000.0,163060.0,0.0,-560.0,7081009.912873126,7122273.912873126,0.018890821256038647,0.0,0.5333333333333333,4.091653027823241,,0.018890821256038647,-0.011456628477905073,354050.4956436563,-6322.330279351005,289.730356500537,,0.0,,0.00010666666666666667,0.58736,-0.0014933333333333333,0.0,1.0,0.0,0.0,0.0,0.0,0.0,0.0,0.0,0.0,0.0,0.0,Insurance—Property & Casualty,Financial Services,UIHC
