Quarters,Year,Quarter,FillingDate,Date,NetIncome,Revenue,OperatingIncome,EPSDiluted,GrossProfit,GrossProfitRatio,TotalAssets,CommonStockEquity,CurrentAssets,CurrentLiability,TotalLiability,Inventory,RetainedEarnings,MarketCap,EnterpriseValue,bookValuePerShare,currentRatio,debtToAssets,debtToEquity,roic,shareholdersEquityPerShare,roe,priceToSalesRatio,peRatio,pbRatio,payoutRatio,inventoryTurnover,dividendYield,assetTurnover,quickRatio,returnOnAssets,priceToFreeCashFlowsRatio,grossProfitMargin,epsdilutedGrowth,fiveYNetIncomeGrowthPerShare,fiveYRevenueGrowthPerShare,fiveYShareholdersEquityGrowthPerShare,grossProfitGrowth,netIncomeGrowth,operatingIncomeGrowth,threeYNetIncomeGrowthPerShare,threeYRevenueGrowthPerShare,threeYShareholdersEquityGrowthPerShare,Industry,Sector,Symbol
2024Q1,2024,Q1,2023-06-02,2023-04-30,131521000.0,526325000.0,61530000.0,0.81,359662000.0,0.6833458414,5023370000.0,3943063000.0,4188134000.0,1006302000.0,1080307000.0,0.0,2346273000.0,28773360000.0,27737954000.0,24.66696068863699,4.161905670464732,0.011591421694997581,0.014767200016839701,0.0217204515459841,24.66696068863699,0.03335503389116532,54.668427302522204,54.69347100463044,7.2972103159396635,0.0,0.0,0.0,0.10477528033969227,4.040449089835854,0.02618182614460014,56.871541064482464,0.6833458414477747,-0.30172413793103436,1.6511452987095891,1.4040473631006039,2.614266131357413,-0.09876088454551149,-0.3023979886810267,-0.43510553326661955,0.4212480798088121,0.46059470834995964,1.0481111806423993,Health Information Services,Healthcare,VEEV
2023Q4,2023,Q4,2023-03-30,2023-01-31,188533000.0,563389000.0,108923000.0,1.16,399075000.0,0.7083471633,4804296000.0,3716252000.0,3969313000.0,1006803000.0,1088044000.0,0.0,2214752000.0,26693121600.0,25867632600.0,23.744198527908402,3.942492225390667,0.012691974016588487,0.01640792927928461,0.03952564338413013,23.744198527908402,0.05073202786032809,47.3795576413455,35.39582142118356,7.18280719391473,0.0,0.0,0.0,0.1172677536937774,3.8615866261820835,0.03924258621866763,421.7056083920503,0.7083471633276475,0.7313432835820893,4.062385707861754,1.757413494600197,2.8592186012312655,0.0015836604391081307,0.7383202559539725,-0.10280550887944384,1.7078460549719152,0.7191573892499661,1.1208623755804337,Health Information Services,Healthcare,VEEV
2023Q3,2023,Q3,2022-12-07,2022-10-31,108457000.0,552351000.0,121404000.0,0.67,398444000.0,0.7213601496,4182717000.0,3418792000.0,3386485000.0,690280000.0,763925000.0,0.0,2026219000.0,26096532480.0,25293263480.0,22.001081136738055,4.905958451642811,0.014796602304196053,0.018102885463637447,0.027766081129956363,22.001081136738055,0.03172377845742005,47.24628448214994,60.1540990438607,7.633261245492561,0.0,0.0,0.0,0.13205555145136522,4.849479921191401,0.0259297963500758,182.94996936407676,0.7213601496150093,0.1964285714285714,1.858494136742523,1.8423970298017207,2.7863499680836785,0.04155023278063725,0.19708391739605524,0.20092588928896452,0.25730777602001914,0.8746683963505776,1.0914201063001543,Health Information Services,Healthcare,VEEV
2023Q2,2023,Q2,2022-09-02,2022-07-31,90601000.0,534218000.0,101092000.0,0.56,382549000.0,0.7160915581,4116583000.0,3243931000.0,3356142000.0,799389000.0,872652000.0,0.0,1917762000.0,34753959790.0,33677185790.0,20.93520532297307,4.198384015792061,0.015418612961283667,0.019566384118527798,0.02481605116909125,20.93520532297307,0.027929385674356204,65.05576335877862,95.89838906303463,10.713532374763828,0.0,0.0,0.0,0.12977219213119232,4.140792530295013,0.02200878738507155,372.1658095156506,0.7160915581279552,-0.09677419354838701,1.1632197014966004,1.8976591355883607,2.823541125288395,0.04639661694753916,-0.09503071467812016,-0.20818973619900996,0.08844037329592856,0.9054476562441685,1.1371043643028127,Health Information Services,Healthcare,VEEV
2023Q1,2023,Q1,2022-06-03,2022-04-30,100115000.0,505102000.0,127672000.0,0.62,365587000.0,0.7237884625,4011222000.0,3068275000.0,3275295000.0,878860000.0,942947000.0,0.0,1827161000.0,28113822300.0,26927892300.0,19.857585720387796,3.7267539767425983,0.013479184148870345,0.017621627787600524,0.030863403335212203,19.857585720387796,0.03262908311673497,55.65969309169237,70.20382135544124,9.162745288476424,0.0,0.0,0.0,0.12592222519720922,3.675444325603623,0.02495872828778861,58.44541429067391,0.7237884625283606,0.03333333333333337,1.465904322041015,1.837947788701426,2.8402880671039874,0.045675565903357376,0.031092938947021503,0.06643946607861809,0.29419353339539067,0.9594708174683544,1.1820538833832692,Health Information Services,Healthcare,VEEV
2022Q4,2022,Q4,2022-03-30,2022-01-31,97096000.0,485499000.0,119718000.0,0.6,349618000.0,0.7201209477,3816465000.0,2911637000.0,3107183000.0,840779000.0,904828000.0,0.0,1727046000.0,36412257980.0,35328805980.0,18.914471504576547,3.695600151764019,0.014303288514371284,0.018748216209644265,0.03220663646898661,18.914471504576547,0.03334756358708177,74.99965598281356,93.75323901087583,12.505768397640228,0.0,0.0,0.0,0.12721169983217454,3.651975132585376,0.02544134428063666,673.6274462574463,0.7201209477259479,-0.07692307692307698,2.960917438505016,1.8631795495837207,2.948507230264026,0.008861712841259627,-0.0828665615052565,-0.10345085822125033,0.29133370935268205,0.9774899731344365,1.225987918921487,Health Information Services,Healthcare,VEEV
2022Q3,2022,Q3,2021-12-03,2021-10-31,105869000.0,476111000.0,133532000.0,0.65,346547000.0,0.7278701815,3367486000.0,2769361000.0,2659795000.0,536887000.0,598125000.0,0.0,1629950000.0,48327742340.0,47233836340.0,18.039794416144456,4.954105798799375,0.016641494574884647,0.02023571502595725,0.03674168584399264,18.039794416144456,0.03822867441261721,101.50520013190201,114.12156141080015,17.450864058531913,0.0,0.0,0.0,0.1413847006342417,4.899546832014931,0.0314385865301296,427.8343676909321,0.7278701815332979,-0.02985074626865674,3.324151013744639,1.9459979523269568,3.0379747285385923,0.03913078678368921,-0.027457789046280476,0.0714790088586468,0.5575571865712531,0.9974541071368667,1.2937839370023854,Health Information Services,Healthcare,VEEV
2022Q2,2022,Q2,2021-09-03,2021-07-31,108858000.0,455594000.0,124624000.0,0.67,333497000.0,0.7320048113012901,3351383000.0,2620097000.0,2631792000.0,662837000.0,731286000.0,0.0,1524081000.0,50934573900.0,49928577900.0,17.11474949376184,3.970496517243304,0.01752560062517474,0.02241710898489636,0.039239938421088076,17.11474949376184,0.04154731675964669,111.7981665693578,116.97480639916219,19.439957337457354,0.0,0.0,0.0,0.1359420871920637,3.9198701943313363,0.03248151583987864,427.78796371729726,0.7320048113012901,-0.05633802816901398,6.415056648899321,2.061610481477619,3.0923993999272037,0.05059271603499277,-0.05805290437581662,-0.029755695000233562,1.032676413665158,1.0409062601423933,1.3422193673782308,Health Information Services,Healthcare,VEEV
2022Q1,2022,Q1,2021-06-04,2021-04-30,115567000.0,433573000.0,128446000.0,0.71,317437000.0,0.7321419922366015,3222149000.0,2444984000.0,2495066000.0,709546000.0,777165000.0,0.0,1415223000.0,43057807800.0,41932779800.0,16.0385715410249,3.5164259963413227,0.018606215913665073,0.02452040585950665,0.04351126650126094,16.0385715410249,0.047266975980210915,99.30924619383588,93.14468619934756,17.610670581075375,0.0,0.0,0.0,0.1345601956954815,3.472822058048386,0.03586643572348765,90.00660095947825,0.7321419922366015,0.10937499999999992,7.120686511814718,2.1821264630740194,3.050740995523805,0.1220264815456287,0.12290367088361609,0.2994951589895086,1.4427555360521718,1.0766293533674518,1.3500124984097608,Health Information Services,Healthcare,VEEV
2021Q4,2021,Q4,2021-03-30,2021-01-31,102918000.0,396761000.0,98843000.0,0.64,282914000.0,0.7130589952137433,3046067000.0,2266320000.0,2310826000.0,715952000.0,779747000.0,0.0,1299656000.0,42915466630.0,42248080630.0,14.940175222324036,3.2276269917536373,0.020721146317530113,0.0278504359490275,0.04038125103704114,14.940175222324036,0.04541194535634862,108.16452884734134,104.24674651178609,18.93619022468142,0.0,0.0,0.0,0.13025353677381357,3.177893210718037,0.033787175396995536,627.8688918962415,0.7130589952137433,0.06666666666666674,4.133673270188108,2.0464880228392324,2.935668356722452,0.03056949898368801,0.0614589671923184,-0.024302847835743546,1.8512893500457557,1.00357041571598,1.428273249816293,Health Information Services,Healthcare,VEEV
2021Q3,2021,Q3,2020-12-09,2020-10-31,96959000.0,377519000.0,101305000.0,0.6,274522000.0,0.7271739965405715,2583641000.0,2106379000.0,1852997000.0,417392000.0,477262000.0,0.0,1196738000.0,40775659650.0,40200409650.0,13.950176498248263,4.439464580059033,0.02284179574484226,0.02801727514374194,0.04215109636396668,13.950176498248263,0.046031127351725404,108.00955620776702,105.13634538825688,19.358178015447365,0.0,0.0,0.0,0.14611898479703644,4.377424579292368,0.0375280466597333,427.4043756485645,0.7271739965405715,0.03448275862068969,7.111810257487028,2.096346915944823,2.8971950610841586,0.07034883947613645,0.03642932731878868,0.12459897203627845,1.629902745633384,0.9993105257123179,1.4008024883242296,Health Information Services,Healthcare,VEEV
2021Q2,2021,Q2,2020-09-08,2020-07-31,93551000.0,353683000.0,90081000.0,0.58,256479000.0,0.7251663212537781,2516409000.0,1956727000.0,1785432000.0,501482000.0,559682000.0,0.0,1099779000.0,39794767410.0,39056290410.0,13.009028474932354,3.5603112374920736,0.0044182006978992685,0.0056819372349847476,0.044762978647570825,13.009028474932354,0.04780993976165301,112.51535247665282,106.3451149907537,20.337414166615986,0.0,0.0,0.0,0.14055068154660072,3.4955232690305933,0.03717638905281296,377.8462534181542,0.7251663212537781,0.07407407407407393,5.114711353708078,2.1589367604745955,2.7796232317196554,0.058841742835203485,0.08063994455354048,0.028732941243647576,1.301044844436573,0.9762959230475421,1.3759287098736617,Health Information Services,Healthcare,VEEV
2021Q1,2021,Q1,2020-06-04,2020-04-30,86570000.0,337106000.0,87565000.0,0.54,242226000.0,0.7185455020082704,2404619000.0,1801036000.0,1675272000.0,550340000.0,603583000.0,0.0,1006228000.0,28532422800.0,27864203800.0,12.043760574023178,3.04406730384853,0.004211477992979345,0.005622874834262058,0.044707063483899974,12.043760574023178,0.048066779342556175,84.63932056979111,82.39697008201455,15.842227917709586,0.0,0.0,0.0,0.14019102402501185,3.005718283243086,0.03600154535916085,101.11712997746055,0.7185455020082704,0.28571428571428586,4.848936058929757,2.288113165045981,2.6827037374300082,0.11527747722030121,0.3080595932428757,0.44989568500182137,1.2031904613283533,0.9570384147427619,1.329160788564152,Health Information Services,Healthcare,VEEV
2020Q4,2020,Q4,2020-03-30,2020-01-31,66182000.0,311508000.0,60394000.0,0.42,217189000.0,0.6972180489746652,2271777000.0,1665594000.0,1531124000.0,551172000.0,606183000.0,0.0,919658000.0,21811609530.000004,21389704530.000004,11.195539513218124,2.7779422757324395,0.004407562890195648,0.00601166911023935,0.03540607238301214,11.195539513218124,0.03973477330009594,70.01942014330291,82.39252942643016,13.095393913522745,0.0,0.0,0.0,0.13712085297104426,2.73826500620496,0.0291322607808777,559.0426883842528,0.6972180489746652,-0.19230769230769237,3.3512129075762696,2.1366084570406803,2.5869327164964897,0.046230105206366334,-0.19530670557480698,-0.25254950495049505,1.793529335346033,0.9008521839876336,1.3371347544102592,Health Information Services,Healthcare,VEEV
2020Q3,2020,Q3,2019-12-05,2019-10-31,82245000.0,280921000.0,80800000.0,0.52,207592000.0,0.7389693187764532,1900441000.0,1558565000.0,1658121000.0,306897000.0,341876000.0,0.0,853476000.0,21013107310.0,20147838310.0,10.519685198809372,5.402858287959804,0.003909618872672185,0.004767205730912731,0.04637283952335561,10.519685198809372,0.052769695200392666,74.80077071489849,63.87350997021096,13.482342610029098,0.0,0.0,0.0,0.14781884836203807,5.352808922863371,0.04327679733282959,348.66688751721506,0.7389693187764532,0.040000000000000036,5.992419631763032,1.92274762888912,2.565699380936228,0.05547025147191914,0.037896570000757177,0.09402079722703639,2.4807061373783337,0.8010851411143237,1.3546955139886983,Health Information Services,Healthcare,VEEV
2020Q2,2020,Q2,2019-09-05,2019-07-31,79242000.0,266900000.0,73856000.0,0.5,196682000.0,0.736912701386287,1859853000.0,1445017000.0,1620838000.0,382941000.0,414836000.0,0.0,771231000.0,24471909000.0,23666688000.0,9.796061283980746,4.232605022705847,0.003618027876396683,0.004656692620225229,0.04890507698748327,9.796061283980746,0.054838109171033975,91.68943049831398,77.2062447944272,16.93537792288949,0.0,0.0,0.0,0.14350596525639392,4.175585795200827,0.04260659310171288,246.95402391644382,0.736912701386287,0.06382978723404262,6.140609702604261,2.044485971891272,2.489706526283062,0.09725577269608199,0.07887105338398072,0.03775520240554174,4.601894307049735,0.8614264207250826,1.342388670942868,Health Information Services,Healthcare,VEEV
2020Q1,2020,Q1,2019-06-06,2019-04-30,73449000.0,244752000.0,71169000.0,0.47,179249000.0,0.7323699091325097,1776104000.0,1335103000.0,1537851000.0,412587000.0,441001000.0,0.0,691989000.0,20520047960.0,19791159960.0,9.10041033890449,3.727337506998524,0.003285280591677064,0.004370449321138519,0.04969622678097372,9.10041033890449,0.05501373302284543,83.84016457475322,69.84454505847596,15.369636619796376,0.0,0.0,0.0,0.137802741280916,3.677095982180728,0.041353997288447075,87.43990846954951,0.7323699091325097,0.04444444444444436,7.5903935872708335,2.0980485735218846,2.4138868792832398,0.06824913437069792,0.03229750811654088,0.1297025302390552,4.362920170335007,0.866542978444624,1.2984219724054957,Health Information Services,Healthcare,VEEV
2019Q4,2019,Q4,2019-03-28,2019-01-31,71151000.0,232323000.0,62998000.0,0.45,167797000.0,0.7222573744312875,1653766000.0,1237749000.0,1433414000.0,401022000.0,416017000.0,0.0,619197000.0,15886443020.0,15335472020.0,8.497113278916983,3.574402401863239,0.0,0.0,0.052722296010677155,8.497113278916983,0.05748419105973828,68.38084485823616,55.819465011032875,12.834947166186359,0.0,0.0,0.0,0.14048118052977265,3.5203754407488868,0.04302362002846836,555.0624723105412,0.7222573744312875,0.09756097560975618,8.584310111256967,2.1128856851982616,2.718579171080936,0.02717973518122884,0.11025981118826558,-0.0015215392905823058,2.695917423673025,0.8576635952903099,1.238382037537954,Health Information Services,Healthcare,VEEV
2019Q3,2019,Q3,2018-12-07,2018-10-31,64085000.0,224731000.0,63094000.0,0.41,163357000.0,0.7269001606364943,1397281000.0,1138305000.0,1183194000.0,236716000.0,258976000.0,0.0,548046000.0,13221724950.0,12754081950.0,7.86464414766093,4.998369353993815,0.0,0.0,0.052468317501564964,7.86464414766093,0.05629861943855118,58.83356079045615,51.57885991261605,11.615274421178857,0.0,0.0,0.0,0.16083450644501715,4.908700721539735,0.04586407458485444,358.331751043417,0.7269001606364943,0.2812499999999999,1.4294255478367068,0.011099439358113743,0.04036265000981588,0.0862730494803269,0.2744103726683371,0.19455488659169223,4.593237900818406,0.922874902098075,1.1971085694361907,Health Information Services,Healthcare,VEEV
2019Q2,2019,Q2,2018-09-06,2018-07-31,50286000.0,209609000.0,52818000.0,0.32,150383000.0,0.7174453387020595,1364592000.0,1050376000.0,1152358000.0,294658000.0,314216000.0,0.0,483961000.0,10871661240.0,10359926240.0,7.307065141775886,3.9108322190471667,0.0,0.0,0.04502535587744599,7.307065141775886,0.04787428501793643,51.866385699087346,54.049145090084714,10.35025670807406,0.0,0.0,0.0,0.153605619848277,3.8587005952663764,0.03685057511695804,126.64586792167096,0.7174453387020595,0.10344827586206906,6.13011204391502,2.5954261196625823,17.846129595380756,0.11072293783975419,0.13486797562626945,0.2016107016107016,2.4392059238831316,0.9589359416648894,1.1229835278447746,Health Information Services,Healthcare,VEEV
2019Q1,2019,Q1,2018-06-07,2018-04-30,44310000.0,195547000.0,43956000.0,0.29,135392000.0,0.6923757459843414,1317655000.0,974437000.0,1102828000.0,326226000.0,343218000.0,0.0,433675000.0,10012951010.0,9552712010.0,6.824887762034502,3.380564394009061,0.0,0.0,0.04336230196008539,6.824887762034502,0.04547241124875184,51.20483060338435,56.493743003836606,10.275626859407021,0.0,0.0,0.0,0.1484053109501349,3.343642137659169,0.03362792233171809,66.91091649626452,0.6923757459843414,0.31818181818181807,5.946071111218471,2.4710464615147556,0.0,0.0745226266249742,0.31460274135168814,0.2599535643649497,2.135546417136994,0.9977146719471762,1.0868930027549395,Health Information Services,Healthcare,VEEV
2018Q4,2018,Q4,2018-03-30,2018-01-31,33706000.0,184919000.0,34887000.0,0.22,126002000.0,0.6813902303170577,1197008000.0,871527000.0,1008136000.0,314676000.0,325481000.0,0.0,354850000.0,8904244720.0,8584061720.0,6.15259226837602,3.2037270080972173,0.0,0.0,0.03558128815605806,6.15259226837602,0.038674648060243684,48.15213536737707,66.04346941197413,10.216831744742274,0.0,0.0,0.0,0.154484347640116,3.164184748757452,0.028158541964631814,-19066.905182012848,0.6813902303170577,0.0,3.5396246479140396,2.5579203798713928,18.642792957154086,0.025131597145948762,-0.0199749949117553,-0.16273879235864452,1.3274431041130457,0.955573082044144,0.9712256361245828,Health Information Services,Healthcare,VEEV
2018Q3,2018,Q3,2017-12-06,2017-10-31,34393000.0,176149000.0,41668000.0,0.22,122913000.0,0.6977785851750506,1046216000.0,818468000.0,846069000.0,214350000.0,227748000.0,0.0,321144000.0,8583825580.0,8273029580.0,5.8106306395848275,3.947137858642407,0.0,0.0,0.04069301335589002,5.8106306395848275,0.04202119081014774,48.73048146739408,62.39515003052947,10.487674020242697,0.0,0.0,0.0,0.16836771756501526,3.8925588989969677,0.032873708679660794,283.32262534244313,0.6977785851750506,-0.12,3.605627668513029,2.788408104848381,0.0,0.05794407002866218,-0.09119014903287179,0.12927529947422625,2.0756136467816724,0.9276626568840862,0.9695420236302973,Health Information Services,Healthcare,VEEV
2018Q2,2018,Q2,2017-09-07,2017-07-31,37844000.0,166585000.0,36898000.0,0.25,116181000.0,0.6974277395924002,1035870000.0,766603000.0,833355000.0,255578000.0,269267000.0,0.0,286751000.0,8927037600.0,8517811600.0,5.475344618241555,3.26066797611688,0.0,0.0,0.045817001564285725,5.475344618241555,0.04936583864138283,53.588483957139,58.972608603741676,11.644929122374943,0.0,0.0,0.0,0.1608165117244442,3.2154723802518212,0.03653354185370751,162.81301477293454,0.6974277395924002,0.041666666666666706,4.509206517831015,1.933722904834881,13.12181939706537,0.06552881617080597,0.050551036837575995,-0.01181070730335574,2.5928518425040457,1.001998298682076,0.9505130984809331,Health Information Services,Healthcare,VEEV
2018Q1,2018,Q1,2017-06-08,2017-04-30,36023000.0,157918000.0,37339000.0,0.24,109036000.0,0.6904596056181056,995663000.0,708904000.0,789112000.0,269046000.0,286759000.0,0.0,248907000.0,7436087040.0,7070427040.0,5.170858376612009,2.9330003047805953,0.0,0.0,0.05002329455611392,5.170858376612009,0.05081506099556499,47.08828024671032,51.6065224995142,10.489554354327243,0.0,0.0,0.0,0.15860587367412468,2.8881343710740914,0.036179912279556435,54.116054435630595,0.6904596056181056,0.6,4.880995158726016,1.9192707320587195,0.0,0.05162852155126684,0.6595107568986963,0.14783276975099907,3.5085414428265995,1.1390582994810212,0.9397724837836938,Health Information Services,Healthcare,VEEV
2017Q4,2017,Q4,2017-03-30,2017-01-31,21707000.0,150153000.0,32530000.0,0.15,103683000.0,0.6905156740125072,917700000.0,652978000.0,711865000.0,246784000.0,264722000.0,0.0,212189000.0,5770129290.0,5552523290.0,4.790284125505271,2.8845670707987554,0.0,0.0,0.03349327586237118,4.790284125505271,0.033243080165028534,38.428331701664305,66.45470689178606,8.836636594188471,0.0,0.0,0.0,0.16361882968290292,2.8433285788381744,0.023653699466056447,-1158.1953613006824,0.6905156740125072,0.0,2.038071355554167,2.0021620955091826,14.29348202819854,0.048849818924879114,0.0035598705501618125,-0.03785862170955338,2.1246656664035894,1.1499525696487538,1.0963649874906642,Health Information Services,Healthcare,VEEV
2017Q3,2017,Q3,2016-12-08,2016-10-31,21630000.0,142779000.0,33810000.0,0.15,98854000.0,0.6923567191253616,788474000.0,605905000.0,589829000.0,167616000.0,182569000.0,0.0,190482000.0,5268992400.0,5062914400.0,4.467535244499499,3.5189301737304315,0.0,0.0,0.03515281447594239,4.467535244499499,0.03569866563240112,36.903132813649066,60.89912621359224,8.696070176017693,0.0,0.0,0.0,0.18108269898563553,3.4391525868652155,0.02743273716064195,224.1647479259732,0.6923567191253616,0.6666666666666666,2.0082724796006004,2.1892076443166344,0.0,0.1088253768844221,0.6692390801049545,0.4192762992192091,-0.12492204614380123,-0.31445141491887135,-0.409018803811728,Health Information Services,Healthcare,VEEV
2017Q2,2017,Q2,2016-09-08,2016-07-31,12958000.0,131347000.0,23822000.0,0.09,89152000.0,0.678751703502935,787232000.0,565108000.0,587093000.0,208115000.0,222124000.0,0.0,168852000.0,5171272020.0,4960907020.0,4.182081908737031,2.8210028109458714,0.0,0.0,0.024320639399161712,4.182081908737031,0.02293013016980825,39.37107067538657,99.7698722796728,9.150944633592163,0.0,0.0,0.0,0.166846622088533,2.731749273238354,0.016460204869720742,478.024775374376,0.678751703502935,0.0,0.9545650511796537,1.396754165787069,9.78628096250969,0.1331969036391138,0.03589415620753058,0.3378636414691677,0.9545650511796537,1.396754165787069,9.78628096250969,Health Information Services,Healthcare,VEEV
2017Q1,2017,Q1,2016-06-08,2016-04-30,12509000.0,119764000.0,17806000.0,0.09,78673000.0,0.6569002371330283,751792000.0,530546000.0,548374000.0,207098000.0,221246000.0,0.0,155894000.0,3686229960.0,3440287960.0,3.9594166990059403,2.6478961651005806,0.0,0.0,0.020426346500946914,3.9594166990059403,0.02357759741850848,30.779115260011356,73.67155567991047,6.947993124064643,0.0,0.0,0.0,0.15930470130035967,2.6036514114090914,0.016638910762551345,34.398346070938665,0.6569002371330283,-0.25,1.0894235525598768,1.2651761495112213,0.0,0.055645009795239245,-0.28885730528709497,0.17060022352245086,1.0894235525598768,1.2651761495112213,0.0,Health Information Services,Healthcare,VEEV
2016Q4,2016,Q4,2016-03-31,2016-01-31,17590000.0,114270000.0,15211000.0,0.12,74526000.0,0.6521921764242583,705799000.0,505249000.0,500964000.0,186279000.0,200550000.0,0.0,143385000.0,3240911950.0,3108732950.0,3.796096080302336,2.6893208574235423,0.0,0.0,0.03575475127308305,3.796096080302336,0.03481451719845066,28.361879320906624,46.061852615122234,6.414484640246691,0.0,0.0,0.0,0.16190161788271165,2.6358365677290516,0.024922109552436317,2935.6086503623187,0.6521921764242583,0.7142857142857141,1.5213492816086887,1.339921890761186,11.119432931401558,0.06604299875552504,0.6781148635756535,-0.24323383084577113,1.5213492816086887,1.339921890761186,11.119432931401558,Health Information Services,Healthcare,VEEV
2016Q3,2016,Q3,2015-12-10,2015-10-31,10482000.0,106921000.0,20100000.0,0.07,69909000.0,0.6538378803041498,625033000.0,473978000.0,427338000.0,136383000.0,151055000.0,0.0,125795000.0,3359317810.0,3250723810.0,3.579542794136527,3.1333670618772134,0.0,0.0,0.021994582123056387,3.579542794136527,0.022114950482933805,31.418690528521058,80.12110785155504,7.087497331099756,0.0,0.0,0.0,0.17106456779082063,3.0412074818709076,0.016770314527392954,221.31351274787536,0.6538378803041498,-0.22222222222222213,0.49317507021420437,1.4461742838676783,0.0,0.08161339233220906,-0.21811129345069372,-0.10079184002147362,0.49317507021420437,1.4461742838676783,0.0,Health Information Services,Healthcare,VEEV
2016Q2,2016,Q2,2015-09-04,2015-07-31,13406000.0,98107000.0,22353000.0,0.09,64634000.0,0.6588112978686537,591632000.0,453637000.0,522750000.0,134402000.0,137995000.0,0.0,115313000.0,3548029080.0,3428253080.0,3.441884991540148,3.889451049835568,0.0,0.0,0.030152535067650657,3.441884991540148,0.029552263153137862,36.164892209526336,66.16494629270476,7.8212956174209785,0.0,0.0,0.0,0.1658243637937096,3.7644082677341113,0.022659355815777375,761.3796309012876,0.6588112978686537,0.0,1.0731855555379388,0.8353974947270855,7.877190683864187,0.11557181815043667,0.0326606069942998,0.06824372759856631,1.0731855555379388,0.8353974947270855,7.877190683864187,Health Information Services,Healthcare,VEEV
2016Q1,2016,Q1,2015-06-04,2015-04-30,12982000.0,89923000.0,20925000.0,0.09,57938000.0,0.6443067958141966,568663000.0,428950000.0,509775000.0,137143000.0,139713000.0,0.0,101907000.0,3482377650.0,3374816650.0,3.2703582565205127,3.7171055030151012,0.0,0.0,0.029199868439094216,3.2703582565205127,0.030264599603683412,38.72621743046829,67.06165556154676,8.118376617321367,0.0,0.0,0.0,0.15813056238932374,3.6365326702784686,0.022828986587838492,93.9684732453655,0.6443067958141966,0.0,1.2152665555373257,0.7375086193522923,0.0,0.03727441993698081,-0.025814197808794837,0.011700430305081468,1.2152665555373257,0.7375086193522923,0.0,Health Information Services,Healthcare,VEEV
2015Q4,2015,Q4,2015-04-01,2015-01-31,13326000.0,87012000.0,20683000.0,0.09,55856000.0,0.6419344458235645,544890000.0,406833000.0,501837000.0,135523000.0,138057000.0,0.0,88925000.0,3748722200.0,3619469200.0,3.1212014269822395,3.7029655482833173,0.0,0.0,0.035613787233564655,3.1212014269822395,0.03275545494097087,43.08281846182136,70.32722122167193,9.21440050340066,0.0,0.0,0.0,0.15968727633100258,3.619562731049342,0.024456312283213124,-1882.8338523355098,0.6419344458235645,0.28571428571428553,0.9504771738100226,0.8193747973623817,8.96476131254649,0.04581624819786927,0.2990836420354845,0.03720976881801314,0.9504771738100226,0.8193747973623817,8.96476131254649,Health Information Services,Healthcare,VEEV
2015Q3,2015,Q3,2014-12-11,2014-10-31,10258000.0,83825000.0,19941000.0,0.07,53409000.0,0.637148821950492,492553000.0,381207000.0,449516000.0,107760000.0,111346000.0,0.0,75599000.0,3847933360.0,3715798360.0,2.950244559328855,4.171455085374907,0.0,0.0,0.02831351012029471,2.950244559328855,0.026909264520326225,45.90436456904265,93.77883992981089,10.09407844032245,0.0,0.0,0.0,0.17018473138931242,4.109511878247958,0.020826185202404614,115.25934880934551,0.637148821950492,0.0,0.49746626119062964,0.9652858301317317,0.0,0.12373758626493857,0.07099603257465024,0.18802502234137622,0.49746626119062964,0.9652858301317317,0.0,Health Information Services,Healthcare,VEEV
2015Q2,2015,Q2,2014-09-11,2014-07-31,9578000.0,75664000.0,16785000.0,0.07,47528000.0,0.6281454853034468,464241000.0,357387000.0,423005000.0,103257000.0,106854000.0,0.0,65341000.0,3030073200.0,2889957200.0,2.8071304019982093,4.096622989240439,0.0,0.0,0.026962319217896956,2.8071304019982093,0.02680007946567726,40.04643159230281,79.08940279807894,8.478409119525892,0.0,0.0,0.0,0.16298431202758912,4.037876366735427,0.020631525436142002,-361.79978507462687,0.6281454853034468,0.4000000000000001,0.5333798217494443,0.465397301669119,6.240053608490759,0.16573054376885532,0.32640908461431933,0.33670462690132996,0.5333798217494443,0.465397301669119,6.240053608490759,Health Information Services,Healthcare,VEEV
2015Q1,2015,Q1,2014-06-06,2014-04-30,7221000.0,66721000.0,12557000.0,0.05,40771000.0,0.6110669804109651,435124000.0,330286000.0,418782000.0,101231000.0,104838000.0,0.0,55763000.0,2380157420.0,2191269420.0,2.665703539894433,4.136894824707847,0.0,0.0,0.02191522815686538,2.665703539894433,0.02186287036083879,35.67328757062994,82.40400983243319,7.206352736719086,0.0,0.0,0.0,0.15333789908164108,4.062065967934724,0.016595269394471462,135.1517472034524,0.6110669804109651,0.25000000000000006,0.30441191088153013,0.3647457541325514,0.0,0.06050201586682273,0.15591483912277893,0.11045277679518925,0.30441191088153013,0.3647457541325514,0.0,Health Information Services,Healthcare,VEEV
2014Q4,2014,Q4,2014-03-18,2014-01-31,6247000.0,62803000.0,11308000.0,0.04,38445000.0,0.6121522857188351,370308000.0,280096000.0,353732000.0,86617000.0,90212000.0,0.0,48542000.0,3896754620.0,3634247620.0,2.2850429930330076,4.083863444820301,0.0,0.0,0.02304697866333297,2.2850429930330076,0.02230306751970753,62.047268761046446,155.94503841844084,13.912210884839483,0.0,0.0,0.0,0.16959666007755705,4.017155985545562,0.01686974086436156,246.2871078245481,0.6121522857188351,-0.20000000000000004,-0.027713144411091666,0.3963852681641521,6.295238243081298,0.14463929496531397,-0.04260536398467433,0.13249874812218326,-0.027713144411091666,0.3963852681641521,6.295238243081298,Health Information Services,Healthcare,VEEV
2014Q3,2014,Q3,2013-10-31,2013-10-31,6525000.0,54979000.0,9985000.0,0.05,33587000.0,0.6109059822841448,345289000.0,270646000.0,328448000.0,70253000.0,74643000.0,0.0,42295000.0,1393055819.9999998,1135914819.9999998,7.559521814423775,4.675216716723841,0.0,0.0,0.023810900311905678,7.559521814423775,0.02410898369087295,25.337962130995468,53.37378620689655,5.147150964728834,0.0,0.0,0.0,0.1592260396363626,4.5847437120122985,0.018897213638430416,340.8504575483239,0.6109059822841448,3.7943235209511936,2.437719424131383,3.6520519678984087,0.0,0.1034562060582167,0.08786262087362454,0.014942061394592396,2.437719424131383,3.6520519678984087,0.0,Health Information Services,Healthcare,VEEV
2014Q2,2014,Q2,2013-07-31,2013-07-31,5998000.0,49581000.0,9838000.0,0.010429,30438000.0,0.6139045198765656,112620000.0,47400000.0,96279000.0,61223000.0,65220000.0,0.0,35770000.0,4542900670.4,4504292670.4,0.38772232276100177,1.5725952664848177,0.0,0.0,0.1273816996020639,0.38772232276100177,0.12654008438818565,91.62583792985215,189.3506448149383,95.84178629535863,0.0,0.0,0.0,0.440250399573788,1.5004818450582298,0.05325874622624756,749.5298911730737,0.6139045198765656,-0.7399251870324189,0.0,0.0,0.0,0.21368475617050123,0.23797729618163055,0.20371956441942982,0.0,0.0,0.0,Health Information Services,Healthcare,VEEV
2014Q1,2014,Q1,2013-04-30,2013-04-30,4845000.0,42788000.0,8173000.0,0.0401,25079000.0,0.586122277274002,,,,,,,,4029630399.9999995,,,0.0,0.0,0.0,0.0,,0.0,94.17664765822192,207.92726522187823,0.0,0.0,0.0,0.0,0.0,0.0,0.0,314.6673746681243,0.586122277274002,-0.14680851063829795,0.0,0.0,0.0,0.08911278064880358,-0.1476073187895848,-0.12700277718436231,0.0,0.0,0.0,Health Information Services,Healthcare,VEEV
2013Q4,2013,Q4,2013-01-31,2013-01-31,5684000.0,39788000.0,9362000.0,0.047,23027000.0,0.5787423343721725,89820000.0,33966000.0,86890000.0,54289000.0,55854000.0,0.0,24927000.0,4029630399.9999995,3997740399.9999995,0.31322390261895977,1.6005083902816408,0.0,0.0,0.17886434415315633,0.31322390261895977,0.16734381440263793,101.27753091384336,177.23567909922588,118.63717835482541,0.0,0.0,0.0,0.44297483856602093,1.5587688113614175,0.06328211979514585,597.9567294850867,0.5787423343721725,-0.01260504201680679,0.0,0.0,0.0,0.15481444332998998,-0.011306314141589842,0.06580145719489981,0.0,0.0,0.0,Health Information Services,Healthcare,VEEV
2013Q3,2013,Q3,2012-10-31,2012-10-31,5749000.0,35796000.0,8784000.0,0.0476,19940000.0,0.5570454799418929,,,,,,,,4029630399.9999995,,,0.0,0.0,0.0,0.0,,0.0,112.57208626662195,175.231796834232,0.0,0.0,0.0,0.0,0.0,0.0,0.0,438.1461781015548,0.5570454799418929,0.0,0.0,0.0,0.0,0.0,0.0,0.0,0.0,0.0,0.0,Health Information Services,Healthcare,VEEV
