Quarters,Year,Quarter,FillingDate,Date,NetIncome,Revenue,OperatingIncome,EPSDiluted,GrossProfit,GrossProfitRatio,TotalAssets,CommonStockEquity,CurrentAssets,CurrentLiability,TotalLiability,Inventory,RetainedEarnings,MarketCap,EnterpriseValue,bookValuePerShare,currentRatio,debtToAssets,debtToEquity,roic,shareholdersEquityPerShare,roe,priceToSalesRatio,peRatio,pbRatio,payoutRatio,inventoryTurnover,dividendYield,assetTurnover,quickRatio,returnOnAssets,priceToFreeCashFlowsRatio,grossProfitMargin,epsdilutedGrowth,fiveYNetIncomeGrowthPerShare,fiveYRevenueGrowthPerShare,fiveYShareholdersEquityGrowthPerShare,grossProfitGrowth,netIncomeGrowth,operatingIncomeGrowth,threeYNetIncomeGrowthPerShare,threeYRevenueGrowthPerShare,threeYShareholdersEquityGrowthPerShare,Industry,Sector,Symbol
2023Q1,2023,Q1,2023-05-05,2023-03-31,46229000.0,164798000.0,71453000.0,0.96,164798000.0,1.0,10057581000.0,1089510000.0,1007693000.0,0.0,252779000.0,0.0,547641000.0,1186445680.0,338951680.0,22.902337509459347,0.0,0.0,0.0,,22.902337509459347,0.0,0.0,0.0,1.0889718130168609,0.0,0.0,,0.016385450934971343,0.0,0.00459643327754457,24.186952446925552,1.0,-0.010309278350515474,1.523437086308189,0.8393261613531509,0.06255599898614622,14.176167234551984,-0.0029762546638773266,-0.09073209218278763,26.719841871229335,0.45056192020940283,0.15058297284925887,Banks—Regional,Financial Services,OFG
2023Q2,2023,Q2,2023-05-05,2023-03-31,0.0,0.0,0.0,0.0,0.0,0.0,10057581000.0,1089510000.0,1007693000.0,0.0,0.0,0.0,547641000.0,1186445680.0,338951680.0,22.902337509459347,0.0,0.0,0.0,,22.902337509459347,0.0,0.0,0.0,1.0889718130168609,0.0,0.0,,0.016385450934971343,0.0,0.00459643327754457,24.186952446925552,1.0,-0.010309278350515474,1.523437086308189,0.8393261613531509,0.06255599898614622,14.176167234551984,-0.0029762546638773266,-0.09073209218278763,26.719841871229335,0.45056192020940283,0.15058297284925887,Banks—Regional,Financial Services,OFG
2022Q4,2022,Q4,2022-12-31,2022-12-31,46367000.0,10859000.0,78583000.0,0.97,10859000.0,1.0,9818780000.0,1042406000.0,2086905000.0,0.0,8776374000.0,0.0,516371000.0,1311084320.0,815024320.0,21.912175229126376,0.0,0.0055408105691338435,0.05219079705987878,0.0475677232807107,21.912175229126376,0.04448074934334607,120.73711391472511,7.069059460392089,1.2577482478036388,0.20659089438609357,0.0,0.007306166242610545,0.0011059418787262775,0.0,0.004722277105709671,30.676532441095954,1.0,0.11494252873563215,1.5088631959519916,-0.8801731894883661,0.018905123752566404,-0.1032290032207449,0.1061094014647296,0.1117666199793444,51.51367291752061,-0.8684345462071197,0.0764543297591443,Banks—Regional,Financial Services,OFG
2022Q3,2022,Q3,2022-11-04,2022-09-30,41919000.0,12109000.0,70683000.0,0.87,12109000.0,1.0,10058179000.0,993867000.0,2421845000.0,0.0,9064312000.0,0.0,484057000.0,1204380380.0,444324380.0,20.737532863164045,0.0,0.005505668570821816,0.05571872292771568,0.0439906896688243,20.737532863164045,0.042177675684975956,99.46158890081757,7.182783344068322,1.211812425606243,0.17123500083494358,0.0,0.005959911103832496,0.0012038958543092145,0.0,0.0041676530115441375,65.40213847407006,1.0,0.03571428571428575,10.581417335707,-0.8754161023508434,-0.02802559993017464,0.012035102381947346,0.0367777997625643,0.06317404449257705,5.082820769178842,-0.8609555654731913,0.014958520506767702,Banks—Regional,Financial Services,OFG
2022Q2,2022,Q2,2022-08-05,2022-06-30,40432000.0,11965000.0,66483000.0,0.84,11965000.0,1.0,10247774000.0,1014812000.0,2611465000.0,0.0,9232962000.0,0.0,455590000.0,1229080600.0,-21044400.0,20.971956436380168,0.0,0.0055774063713739195,0.05632176206036192,0.04111418224053955,20.971956436380168,0.039841862335092605,102.72299206017551,7.5996772358527895,1.2111411768879359,0.18129204590423428,0.0,0.0059638074183255355,0.0011675706353399284,0.0,0.003945442200423233,29.14447026463056,1.0,0.1052631578947368,1.146891632302999,-0.8789973804485621,-0.01843983186921062,0.021950802869832593,0.07758322006343114,0.07492441268250093,0.7886228473845672,-0.8666336155746491,0.03025869519137623,Banks—Regional,Financial Services,OFG
2022Q1,2022,Q1,2022-05-06,2022-03-31,37521000.0,11708000.0,61849000.0,0.76,11708000.0,1.0,10190120000.0,1040035000.0,2874675000.0,0.0,9150085000.0,0.0,426320000.0,1304507520.0,-492899480.0,21.239074497631105,0.0,0.005723386966983705,0.05607695894849692,0.03801027510495481,21.239074497631105,0.03607667049666598,111.42018448923812,8.69184936435596,1.2542919420981025,0.1599904053729911,0.0,0.0046017366001845665,0.0011489560476225992,0.0,0.0036820959910187517,43.294531213700175,1.0,0.15151515151515146,1.2210702362100287,-0.8764359708898881,0.0013795539579183234,-0.911186630963308,0.12743389423076923,0.08467055996913418,0.674976199860128,-0.8634066608094335,0.06705763176852529,Banks—Regional,Financial Services,OFG
2021Q4,2021,Q4,2022-02-25,2021-12-31,33280000.0,131827000.0,57021000.0,0.66,131827000.0,1.0,9899720000.0,1069160000.0,2679504000.0,0.0,8830560000.0,0.0,399949000.0,1321253760.0,-607327240.0,21.492381296988704,0.0,0.009603200898611273,0.08891933854614838,0.03267562079889687,21.492381296988704,0.0311272400763216,10.022633906559355,9.925283653846153,1.2357867484754386,0.15267427884615384,0.0,0.00384558981311811,0.013316235206652309,0.0,0.003361711240317908,-1349.5952604698673,1.0,-0.1851851851851852,0.8885575132059135,0.3561927591418556,0.025429326981057335,0.06570788769513092,-0.20136305824194284,-0.1938101768722872,0.34178217650871723,0.3673199260042731,0.06675510988547136,Banks—Regional,Financial Services,OFG
2021Q3,2021,Q3,2021-11-05,2021-09-30,41671000.0,123699000.0,70729000.0,0.81,123699000.0,1.0,10606865000.0,1053665000.0,3406015000.0,0.0,9553200000.0,0.0,375729000.0,1287808860.0,-1336519140.0,20.63460822905039,0.0,0.012367839130600794,0.12450256960229295,0.03951027961049368,20.63460822905039,0.03954862313923306,10.410826764969805,7.726049650836313,1.222218503983714,0.14974442657963571,0.0,0.004845439563135169,0.011662164079584307,0.0,0.0039286820375294676,67.18184881840472,1.0,0.03846153846153849,1.3708138856793461,0.1921194440049125,-0.020042726216932844,0.004131828882214465,0.0206725941166385,-0.007771839007898096,0.5542783928824703,0.18271686041448973,-0.063972236277974,Banks—Regional,Financial Services,OFG
2021Q2,2021,Q2,2021-08-06,2021-06-30,40827000.0,123190000.0,71283000.0,0.78,123190000.0,1.0,10461813000.0,1079997000.0,3420288000.0,0.0,9381816000.0,0.0,352001000.0,1151301760.0,-1482190240.0,20.750019213034122,0.0,0.012808678572251292,0.1240762705822331,0.03881439914548857,20.750019213034122,0.037802882785785516,9.345740401006575,7.0498797364489185,1.0660231093234518,0.10485707987361305,0.0,0.0037183995966444104,0.011775205693315298,0.0,0.0039024784709877722,44.34735796001695,1.0,0.3928571428571428,1.4023017389067463,0.2738438147350259,-0.005102857634453371,0.039244799136142,0.3441872715898989,0.2418857471384519,0.755532275300256,0.19141930281107097,-0.04733347856622646,Banks—Regional,Financial Services,OFG
2021Q1,2021,Q1,2021-05-07,2021-03-31,30373000.0,118538000.0,57399000.0,0.56,118538000.0,1.0,10153342000.0,1108423000.0,3029206000.0,0.0,9044919000.0,0.0,322202000.0,1162600140.0,-1110652860.0,21.56590851606125,0.0,0.013307244058163312,0.12189660445515836,0.030582556815017772,21.56590851606125,0.027401993643221045,9.807826519765813,9.569355513120206,1.0488776757609686,0.17683468870378297,0.0,0.004619817093777401,0.011674776640046203,0.0,0.00299142883200428,35.40195310596833,1.0,0.24444444444444452,0.8306029418095118,0.09088544055136039,0.0474653735037434,-0.027005286141116986,0.3035062872838076,0.2977390911146281,0.5354470872496563,0.2252750469612539,0.0011411627656280933,Banks—Regional,Financial Services,OFG
2020Q4,2020,Q4,2021-02-26,2020-12-31,23301000.0,121828000.0,44230000.0,0.45,121828000.0,1.0,9826011000.0,1085975000.0,2745032000.0,0.0,8740036000.0,0.0,300096000.0,955310580.0,-1063974420.0,21.07584373241213,0.0,0.01373059728917462,0.12423582494992978,0.02745543886573404,21.07584373241213,0.021456295034416078,7.841469777062744,10.249673619157976,0.8796800847164991,0.22411055319514184,0.0,0.005466285111172955,0.012398520620422671,0.0,0.002371359038779826,-11.92558085536664,1.0,-0.09999999999999998,21.32533532475573,0.25627624307477714,0.030630718269953876,0.05944761374704327,-0.15077629564837086,-0.10010172939979654,0.16401639015627725,0.24116017971720374,-0.019983870071520065,Banks—Regional,Financial Services,OFG
2020Q3,2020,Q3,2020-11-06,2020-09-30,27438000.0,114992000.0,49150000.0,0.5,114992000.0,1.0,10018991000.0,1064322000.0,2852805000.0,0.0,8954669000.0,0.0,284053000.0,642026420.0,-1500080580.0,20.655617443282164,0.0,0.013962783278276226,0.1314386059857825,0.03219559900005552,20.655617443282164,0.025779792205742245,5.583226833171003,5.849792441140025,0.6032257343172461,0.19039288577884686,0.0,0.008136736802825029,0.011477403263462358,0.0,0.0027385991263990557,-16.900769190270612,1.0,0.282051282051282,4.119738192323448,-0.17149227371938228,-0.0005588589496257986,-0.015352999100911932,0.259374856565842,0.07626951628090306,6.050819149197372,0.1004177518771934,-0.03186500028804397,Banks—Regional,Financial Services,OFG
2020Q2,2020,Q2,2020-08-07,2020-06-30,21787000.0,116785000.0,45667000.0,0.39,116785000.0,1.0,9932719000.0,1041284000.0,2606554000.0,0.0,8891435000.0,0.0,264725000.0,686362320.0,-1072507680.0,20.283699548075425,0.0,0.014106610687365665,0.13456175260543712,0.028154875238516792,20.283699548075425,0.0209232063490844,5.877144496296613,7.875824115298113,0.65914997253391,0.23963831642722724,0.0,0.0076067695557646585,0.01175760635129213,0.0,0.0021934578034473744,-615.5715874439462,1.0,10.206896551724139,7.075240716338621,0.4632692183068749,-0.009733393315375774,-0.048121673499661746,11.097168239866742,1.2067749106021068,0.09045300337379968,0.11325269539511088,-0.050652637052692205,Banks—Regional,Financial Services,OFG
2020Q1,2020,Q1,2020-05-11,2020-03-31,1801000.0,122689000.0,20694000.0,0.0348,122689000.0,1.0,9238571000.0,1022594000.0,2092891000.0,0.0,8215977000.0,0.0,250557000.0,574696720.0,-598808280.0,19.893276787798616,0.0,0.016386300435424484,0.14804115807446552,0.01466101430127754,19.893276787798616,0.0017612072826556776,4.684174783395415,79.77466962798445,0.5619989164810276,2.901721265963354,0.0,0.009093491955200301,0.013280084116905093,0.0,0.00019494356865363703,37.50060163132137,1.0,2.8219895287958114,1.5233617920440612,0.19972336877773797,-0.05175520152993242,0.37684184538037685,2.817356205852674,1.323862998315553,-0.8984413189198462,0.23347520998419696,-0.062072095526147286,Banks—Regional,Financial Services,OFG
2019Q4,2019,Q4,2020-03-03,2019-12-31,-991000.0,89109000.0,8905000.0,-0.0191,89109000.0,1.0,9297661000.0,1045478000.0,7908865000.0,0.0,8252183000.0,0.0,279646000.0,1212609600.0,514979600.0,20.355880062305296,0.0,0.016684518826831824,0.14837901897505257,0.0023241638174002137,20.355880062305296,-0.0009478917777322909,13.608160791839207,-305.9055499495459,1.1598614222393966,-5.268415741675076,0.0,0.0043055901916,0.009584023336621974,0.0,-0.00010658594672358994,18.712533563778894,1.0,-1.1736363636363636,-1.041887565421998,-0.21858317386506912,-0.03416205083930617,-0.044919614147909966,-1.1342272788839225,-0.5826302962129734,-1.0544695393549504,-0.11208422307965095,-0.0287946177782808,Banks—Regional,Financial Services,OFG
2019Q3,2019,Q3,2019-11-08,2019-09-30,7383000.0,93300000.0,21336000.0,0.11,93300000.0,1.0,6333505000.0,1049076000.0,5626555000.0,0.0,5284429000.0,0.0,285854000.0,1124455500.0,299385500.0,20.4319018404908,0.0,0.021594204157097847,0.13036901044347599,0.015554362874302511,20.4319018404908,0.007037621678505656,12.052041800643087,38.07583299471759,1.0718532308431419,0.7616145198428823,0.0,0.005000642533208296,0.01473117965486725,0.0,0.0011657052453578232,294.977833158447,1.0,-0.7441860465116279,-0.6683184232333717,-0.1633692574254122,-0.010171091205064492,-0.019628446536650974,-0.6921055923933441,-0.5559255713274779,-0.5822614294524899,-0.1057820264771987,-0.029669446419529552,Banks—Regional,Financial Services,OFG
2019Q2,2019,Q2,2019-08-02,2019-06-30,23979000.0,95168000.0,48046000.0,0.43,95168000.0,1.0,6464127000.0,1044874000.0,5415872000.0,0.0,5419253000.0,0.0,284459000.0,1231920000.0,694224000.0,20.356010130527956,0.0,0.021454559911957174,0.13272892233896144,0.027397358166754468,20.356010130527956,0.022949178561242792,12.944687289845326,12.843738270987114,1.1790129718990041,0.2177321823262021,0.0,0.004238099876615365,0.014722483020522339,0.0,0.003709549642202265,128.60632633886627,1.0,0.023809523809523832,-0.01316546250148691,-0.16642161648375337,-0.009615802802430778,0.05971827849228885,0.021687260332339156,0.0016887313666214948,0.43068471142672904,-0.0021518611622508856,-0.02399433461222993,Banks—Regional,Financial Services,OFG
2019Q1,2019,Q1,2019-05-06,2019-03-31,23470000.0,89805000.0,47965000.0,0.42,89805000.0,1.0,6603191000.0,1021192000.0,5173693000.0,0.0,5581999000.0,0.0,268101000.0,1033795749.9999999,667900749.9999999,19.904336809277847,0.0,0.021216711738309555,0.13719065562597435,0.02713350585435073,19.904336809277847,0.022982945420645676,11.511561160291741,11.011884853003833,1.0123421942200879,0.20532594801874735,0.0,0.004661462382680525,0.013600242670551254,0.0,0.0035543421354917643,56.008004659226344,1.0,-0.06666666666666672,-0.12678581177639983,-0.22114274829787275,0.006416888990247017,-0.0663208017965566,-0.05148722922728742,-0.14872659508385838,0.4170906539928843,-0.17205755864514405,-0.03323787287945133,Banks—Regional,Financial Services,OFG
2018Q4,2018,Q4,2019-03-08,2018-12-31,24744000.0,96184000.0,56345000.0,0.45,96184000.0,1.0,6583352000.0,999877000.0,5147346000.0,0.0,5583475000.0,0.0,253040000.0,816876880.0,484760880.0,20.14743693076489,0.0,0.01745569734080754,0.11493113652979317,0.028900384905005443,20.14743693076489,0.024747043886398028,8.492856192298095,8.253282411897834,0.8169773682162906,0.2628920142256709,0.0,0.007963256347761977,0.014610186421749893,0.0,0.0037585716212652763,14.498027829050121,1.0,0.0714285714285715,0.13330233371037165,-0.1771328666688656,0.039892096031763045,0.06735912288878532,0.07116883116883117,0.19337075082071375,23.409963571595625,0.02979066521120306,-0.014769341674355476,Banks—Regional,Financial Services,OFG
2018Q3,2018,Q3,2018-11-02,2018-09-30,23100000.0,90114000.0,47215000.0,0.42,90114000.0,1.0,6656674000.0,969886000.0,5194641000.0,0.0,5686788000.0,0.0,236120000.0,692497040.0,258553040.0,22.04486771524684,0.0,0.016495625292751306,0.11321536757928251,0.02857203996128244,22.04486771524684,0.023817232128311987,7.68467763055685,7.4945567099567105,0.7139983874393485,0.26441558441558444,0.0,0.008820254307512996,0.01353739119566318,0.0,0.0034702014850058753,33.525224632068166,1.0,0.20000000000000004,0.22186455701207491,0.005313401156723404,0.14420933875534667,0.031524725274725274,0.17563234770217315,0.19043416872573243,4.048111578459618,-0.23959867082218375,0.06666129948085935,Banks—Regional,Financial Services,OFG
2018Q2,2018,Q2,2018-08-03,2018-06-30,19649000.0,87360000.0,39662000.0,0.35,87360000.0,1.0,6501562000.0,957819000.0,4996274000.0,0.0,5543743000.0,0.0,221441000.0,617848750.0,407009750.0,21.780989198408186,0.0,0.025300996898899066,0.17174017220372534,0.023744526864348164,21.780989198408186,0.020514314291113455,7.072444482600733,7.861071174105552,0.6450579389216543,0.3106519415746348,0.0,0.009879440558874642,0.013436771040559176,0.0,0.003022196819779616,55.94935705877026,1.0,0.20689655172413793,-0.4568717731966941,-0.14070588639542353,0.14116333586325053,0.055888609553277895,0.1614943547910386,0.1630061871389614,7.396209614259689,0.27780909571414936,0.06336549763125701,Banks—Regional,Financial Services,OFG
2018Q1,2018,Q1,2018-05-04,2018-03-31,16917000.0,82736000.0,34103000.0,0.29,82736000.0,1.0,6247121000.0,946849000.0,4791919000.0,0.0,5300272000.0,0.0,210008000.0,459329749.99999994,177382749.99999994,21.541326356500967,0.0,0.01287168921491996,0.08492484018043003,0.022530225733588663,21.541326356500967,0.017866629209092474,5.5517519580351955,6.787990630726489,0.48511404669593566,0.36076136430809247,0.0,0.013286750967034033,0.013243860651970724,0.0,0.002707967398102262,13.581199550575084,1.0,-0.03333333333333337,-0.17194279630420956,-0.11856220819019757,0.1286248827621071,-0.011718050097351792,-0.009137234229485152,0.19996481351161155,6.749105533726305,-0.05385294348553743,0.026801712336633095,Banks—Regional,Financial Services,OFG
2017Q4,2017,Q4,2018-03-13,2017-12-31,17073000.0,83717000.0,28420000.0,0.3,83717000.0,1.0,6189053000.0,945107000.0,4868561000.0,0.0,5243946000.0,0.0,200878000.0,413101800.0,63777800.0,21.50560902905773,0.0,0.021954732008273317,0.14377102275192122,0.023927876646100136,21.50560902905773,0.01806462125452462,4.934503147508869,6.049051133368477,0.43709527069421766,0.3576992912786271,0.0,0.014783281021772357,0.01352662515573869,0.0,0.0027585803514689564,9.56542014958205,1.0,3.6224961479198763,1.9088732897418645,3.157052430085179,0.09619075071169175,-0.060689361129187894,4.144019282916541,1.0660075603373074,-0.1566320625006545,-0.14203291489718095,0.02038984590698741,Banks—Regional,Financial Services,OFG
2017Q3,2017,Q3,2017-11-08,2017-09-30,3319000.0,89126000.0,13756000.0,0.0649,89126000.0,1.0,6288217000.0,937630000.0,4975393000.0,0.0,5350587000.0,0.0,191567000.0,402115050.0,-182436950.0,21.335472273420255,0.0,0.02165542315095042,0.14523212781161013,0.010961112181241782,21.335472273420255,0.0035397758177532716,4.511759194847744,30.288870894847847,0.42886325096253325,1.7182886411569749,0.0,0.014182508214999662,0.014173493058525175,0.0,0.0005278125738981336,4.028845595086615,1.0,-0.7836666666666666,-0.8267751044031012,0.05694269498197013,0.12631736633452978,-0.007560826234619453,-0.8059518241347053,-0.5629408400584609,-0.825793378700754,-0.06626096386369451,0.03360261829237928,Banks—Regional,Financial Services,OFG
2017Q2,2017,Q2,2017-08-04,2017-06-30,17104000.0,89805000.0,31474000.0,0.3,89805000.0,1.0,6235826000.0,938969000.0,4859600000.0,0.0,5296857000.0,0.0,194687000.0,439470000.0,135962000.0,21.36594079231802,0.0,0.02787120743907864,0.18509663258318432,0.02293104819392978,21.36594079231802,0.018215723841788174,4.89360280607984,6.423497427502339,0.46803462095127735,0.3568171188026193,0.0,0.013887182287755706,0.014401460207517015,0.0,0.002742860368458004,-20.407244021360576,1.0,0.15384615384615377,0.06179392392067828,0.49423923283425436,0.25960530575310947,0.056840247131509265,0.12897689768976897,-0.12362866848582725,-0.17784634594499585,-0.08124852538889295,0.039520514250297165,Banks—Regional,Financial Services,OFG
2017Q1,2017,Q1,2017-05-05,2017-03-31,15150000.0,84975000.0,35914000.0,0.26,84975000.0,1.0,6414607000.0,931429000.0,4864916000.0,0.0,5483178000.0,0.0,185377000.0,518197000.00000006,179142000.00000006,21.20981441420927,0.0,0.022014754762061026,0.1516122001784355,0.02082812122707803,21.20981441420927,0.016265329939265365,6.098228890850251,8.551105610561057,0.5563462164051152,0.4291749174917492,0.0,0.012547351682854204,0.013247109292899783,0.0,0.0023617970672248512,22.04155678434709,1.0,-0.03703703703703707,0.33298200650221826,0.5366564653471834,0.26657630448386316,-0.00970771955994779,-0.0260992543070198,-0.0787738873925869,-0.341482786627012,-0.13901550856700842,0.07242535349679134,Banks—Regional,Financial Services,OFG
2016Q4,2016,Q4,2017-03-10,2016-12-31,15556000.0,85808000.0,38985000.0,0.27,85808000.0,1.0,6501824000.0,920411000.0,4977612000.0,0.0,5581413000.0,0.0,177808000.0,575273400.0,206432400.0,20.95939791410484,0.0,0.02177819639534998,0.15384214226035978,0.02162706331914489,20.95939791410484,0.016901145249241915,6.704193082230095,9.245201208536898,0.6250179539357961,0.36648238621753665,0.0,0.009910070585568533,0.013197527340020278,0.0,0.0023925593802600624,19.0443738206376,1.0,0.03846153846153849,2.226748905941018,1.4712136062497483,0.24034869556021235,-0.03868430781640358,0.028835978835978836,0.20309221083816814,-0.194811457244452,-0.17038148133926959,0.0818007423654353,Banks—Regional,Financial Services,OFG
2016Q3,2016,Q3,2016-11-04,2016-09-30,15120000.0,89261000.0,32404000.0,0.26,89261000.0,1.0,6592113000.0,924934000.0,5141590000.0,0.0,5667179000.0,0.0,169858000.0,444091860.0,76893860.0,21.05664071392797,0.0,0.02155105654287176,0.15359690529270198,0.024493666981329952,21.05664071392797,0.016347112334501705,4.975205969012222,7.3427886904761905,0.4801335662868918,0.4033730158730159,0.0,0.013733645106667797,0.013540574926431025,0.0,0.0022936500026622723,29.94550640593392,1.0,0.040000000000000036,-0.09568653004922152,0.646635832455471,0.27583833668691593,0.0939652425423438,0.054466838691680036,-0.06866323685798868,-0.19895960983517036,-0.0026157902816718605,0.09291673957421409,Banks—Regional,Financial Services,OFG
2016Q2,2016,Q2,2016-08-05,2016-06-30,14339000.0,81594000.0,34793000.0,0.25,81594000.0,1.0,6712596000.0,915890000.0,5238959000.0,0.0,5796706000.0,0.0,162363000.0,364486200.00000006,258654200.00000006,20.85644669126019,0.0,0.06126035292456153,0.4489796809660549,0.018613080844348418,20.85644669126019,0.0156558101955475,4.467071108169719,6.354805077062557,0.39795848846477205,0.42576190808285097,0.0,0.01674960533485218,0.012155356884281432,0.0,0.0021361333230839456,55.04170945333737,1.0,0.041666666666666706,-0.43673987220879396,0.42400300354488424,0.31457545124320624,-0.12083010085337471,0.011855197233787312,-0.03788402510853635,-0.6030976807211087,-0.1963068141494414,0.0927241211887633,Banks—Regional,Financial Services,OFG
2016Q1,2016,Q1,2016-05-06,2016-03-31,14171000.0,92808000.0,36163000.0,0.24,92808000.0,1.0,6874572000.0,903801000.0,5392653000.0,0.0,5970771000.0,0.0,155529000.0,306847020.0,65542020.0,20.588660075629868,0.0,0.06350126233313143,0.4830089809593041,0.01927888164013019,20.588660075629868,0.015679336491108108,3.306256141711921,5.413291581398631,0.33950728091692756,0.430315432926399,0.0,0.019873095068676242,0.013500185902482366,0.0,0.00206136469295834,14.234877528298385,1.0,13.565445026178011,3.838475982851812,1.184516923863154,0.3332301264745062,0.1241142912513172,15.519467213114755,11.172433192686357,-0.30545396139590625,-0.009975115987138747,0.07871138849692824,Banks—Regional,Financial Services,OFG
2015Q4,2015,Q4,2016-03-15,2015-12-31,-976000.0,82561000.0,-3555000.0,-0.0191,82561000.0,1.0,7099149000.0,897077000.0,5328108000.0,0.0,6202072000.0,0.0,148886000.0,321113760.0,221247760.0,20.44946202243093,0.0,0.06153455857878177,0.48696265760910157,-0.0001248136040871383,20.44946202243093,-0.0010879779550696316,3.8894121921972844,-82.2525,0.35795562699745953,-8.047131147540984,0.0,0.024458621766940164,0.011629703785622756,0.0,-0.0001374812671208901,11.281399662731872,1.0,-1.6366666666666667,0.8114832236492631,1.70378226161697,0.28949301167619274,-0.30226996146305185,-1.2136134821623987,-1.1576147195743738,0.9479495226557844,3.1070329632200546,0.04235648921777924,Banks—Regional,Financial Services,OFG
2015Q3,2015,Q3,2015-11-06,2015-09-30,4569000.0,118328000.0,22555000.0,0.03,118328000.0,1.0,7203822000.0,907888000.0,5424700000.0,0.0,6295934000.0,0.0,155974000.0,383500170.0,294345170.0,20.667167474788865,0.0,0.060667934327083596,0.48138206474807466,0.014933534743133683,20.667167474788865,0.005032559082177537,3.240992579947265,20.983813197636245,0.4224091187459246,1.7303567520245131,0.0,0.02061537547688701,0.016425725122025503,0.0,0.000634246654067799,20.545385728061717,1.0,1.5,1.7152710320642668,1.868362034940983,0.3071970457863696,0.7101646167854201,2.469604374396912,0.5259454705364995,-0.761437525687609,0.4038233650474661,0.09103699892307211,Banks—Regional,Financial Services,OFG
2015Q2,2015,Q2,2015-08-10,2015-06-30,-3109000.0,69191000.0,14781000.0,-0.06,69191000.0,1.0,7398325000.0,911599000.0,5625527000.0,0.0,6486726000.0,0.0,159737000.0,474868350.0,358923350.0,20.483069318054152,0.0,0.05914717182605522,0.4800246599656208,0.014555793640969993,20.483069318054152,-0.0034104907969403214,6.8631519995375125,-38.184975072370534,0.5209180242628612,-2.551945963332261,0.0,0.016707788590248223,0.00935225203002031,0.0,-0.00042023025482119264,41.77237420830401,1.0,-0.04347826086956513,-1.133090897354585,-0.025860870230554264,-0.09250834380685823,-0.22078697238614353,-0.04049531459170013,-0.03750732564954093,-1.1905827978452763,0.13681462898715638,0.2075565986968456,Banks—Regional,Financial Services,OFG
2015Q1,2015,Q1,2015-05-08,2015-03-31,-2988000.0,88796000.0,15357000.0,-0.0575,88796000.0,1.0,7364156000.0,936379000.0,5878395000.0,0.0,6427777000.0,0.0,170605000.0,728426880.0,486967880.0,20.979051843885827,0.0,0.059401647656567844,0.4671644707965471,0.016625571151613575,20.979051843885827,-0.00319101560372456,8.203374926798505,-60.94602409638554,0.7779188555061572,-2.6536144578313254,0.0,0.010885100780465432,0.01205786515114563,0.0,-0.0004057491449121936,21.874024203477372,1.0,-1.1597222222222223,-1.1454371110230952,0.35234179144918265,0.17199109248644553,-0.10541109622301252,-1.1450978487835672,-0.6683368248277649,-1.2586659869747334,0.5798872520077083,0.25279596686159456,Banks—Regional,Financial Services,OFG
2014Q4,2014,Q4,2015-02-26,2014-12-31,20593000.0,99259000.0,46303000.0,0.36,99259000.0,1.0,7449109000.0,942197000.0,5877819000.0,0.0,6506912000.0,0.0,181152000.0,744338249.9999999,610830249.9999999,21.07587518174701,0.0,0.05905659321134917,0.4669076636839217,0.025133775284775096,21.07587518174701,0.02185636337199121,7.498949717405977,9.036301777302965,0.7900027807348144,0.3434176661972515,0.0,0.009501056811201091,0.013324949332866522,0.0,0.0027644916996113224,56.642435887679774,1.0,0.058823529411764594,1.161319567130412,25.82746125612208,0.655284067220373,0.014347759439987737,0.054321114069219745,0.0074630113141862485,2.5952335051610516,1.8080142066847364,0.24724166202682807,Banks—Regional,Financial Services,OFG
2014Q3,2014,Q3,2014-11-07,2014-09-30,19532000.0,97855000.0,45960000.0,0.34,97855000.0,1.0,7673339000.0,929998000.0,6060964000.0,0.0,6743341000.0,0.0,170519000.0,674908920.0,443518920.0,20.641851999822435,0.0,0.05732172135233436,0.4729569310901744,0.023803918863525283,20.641851999822435,0.021002195703646673,6.8970305043176126,8.638502457505632,0.7257100767958641,0.36191890231415114,0.0,0.010474005885120026,0.012752597011548688,0.0,0.0025454368691387153,10.679445543301107,1.0,-0.1052631578947368,-0.5059811972370468,-0.08157079309421,0.3112900657180394,-0.02262285257690771,-0.08339199399314844,-0.11178107606679036,0.13894362161059712,0.7599775890342558,0.250705963946621,Banks—Regional,Financial Services,OFG
2014Q2,2014,Q2,2014-08-08,2014-06-30,21309000.0,100120000.0,51744000.0,0.38,100120000.0,1.0,7710145000.0,925202000.0,6070083000.0,0.0,6784943000.0,0.0,160055000.0,828707740.0,697096740.0,20.553649975563157,0.0,0.06029380770400557,0.502456760793859,0.024848171116462453,20.553649975563157,0.02303172712553583,8.27714482620855,9.722508564456334,0.8957046569289734,0.3321601201370313,0.0,0.008541008679368677,0.012985488599760446,0.0,0.002763761252220289,15.74262912938584,1.0,-0.09523809523809519,-0.7740365840519893,-0.33706989707918067,0.38895475777070965,-0.017207699783063225,-0.10266559986524613,-0.062744529778293,-0.18340144901104216,0.7046252336735805,0.2954902669323434,Banks—Regional,Financial Services,OFG
2014Q1,2014,Q1,2014-05-09,2014-03-31,23747000.0,101873000.0,55208000.0,0.42,101873000.0,1.0,7855638000.0,896491000.0,6203540000.0,0.0,6959147000.0,0.0,147919000.0,779205510.0,594370510.0,19.777427254075757,0.0,0.055985395457377234,0.4905804966251753,0.027611483748093205,19.777427254075757,0.02648883257054449,7.648793203302151,8.203199456773488,0.8691727078130177,0.29991156777698236,0.0,0.00914007910442009,0.012968138297615037,0.0,0.003022924427016622,20.4451487720403,1.0,0.20000000000000004,-0.4867668556638776,0.13728656902727004,0.5014943550358907,-0.05301368334944597,0.1817955608639395,0.08261594273948426,6.852093091635163,1.3221896838882832,0.2806982942276343,Banks—Regional,Financial Services,OFG
2013Q4,2013,Q4,2014-03-03,2013-12-31,20094000.0,107576000.0,50995000.0,0.35,107576000.0,1.0,8158015000.0,884913000.0,6372971000.0,0.0,7273102000.0,0.0,133629000.0,791987160.0,528335160.0,19.374545693392303,0.0,0.05391213426305296,0.4970160908473488,0.026125094994754496,19.374545693392303,0.02270731699048381,7.362117572692794,9.853527918781726,0.8949887277054354,0.3088484124614313,0.0,0.007835985623807336,0.013186541088732982,0.0,0.002463099173021869,17.60832318022144,1.0,0.029411764705882214,-0.736051048416176,-0.03517278989971903,0.7975709974333716,0.1563581640331076,0.02410682432088069,0.057636469221835074,4.727737925698397,2.38369296936828,0.2217114195290971,Banks—Regional,Financial Services,OFG
2013Q3,2013,Q3,2013-11-12,2013-09-30,19621000.0,93030000.0,48216000.0,0.34,93030000.0,1.0,8380225000.0,879726000.0,6505366000.0,0.0,7500499000.0,0.0,122747000.0,739251590.0,534429590.0,19.266463721775693,0.0,0.054019790638079525,0.5145897699965671,0.02709375085268124,19.266463721775693,0.02230353541898273,7.946378480060195,9.419137531216554,0.8403202701750319,0.3075786147495031,0.0,0.008163661846165253,0.011101133919435338,0.0,0.002341345250276693,11.031300772972811,1.0,-0.5,1.2320929258321534,-0.4170081592211913,0.9304038492564141,-0.11812382098946829,-0.4773169237326514,0.8513285209645216,3.9551294846706178,1.1695784632162538,0.21860262131120797,Banks—Regional,Financial Services,OFG
2013Q2,2013,Q2,2013-08-09,2013-06-30,37539000.0,105491000.0,26044000.0,0.68,105491000.0,1.0,8435934000.0,870924000.0,6393819000.0,98961000.0,7565010000.0,0.0,111292000.0,842786100.0,515734100.0,19.086653517422747,64.60948252341832,0.061667386207620876,0.5973219247603695,0.1253839818389201,19.086653517422747,0.04310249803656806,7.989175379890227,5.612736753776073,0.9676918996376263,0.165374677002584,0.0,0.007366044598979504,0.0125049579572339,26.876607956669798,0.004449892566727051,25.53897272727273,1.0,0.8378378378378379,0.38510824201116456,0.6005563708636467,0.5393944686443021,0.08343689340330913,0.7713759909399773,-0.47240904302730735,0.5673596679742015,0.44858881354244906,-0.15437581434909292,Banks—Regional,Financial Services,OFG
2013Q1,2013,Q1,2013-05-10,2013-03-31,21192000.0,97367000.0,49364000.0,0.37,97367000.0,1.0,8702551000.0,870242000.0,6514672000.0,60846000.0,7832309000.0,0.0,83739000.0,691220200.0,751962200.0,19.086347187191578,107.06820497649804,0.0714948984498913,0.714959746829043,0.024752880267439773,19.086347187191578,0.024351846957512968,7.099121879076073,8.154258682521707,0.7942850379549596,0.29265760664401663,0.0,0.008972538707636148,0.01118832857170271,43.720491075830786,0.0024351480387762164,35.08019691433211,1.0,2.0,-0.333384820960213,0.5278958667644437,0.3614512230893361,3.8268391830259767,2.126275510204082,59.421052631578945,0.009753065440657058,0.45162167684459154,0.06625547512584676,Banks—Regional,Financial Services,OFG
2012Q4,2012,Q4,2013-03-15,2012-12-31,-18816000.0,20172000.0,817000.0,-0.37,20172000.0,1.0,9193368000.0,863606000.0,6824211000.0,92222000.0,8329762000.0,0.0,70734000.0,587667000.0,511409000.0,19.61849159472967,73.99764698228188,0.08619659302227432,0.9175908921429449,0.00045497100693790216,19.61849159472967,-0.021787713378554573,29.13280785246877,-7.8080755739795915,0.6804804505758413,-0.38446003401360546,0.0,0.012309692393821672,0.002194190420746782,34.13202923380538,-0.0020466927898458976,15.831546336206896,1.0,-2.0571428571428574,-1.6717860307399075,-0.6875899326777473,0.31881130608062547,-0.741937134596441,-2.0593998085693372,-0.9818999512605787,0.8503072406851084,6.124098125455148,0.5408222092612051,Banks—Regional,Financial Services,OFG
2012Q3,2012,Q3,2012-11-09,2012-09-30,17761000.0,78167000.0,45138000.0,0.35,78167000.0,1.0,6051205000.0,771687000.0,2896854000.0,36083000.0,5279518000.0,0.0,94520000.0,436711360.0,242694360.0,18.94268250773234,80.28306958955741,0.05312627815451633,0.4165911826945381,0.03731220887427079,18.94268250773234,0.023015808222763893,5.586901889544181,6.14705478295141,0.5659177360769327,0.30876639828838465,0.0,0.012557493352130798,0.012917592446463143,15.087548152869772,0.0029351178814798046,72.652031275994,1.0,0.029411764705882214,0.24986076807185711,0.7358081306848032,0.3428552119321656,0.40064148509174313,0.1873913624816152,0.032268392526356715,-0.5031814209436681,-0.18862847864209634,0.20334897230413082,Banks—Regional,Financial Services,OFG
2012Q2,2012,Q2,2012-08-03,2012-06-30,14958000.0,55808000.0,43727000.0,0.34,55808000.0,1.0,6375648000.0,692202000.0,2842035000.0,0.0,5683446000.0,0.0,83982000.0,452152640.0,310309640.0,16.962409331503626,0.0,0.05062010951671109,0.4662454023536482,0.04023988726032752,16.962409331503626,0.021609299019650332,8.101932339449542,7.557037037037037,0.6532090921436229,0.2436154566118465,0.0,0.008059225309399941,0.008753306330587888,0.0,0.002346114465541385,-710.9318238993711,1.0,0.4782608695652174,0.39227128067024697,0.3140224531096659,0.32506732501749985,0.07670936872974224,0.40411151788228666,0.0018328865672325703,-0.8250351184734351,-0.5923892264110058,0.1462693571340101,Banks—Regional,Financial Services,OFG
2012Q1,2012,Q1,2012-05-04,2012-03-31,10653000.0,51832000.0,43647000.0,0.23,51832000.0,1.0,6461355000.0,689290000.0,2815443000.0,79647000.0,5772065000.0,0.0,74091000.0,498060200.0,409387200.0,16.74578494728147,35.34901502881465,0.05592634981362268,0.5242495901579887,0.03515139222978838,16.74578494728147,0.01545503344020659,9.609125636672326,11.6882615225758,0.7225698907571559,0.3419693982915611,0.0,0.007314376856452293,0.008021846810769567,5.88662473162831,0.0016487253834528517,85.60677208662771,1.0,1.7931034482758623,-0.4237542772505128,0.08060538382807911,0.21128052337675998,0.5925277291301809,1.8962645128722868,1.1335973016571346,-0.7464535467318647,-0.3627813891205122,0.27133328546595836,Banks—Regional,Financial Services,OFG
2011Q4,2011,Q4,2012-03-09,2011-12-31,-11886000.0,32547000.0,20457000.0,-0.29,32547000.0,1.0,6693666000.0,695555000.0,625659000.0,181952000.0,5998111000.0,0.0,68149000.0,498471820.0,356584820.0,16.897988435936057,3.43859369504045,0.06925801197729316,0.6665037272393988,0.01257528459570984,16.897988435936057,-0.0170885120515272,15.315445970442743,-10.484431684334512,0.7166533487646556,-0.3093555443378765,0.0,0.007376545378232214,0.004862357936592594,3.43859369504045,-0.001775708557911315,44.09694090587403,1.0,-1.8285714285714285,0.607050192732111,147.2662449728516,0.23379937323611527,-0.4020283304855867,-1.7080057183702644,-0.638434754944414,-1.1732454544351982,-0.6760949685682227,0.5677959322557264,Banks—Regional,Financial Services,OFG
2011Q3,2011,Q3,2011-11-07,2011-09-30,16788000.0,54429000.0,56579000.0,0.35,54429000.0,1.0,7023288000.0,727916000.0,2930469000.0,187814000.0,6295372000.0,0.0,82616000.0,426495350.0,382157350.0,16.504160526017458,15.603038112174811,0.0668585710852239,0.645084048159403,0.04567042580010559,16.504160526017458,0.023063100687441957,7.835810872880266,6.351193560876816,0.5859128663197402,0.20270431260424113,0.0,0.007978984999484753,0.00774978898772199,2.9411013023523274,0.00239033341648527,87.25354950900163,1.0,-0.4067796610169492,2.933517087407155,0.6091881471888807,0.15266765562004486,-0.08633250520378702,-0.3657006838704802,-0.1237028776755568,1.2055877901201717,-0.646875863547607,0.653634806482978,Banks—Regional,Financial Services,OFG
2011Q2,2011,Q2,2011-08-08,2011-06-30,26467000.0,59572000.0,64566000.0,0.59,59572000.0,1.0,7082547000.0,724357000.0,2610648000.0,173729000.0,6358190000.0,0.0,71091000.0,588505840.0,765515840.0,15.865537935868232,15.02712845869141,0.06430963324352101,0.6288004395622601,0.05776034768020126,15.865537935868232,0.036538612866307635,9.87890015443497,5.5588642460422415,0.8124527546499861,0.12868855555975364,0.0,0.005787538149154135,0.008411098436762934,1.755872652234227,0.0037369324905291838,-27.683970270015994,1.0,13.749999999999998,4.661038947872115,0.7607549940233813,0.14691702989694655,0.3329454936006444,7.590392729633236,0.28366933078850054,-0.023980845471231436,-0.09666184296621347,0.2796020694904799,Banks—Regional,Financial Services,OFG
2011Q1,2011,Q1,2011-05-09,2011-03-31,3081000.0,44692000.0,50298000.0,0.04,44692000.0,1.0,7176129000.0,713128000.0,2671040000.0,137447000.0,6463001000.0,0.0,50727000.0,579546450.0,719412450.0,15.44269040039845,19.43323608372682,0.06343489644625953,0.6383384189093683,0.013884541177039774,15.44269040039845,0.0043204025083855915,12.96756578358543,47.02583982473224,0.8126822253508487,1.1262577085361896,0.0,0.005987440696082255,0.0062278702069040286,2.6181509963840606,0.0004293401080164529,-17.939282176685445,1.0,1.3333333333333335,-0.7960067272653174,-0.014258551387583307,0.10616960747652003,0.3903683424589348,1.5653211009174313,0.5565389614408616,-0.9043097592059242,-0.3075563243510232,0.10154496966928647,Banks—Regional,Financial Services,OFG
2010Q4,2010,Q4,2011-03-10,2010-12-31,-5450000.0,32144000.0,32314000.0,-0.12,32144000.0,1.0,7312777000.0,732331000.0,477662000.0,209226000.0,6580446000.0,0.0,51502000.0,576775710.0,593969710.0,15.85852876848784,2.28299542121916,0.06374322641043204,0.6365154554429623,0.015490897237127663,15.85852876848784,-0.007441990029098864,17.943495209059233,-26.45760137614679,0.7875888225406271,-0.8078899082568808,0.0,0.0076338166182483656,0.004395594177150486,2.28299542121916,-0.0007452709141821226,-216.91452049642723,1.0,0.2,-1.346168735858052,0.0,0.0,-0.24528656288887324,0.17361637604245642,-0.052597631054298113,-1.1854836702073253,-0.5254505280440164,0.06605581457165079,Banks—Regional,Financial Services,OFG
2010Q3,2010,Q3,2010-11-04,2010-09-30,-6595000.0,42591000.0,34108000.0,-0.15,42591000.0,1.0,7403057000.0,717060000.0,2750020000.0,135071000.0,6685997000.0,0.0,59845000.0,603208200.0,966412200.0,15.810292366715174,20.359810766189632,0.06117837536574418,0.6316166011212451,0.021474786630679615,15.810292366715174,-0.009197277773129167,14.162809044164261,-22.86611827141774,0.8412241653418124,-0.3824109173616376,0.0,0.004180977645860915,0.005753163861901914,0.8921011912253556,-0.0008908481996018672,-14.123017489639672,1.0,-1.3947368421052633,-1.4304157228517185,-0.06939572940998893,0.14501360501353205,-0.19260298382969043,-1.3801371836993486,-0.44844760672703754,-1.416862789083869,-0.15046706747224498,0.12079867770303442,Banks—Regional,Financial Services,OFG
2010Q2,2010,Q2,2010-08-10,2010-06-30,17349000.0,52751000.0,61840000.0,0.38,52751000.0,1.0,8078544000.0,746042000.0,3115808000.0,862110000.0,7332502000.0,0.0,98245000.0,418450980.0,1167880980.0,22.57108280640184,3.614165245734303,0.14605701225369325,1.5815838786556253,0.029344692447642314,22.57108280640184,0.02325472292444661,7.932569619533279,6.029900570638078,0.560894668128604,0.17609084097066113,0.0,0.007300735679959454,0.006529765759770573,0.5397455081138138,0.002147540447882688,16.40083797130987,1.0,-0.07317073170731701,0.6922175635859192,0.5278952291982572,0.6293505156010533,0.38283482318399875,0.4535020107238606,0.14588544851483315,0.9936972498038422,0.5334564661889754,0.7632049629577103,Banks—Regional,Financial Services,OFG
2010Q1,2010,Q1,2010-05-07,2010-03-31,11936000.0,38147000.0,53967000.0,0.41,38147000.0,1.0,6508520000.0,464174000.0,1753934000.0,143065000.0,6044346000.0,0.0,85796000.0,350068500.0,360580500.0,17.90035093131773,12.259700136301682,0.07080488344508429,0.9928065768440283,0.0531257036886477,17.90035093131773,0.025714494995411202,9.176829108448896,7.332198810321716,0.7541751584535109,0.18205428954423591,0.0,0.006207356560216072,0.005861086698665749,3.4080522839268865,0.0018339038675459244,-24.967441694600957,1.0,1.1433566433566433,-0.13132328928924406,0.36660863145132805,0.30163229719357826,17.449762828805518,1.161199270713755,2.658227070210478,0.024877127759330996,0.262428389890539,0.29479427288561627,Banks—Regional,Financial Services,OFG
2009Q4,2009,Q4,2010-03-11,2009-12-31,-74045000.0,-2319000.0,-32545000.0,-2.86,-2319000.0,1.0,6550833000.0,330166000.0,281497000.0,155013000.0,6220667000.0,0.0,77584000.0,280054800.0,505212800.0,12.732482357024411,1.8159573713172443,0.0721815072983848,1.4321553400410703,-0.039734305045242405,12.732482357024411,-0.2242659752972747,-120.7653298835705,-0.945556080761699,0.8482242266011644,-0.029333513404011073,0.0,0.007755624970541479,-0.00035400078127468675,1.8159573713172443,-0.011303142669031556,-6.691071556564329,1.0,-4.445783132530121,-4.786514561749611,-1.0627246543683928,-0.06139536045090512,-1.0403493814486802,-4.471890092371173,-1.4650149313443925,-2.88574498153449,-17.76908154082428,-0.07034326533042143,Banks—Regional,Financial Services,OFG
2009Q3,2009,Q3,2009-11-06,2009-09-30,21327000.0,57473000.0,69987000.0,0.83,57473000.0,1.0,6381046000.0,382569000.0,1442760000.0,105112000.0,5998477000.0,0.0,146421000.0,308648100.0,561141100.0,15.741636834958648,13.725930436106248,0.06628004248833184,1.1055156063350664,0.07616799069481069,15.741636834958648,0.055746806458442794,5.370314756494354,3.6180440286960187,0.8067776009033664,0.10188962348197121,0.0,0.0070403802906935115,0.009006830541575786,2.0032251312885303,0.00334224200859859,-25.00187120291616,1.0,-0.5931372549019608,0.22317991476192864,0.6846784838376474,0.21295955153664042,-0.2951471075191013,-0.5811171779864085,-0.3154502239871672,8.068590450692527,2.083672703673611,0.09941221170080217,Banks—Regional,Financial Services,OFG
2009Q2,2009,Q2,2009-08-10,2009-06-30,50914000.0,81539000.0,102238000.0,2.04,81539000.0,1.0,6950304000.0,359634000.0,1612842000.0,105834000.0,6590670000.0,0.0,131154000.0,235739099.99999997,352312100.0,14.797926181952846,15.239355972560803,0.06095201015667804,1.1779614830633367,0.11936538390450303,14.797926181952846,0.14157170901527663,2.891120813353119,1.157535746553011,0.6554972555431354,0.04266017205483757,0.0,0.009213575516322918,0.011731717058707073,3.2597936390951867,0.007325434973779564,8.445797506448837,1.0,1.1030927835051547,1.8115537303486178,1.315989952257478,0.21839692213945636,0.7018847446306694,1.0572975593987393,0.2990191095751169,19.458162143326895,3.5275171242110903,0.06973955839656425,Banks—Regional,Financial Services,OFG
2009Q1,2009,Q1,2009-05-08,2009-03-31,24748000.0,47911000.0,78704000.0,0.97,47911000.0,1.0,6485946000.0,319351000.0,332485000.0,105112000.0,6166595000.0,0.0,71353000.0,118315600.0,247435600.0,13.171829243142916,3.163149783088515,0.06519789094759654,1.3241543004405811,0.10316222767913477,13.171829243142916,0.07749466887531274,2.469487174135376,1.19520365282043,0.37048764525553385,0.0878050751575885,0.0,0.018366132614803122,0.007386894679665849,3.163149783088515,0.00381563460442008,-5.295658401217438,1.0,-0.41916167664670656,0.39563311473509727,0.29886088896605023,0.02543487374436404,-0.19050113202446525,-0.3875924871940808,-0.16654488462475248,2.1209484135167775,1.0127544677738636,-0.05649360274300338,Banks—Regional,Financial Services,OFG
2008Q4,2008,Q4,2009-03-16,2008-12-31,40411000.0,59186000.0,94431000.0,1.67,59186000.0,1.0,6205536000.0,261317000.0,58284000.0,0.0,5944219000.0,0.0,51233000.0,146682250.0,168395250.0,10.778181068261498,0.0,0.005814646792799204,0.13808133416501797,0.34519856141332095,10.778181068261498,0.1546435937960408,2.4783268002568173,0.9074401153151369,0.5613192023481058,0.11390462992749499,0.0,0.03138075670369114,0.00953761286696266,0.0,0.006512088560923665,-14.462852494577007,1.0,1.9076086956521736,1.3039723657516669,0.6387827403529378,0.045688550480177725,3.0426574633304573,1.9001024590163935,11.456272259596359,3.8889238529114682,0.0,0.0,Banks—Regional,Financial Services,OFG
2008Q3,2008,Q3,2008-11-17,2008-09-30,-44896000.0,84744000.0,7581000.0,-1.84,-28975000.0,1.0,5914666000.0,242018000.0,78486000.0,0.0,5672648000.0,0.0,17868000.0,433087140.0,428788140.0,9.980535279805352,0.0,0.006100598072655328,0.14909221628143363,0.02491469383535688,9.980535279805352,-0.1855068631258832,5.110534551118663,-2.4116131726657164,1.789483178937104,-0.10250356379187456,0.0,0.010626037060347716,0.014327774383202704,0.0,-0.007590623037716754,22.500370947630923,-0.3419121117719249,-4.4074074074074066,-3.9213147369427643,1.3481955524871667,0.041462038803004926,-1.8258515034915206,-4.1119428848686495,-0.8943385181468473,-6.480279886620832,2.4632028135282074,-0.2771892881150449,Banks—Regional,Financial Services,OFG
2008Q2,2008,Q2,2008-08-08,2008-06-30,14427000.0,35085000.0,71748000.0,0.54,35085000.0,1.0,6060179000.0,301167000.0,99328000.0,0.0,5759012000.0,0.0,64406000.0,346375400.0,325972400.0,12.398806093042404,0.0,0.005954114556682237,0.11981060341936534,0.20427696285780184,12.398806093042404,0.04790365478289454,9.872464015961237,6.002207666181465,1.1501107359040001,0.3191931794551882,0.0,0.013294824055057027,0.005789432952392991,0.0,0.0023806227505821197,-12.195458066333357,1.0,-0.15624999999999997,-0.106718301281889,-0.04520409177253815,0.31525278432472303,0.038847600153969146,-0.14369658119658119,0.002277013340783684,0.9148781865242556,0.3828266080295555,-0.10496092394795407,Banks—Regional,Financial Services,OFG
2008Q1,2008,Q1,2008-05-12,2008-03-31,16848000.0,33773000.0,71585000.0,0.64,33773000.0,1.0,6158119000.0,338758000.0,87078000.0,0.0,5819361000.0,0.0,55977000.0,476272440.0,794156440.0,14.01911935110081,0.0,0.05974811464344876,1.0861322832228317,0.11857350390676606,14.01911935110081,0.049734618813430234,14.102165635270778,7.067195512820513,1.4059370996404514,0.2730294396961064,0.0,0.009658337568304393,0.00548430454169528,0.0,0.002735900361782551,128.375320754717,1.0,0.0,0.12874373924881496,0.0390133744338073,0.47531688934450544,-0.047144791784223,0.09580487804878049,-0.04632170738855879,0.3158250803418023,0.2983860721991941,0.019406747701174416,Banks—Regional,Financial Services,OFG
2007Q4,2007,Q4,2008-03-17,2007-12-31,15375000.0,35444000.0,75062000.0,0.64,35444000.0,1.0,5999855000.0,359461000.0,75173000.0,0.0,5640394000.0,0.0,45296000.0,324039240.0,337264240.0,14.875889753352094,0.0,0.006013978671151219,0.10038084799185447,0.1832034904882079,14.875889753352094,0.0427723730808071,9.142287552195011,5.268930731707317,0.9014586839740611,0.29769105691056913,0.0,0.014124832535713883,0.005907476097339019,0.0,0.002562561928579941,-20.210767791430175,1.0,1.1333333333333335,0.3348593924502979,0.4248331170217225,1.0176764166661627,0.3233273596176822,0.8190960719356365,0.17423815781240223,-0.15625841116400427,0.02879938096671733,0.09661091595497642,Banks—Regional,Financial Services,OFG
2007Q3,2007,Q3,2007-11-09,2007-09-30,8452000.0,26784000.0,63924000.0,0.3,26784000.0,1.0,5857189000.0,341795000.0,50493000.0,0.0,5515394000.0,0.0,35773000.0,288337000.0,655203000.0,14.1062732150227,0.0,0.06559409300263318,1.124056817683114,0.08605496161256161,14.1062732150227,0.024728272795096477,10.765270310633214,8.528661855182206,0.8435963077283166,0.5411736867013724,0.0,0.015863382084158467,0.00457284202370796,0.0,0.0014430130221169232,7.823976338425637,1.0,0.42857142857142855,-0.3719356252051701,-0.10481423835960828,0.6183156513660013,0.050929922310288,0.31099736311462695,0.06994727592267136,-0.5137870371595432,-0.21252808978892435,0.08694788300216841,Banks—Regional,Financial Services,OFG
2007Q2,2007,Q2,2007-08-08,2007-06-30,6447000.0,25486000.0,59745000.0,0.21,25486000.0,1.0,5290649000.0,313475000.0,72534000.0,0.0,4977174000.0,0.0,32883000.0,267164080.0,456520080.0,12.801167918980726,0.0,0.0408424372888846,0.6893149373953266,0.10964030505298744,12.801167918980726,0.02056623335194194,10.48277799576238,10.36001551109043,0.8522659861232953,0.7187839305103149,0.0,0.017345146098981568,0.004817178383975198,0.0,0.0012185650569523701,-8.79871163219602,1.0,-0.47500000000000003,-0.5032252432201935,-0.15612153486414085,0.6028842240620392,-0.10628747764491356,-0.413429169320353,-0.0017377065615131414,-0.6466757792352056,-0.2815781390721623,0.05399252574310252,Banks—Regional,Financial Services,OFG
2007Q1,2007,Q1,2007-05-10,2007-03-31,10991000.0,28517000.0,59849000.0,0.4,28517000.0,1.0,5292053000.0,338322000.0,49768000.0,0.0,4953731000.0,0.0,31956000.0,288280160.0,500077160.0,13.824861065707747,0.0,0.04366604038168174,0.6830268206028577,0.09946118189099999,13.824861065707747,0.032486802513581735,10.10906336571168,6.557186789191156,0.8520881290604808,0.4210717860067328,0.0,0.016053827637670246,0.005388645956493633,0.0,0.002076887740920206,-7.931114779355123,1.0,1.547945205479452,-0.10746692109149211,-0.008732501787142903,1.0403587036972433,216.68702290076337,1.6088859342972688,1.058859953902783,-0.3859254614225086,-0.2340790229448635,0.07627379612649453,Banks—Regional,Financial Services,OFG
