Quarters,Year,Quarter,FillingDate,Date,NetIncome,Revenue,OperatingIncome,EPSDiluted,GrossProfit,GrossProfitRatio,TotalAssets,CommonStockEquity,CurrentAssets,CurrentLiability,TotalLiability,Inventory,RetainedEarnings,MarketCap,EnterpriseValue,bookValuePerShare,currentRatio,debtToAssets,debtToEquity,roic,shareholdersEquityPerShare,roe,priceToSalesRatio,peRatio,pbRatio,payoutRatio,inventoryTurnover,dividendYield,assetTurnover,quickRatio,returnOnAssets,priceToFreeCashFlowsRatio,grossProfitMargin,epsdilutedGrowth,fiveYNetIncomeGrowthPerShare,fiveYRevenueGrowthPerShare,fiveYShareholdersEquityGrowthPerShare,grossProfitGrowth,netIncomeGrowth,operatingIncomeGrowth,threeYNetIncomeGrowthPerShare,threeYRevenueGrowthPerShare,threeYShareholdersEquityGrowthPerShare,Industry,Sector,Symbol
2023Q1,2023,Q1,2023-05-05,2023-03-31,172633000.0,287130000.0,185298000.0,3.47,186203000.0,0.6484971964,2571530000.0,1557283000.0,562600000.0,227478000.0,1014247000.0,698000.0,52865000.0,2048097389.84,2851050389.84,31.691635252301484,2.4732062001600155,0.3729970095624006,0.6159272271000197,0.07286776121038283,31.691635252301484,0.11085525238508351,7.132996864974054,2.9659702806531776,1.31517353611386,0.5694913486992638,144.59455587392551,0.04800211185644855,0.1116572624079828,2.289487335038993,0.06713240755503533,13.33605113976142,0.6484971963918782,-0.2113636363636364,4.488039719206322,2.2720604852682285,-0.1327698227901565,-0.20994636886678772,-0.20966080511287422,-0.2039540668376487,2.1020205882244243,0.35920214097633607,-0.10267443759175307,Oil & Gas Midstream,Energy,INSW
2022Q4,2022,Q4,2023-02-28,2022-12-31,218429000.0,338157000.0,232773000.0,4.4,235684000.0,0.6969662021,2615334000.0,1487752000.0,642615000.0,257389000.0,1127582000.0,531000.0,-21447000.0,1815813933.7800002,2646707933.78,30.331620446014792,2.4966684667953953,0.4108989521032495,0.7223233442132828,0.08905215699958847,30.331620446014792,0.1468181524877802,5.369736346667377,2.078265630685486,1.2205084811043778,0.25184842671989527,192.98116760828626,0.030295504939475262,0.12929782582262916,2.4325126559410077,0.08351858691853507,11.85326771011352,0.696966202089562,0.9298245614035091,2.4265687252452914,1.8859026750027583,-0.18805885700575967,0.6779916842285129,0.9257231523358636,0.8127891220036447,7.196935913497943,0.6259684753776132,-0.13214408960754043,Oil & Gas Midstream,Energy,INSW
2022Q3,2022,Q3,2022-11-08,2022-09-30,113427000.0,236829000.0,128406000.0,2.28,140456000.0,0.5930692609,2459903000.0,1328832000.0,509550000.0,220881000.0,1131071000.0,873000.0,-239876000.0,1732355713.0800002,2641774713.08,26.947045463892113,2.3068982845966834,0.44062062609785835,0.8156666907479652,0.05285772581557414,26.947045463892113,0.0853584200260078,7.3147955405799125,3.8182172522415296,1.3036679678695275,0.051918855299002885,110.39289805269186,0.003399417311084335,0.09627574745833474,2.2296938170327008,0.04611035475789086,30.186197931310883,0.59306926094355,0.6521739130434783,4.078941898516191,1.3387052423119759,-0.32689348987547096,0.5430147099212321,0.6430123413871024,0.5617368036973972,7.063797621950259,0.9707654283713749,-0.19747199285325695,Oil & Gas Midstream,Energy,INSW
2022Q2,2022,Q2,2022-08-09,2022-06-30,69036000.0,188197000.0,82220000.0,1.38,91027000.0,0.483679336,2364241000.0,1230564000.0,435003000.0,208902000.0,1133093000.0,804000.0,-353303000.0,1051566237.1999999,1913637237.1999998,24.808667183404697,2.0823304707470487,0.46219357502048225,0.8879968859807373,0.035075110968113166,24.808667183404697,0.05610110485923528,5.58758235891114,3.808035797265195,0.8545400622803853,0.0863462541282809,120.85820895522389,0.005668687134604401,0.07960144503035012,2.007400599324085,0.029200068859308335,56.248528333779085,0.4836793360149205,6.3076923076923075,4.497061496652153,0.5393452953684923,-0.3918964461609809,26.18035234398328,6.31005307284055,57.86030428769018,3.4613381530321004,0.6065166659578114,-0.2716867897244317,Oil & Gas Midstream,Energy,INSW
2022Q1,2022,Q1,2022-05-04,2022-03-31,-13001000.0,101482000.0,-1446000.0,-0.26,3349000.0,0.0330009263,2366593000.0,1164866000.0,246488000.0,245274000.0,1201143000.0,2335000.0,-422339000.0,894266919.4799999,1962717919.48,23.49878116057269,1.0049495666071413,0.4829744700504058,0.9812321760614525,-0.0006209381634450259,23.49878116057269,-0.011160940400011676,8.812074254350524,-17.196117980924544,0.7676993915866718,-0.2292131374509653,42.02698072805139,0.0033323384048834282,0.0428810530581304,0.8251424937009222,-0.005493551278145418,-15.37597867056396,0.03300092627263948,0.6231884057971014,-1.4235933797489109,-0.326900750671107,-0.4291600020523362,1.294806338028169,0.6246174279609632,0.9295973513803009,-1.7023325769030622,-0.4135936496963249,-0.32639276507196835,Oil & Gas Midstream,Energy,INSW
2021Q4,2021,Q4,2022-03-02,2021-12-31,-34634000.0,94670000.0,-20539000.0,-0.69,-11360000.0,-0.1199957748,2346780000.0,1169748000.0,224499000.0,234611000.0,1176448000.0,2110000.0,-409338000.0,738551431.24,1766568431.24,23.250785136478616,0.9568988666345568,0.47976376140925014,0.9625150032314652,-0.009290521397141854,23.250785136478616,-0.029608086528038518,7.801324931234816,-5.331115603453254,0.6313765283120809,-0.08716867817751342,50.25118483412322,0.00408773156790342,0.040340381288403684,0.8977839913729535,-0.014758094069320516,-12.007209209058837,-0.11999577479666208,0.5208333333333334,0.6524416244166102,-0.3605535091149118,-0.42519613330224026,0.3193936852195794,0.4857762204537356,0.6402410187244925,-3.884542901313013,-0.45437066064675363,-0.328737995379517,Oil & Gas Midstream,Energy,INSW
2021Q3,2021,Q3,2021-11-09,2021-09-30,-67352000.0,84816000.0,-57091000.0,-1.44,-16691000.0,-0.19679069986794945,2441833000.0,1214779000.0,228781000.0,280937000.0,1197102000.0,2578000.0,-375346000.0,854590060.0999999,1873998060.1,25.8992871709859,0.8143498364401983,0.4620729591253784,0.9288150354920525,-0.02417376408822977,25.8992871709859,-0.055443829700710996,10.075811876296925,-3.172103501380805,0.7034942652943457,-0.5129914479154294,39.37432117920869,0.040429910916535826,0.03473456210969383,0.7477655132645398,-0.027582557857150754,-18.269059389029028,-0.19679069986794945,-1.1492537313432833,0.17683535051892563,-0.3472423418505194,-0.3834437014468498,-1.7357810195049992,-2.5857956662939894,-3.7405961969608903,0.12391961906006756,-0.1346949111933824,-0.25095104863852963,Oil & Gas Midstream,Energy,INSW
2021Q2,2021,Q2,2021-08-09,2021-06-30,-18783000.0,46304000.0,-12043000.0,-0.67,-6101000.0,-0.1317596751900484,1518865000.0,947454000.0,212310000.0,102112000.0,571411000.0,2103000.0,-307994000.0,538036324.28,941461324.28,33.774983026133015,2.07918755875901,0.3428981509219055,0.5497005659377658,-0.00812093103477549,33.774983026133015,-0.019824709167938496,11.619651094505874,-7.161213920566469,0.5678759330584915,-0.08986849810999308,24.91916310033286,0.003137334644196897,0.030485922053638738,1.7108273268567846,-0.01236647101618643,-23.974526525265127,-0.1317596751900484,-0.3958333333333335,-1.6399807238804847,-0.5330104695523341,-0.27798071993089507,-0.6701341363263071,-0.4053872053872054,-0.8885055668809785,-0.03772060837213826,-0.1550743887325988,-0.06346061334364803,Oil & Gas Midstream,Energy,INSW
2021Q1,2021,Q1,2021-05-06,2021-03-31,-13365000.0,46756000.0,-6377000.0,-0.48,-3653000.0,-0.07812901018051159,1552052000.0,967763000.0,221400000.0,97727000.0,584289000.0,2271000.0,-289211000.0,543101534.6999999,924554534.6999999,34.533592232178236,2.2654946944037984,0.34640012061451547,0.5555399410806158,-0.0041896312375541275,34.533592232178236,-0.013810199397993104,11.615654348105055,-10.159026088664422,0.5611927038954786,-0.12577628133183688,22.196829590488772,0.003095185508780703,0.030125279307652065,2.14627482681347,-0.008611180553228886,-22.188239355313147,-0.07812901018051159,0.8851674641148325,-1.2321868328797647,-0.6219382541395511,-0.2604889946495145,0.23320738874895047,0.8856607550753278,0.9418930986095165,0.5264975793395362,-0.06572282544784191,-0.05500069425955211,Oil & Gas Midstream,Energy,INSW
2020Q4,2020,Q4,2021-03-12,2020-12-31,-116889000.0,56703000.0,-109746000.0,-4.18,-4764000.0,-0.08401671869213269,1586539000.0,972042000.0,256834000.0,108896000.0,614497000.0,3601000.0,-275846000.0,456285005.27,801577005.27,34.78844510922975,2.3585255656773434,0.3433145986326211,0.5603482154063302,-0.07145647604834866,34.78844510922975,-0.12025097680964403,8.04692882686983,-0.9758938079502776,0.46940873467401606,-0.014364054787020164,17.069425159677866,0.0036797176777844725,0.035740060597312766,2.2703405083749635,-0.0736754659040843,33.220604679286495,-0.08401671869213269,-9.36,-4.243520776891262,-0.5265212965099887,-0.2669792297785238,-1.128496291301416,-9.360560761032831,-5.946187128177393,-0.3401115867321893,-0.1505178582056475,-0.06875499990995053,Oil & Gas Midstream,Energy,INSW
2020Q3,2020,Q3,2020-11-06,2020-09-30,13981000.0,99883000.0,22188000.0,0.5,37075000.0,0.37118428561416855,1712313000.0,1086518000.0,220245000.0,102822000.0,625795000.0,1400000.0,-158957000.0,408100078.08,831386078.0799999,38.89739020556671,2.142002684250452,0.3274085987783775,0.5159840886207131,0.013296689730722257,38.89739020556671,0.01286771134946683,4.085781144739345,7.297405015378014,0.3756036053521432,0.12009155282168657,44.862857142857145,0.004114186911943852,0.05833220912298161,2.076141292719457,0.008164979183128319,6.234723754583231,0.37118428561416855,-0.7767857142857143,-0.718985611245611,-0.20484268561593152,0.0,-0.5282538713084195,-0.7827620497840206,-0.6964581309766474,1.6699860258087214,0.7413041972444179,-0.028387486512986386,Oil & Gas Midstream,Energy,INSW
2020Q2,2020,Q2,2020-08-07,2020-06-30,64358000.0,139725000.0,73097000.0,2.24,78591000.0,0.5624691358024692,1758956000.0,1072053000.0,242232000.0,130545000.0,686903000.0,1878000.0,-172938000.0,465199293.46,952444293.46,37.65557314094722,1.8555440652648512,0.3498143216771767,0.5739529668775705,0.042714246112452336,37.65557314094722,0.060032479737475664,3.3293919732331365,1.807076406429659,0.4339331110122354,0.026150595108611206,32.552715654952074,0.0036178042908930432,0.07943632472898697,1.7920410586387836,0.036588749235341875,6.026131759783411,0.5624691358024692,1.0,0.3820966606867649,0.1531612361313659,0.0,0.34866919499596727,0.9491202035191859,0.2503763256927814,6.679942868709262,0.9911833373435834,-0.07699645129776896,Oil & Gas Midstream,Energy,INSW
2020Q1,2020,Q1,2020-05-07,2020-03-31,33019000.0,125337000.0,58460000.0,1.12,58273000.0,0.46493054724462846,1740728000.0,1029680000.0,215596000.0,132629000.0,711048000.0,3559000.0,-237296000.0,696504325.71,1238468325.71,35.317878571571406,1.6255570048782695,0.3649404157341066,0.616950897366172,0.03456455518976804,35.317878571571406,0.03206724419237045,5.557052791354509,5.2735116577576555,0.676427944322508,0.05236379054483782,18.843495363866253,0.002482396643032329,0.07200263338097623,1.5350820710402702,0.018968500535408175,75.73992232601131,0.46493054724462846,1.0740740740740742,-0.08120994346876173,0.06725648159379163,0.0,0.07582247166118967,1.0778428041029513,0.7568745304282495,0.8291919701603623,0.4134887238810929,-0.14204666218440076,Oil & Gas Midstream,Energy,INSW
2019Q4,2019,Q4,2020-03-03,2019-12-31,15891000.0,124022000.0,33275000.0,0.54,54166000.0,0.4367450936124236,1753501000.0,1022293000.0,187344000.0,114476000.0,731208000.0,3896000.0,-270315000.0,870483065.2800001,1454865065.2800002,34.950064962164404,1.6365351689437087,0.38440411496771315,0.6593540208139936,0.01926343687083605,34.950064962164404,0.015544467192869364,7.018779452677752,13.694592305078347,0.8515005632240464,0.0,17.930184804928132,0.0,0.0707282174347206,1.5501415143785597,0.009062441367298906,50.75111154850747,0.4367450936124236,2.4210526315789473,-0.5787723403264883,-0.010727911574890966,-0.2635737683182813,24.59829867674858,2.4322667868409193,4.90925235304564,1.2742859883207172,0.4408469471309071,-0.13596756566851223,Oil & Gas Midstream,Energy,INSW
2019Q3,2019,Q3,2019-11-07,2019-09-30,-11095000.0,71278000.0,5631000.0,-0.38,2116000.0,0.02968657930918376,1828549000.0,982122000.0,156643000.0,97715000.0,846427000.0,3428000.0,-286206000.0,563340227.58,1276169227.58,33.577700994757706,1.6030599191526378,0.4272305527497486,0.7954327466445106,0.0031329858172719823,33.577700994757706,-0.01129696717923028,7.903423603075283,-12.693560783686348,0.573594958243477,0.0,20.17561260210035,0.0,0.038980634371843466,1.5140868853297855,-0.0060676525485507905,-113.39376561594204,0.02968657930918376,0.33333333333333326,-1.2129705773788175,-0.4581002316612456,0.0,20.236363636363638,0.32851177147007204,68.51851851851852,0.7825504546354513,-0.12032008447455485,-0.20065201398884053,Oil & Gas Midstream,Energy,INSW
2019Q2,2019,Q2,2019-08-08,2019-06-30,-16523000.0,69010000.0,81000.0,-0.57,-110000.0,-0.0015939718881321549,1865209000.0,995338000.0,182754000.0,105500000.0,869871000.0,4110000.0,-275111000.0,565998082.65,1280323082.65,34.06318440114242,1.732265402843602,0.4321161864434495,0.8097621109613016,4.421793217296745e-05,34.06318440114242,-0.01660039102294899,8.201682113461818,-8.563791119197482,0.5686491248701446,0.0,16.817518248175183,0.0,0.036998534748652834,1.6274691943127961,-0.008858524701521384,32.562310588539866,-0.0015939718881321549,-2.5405405405405403,-1.345721537775016,-0.4450809947063843,0.0,-1.0040179712897688,-2.516288886849592,-0.997043148134628,-1.5404661422831745,-0.33184331641244436,-0.27181974128175074,Oil & Gas Midstream,Energy,INSW
2019Q1,2019,Q1,2019-05-09,2019-03-31,10897000.0,101874000.0,27394000.0,0.37,27377000.0,0.2687339262225887,1891070000.0,1017987000.0,192508000.0,100450000.0,873083000.0,4122000.0,-258588000.0,504543518.57,1238989518.57,34.88498926690315,1.9164559482329517,0.4304351504703686,0.7996005842903692,0.014729303215885323,34.88498926690315,0.010704458897805177,4.952623030115633,11.575284908002201,0.49562864611237667,0.0,18.073022804463854,0.0,0.05387108885445806,1.7842409158785466,0.005762346184964068,24.328247194657408,0.2687339262225887,0.5416666666666667,-0.6970553054868389,-0.13332375251378004,0.0,0.008658168152678506,0.5661109514228226,0.10473041093680688,-0.8181977748288942,-0.20893464774117526,-0.2529640904148354,Oil & Gas Midstream,Energy,INSW
2018Q4,2018,Q4,2019-03-12,2018-12-31,6958000.0,100548000.0,24797000.0,0.24,27142000.0,0.26994072482794285,1848601000.0,1009855000.0,167620000.0,75270000.0,838746000.0,3066000.0,-269485000.0,490970671.52,1243324671.52,34.63742171676186,2.2269164341703203,0.4385300018770952,0.8027558411851207,0.013851747460859204,34.63742171676186,0.006890098083388209,4.882948159287107,17.640509899396378,0.48617937379128684,0.0,23.94194390084801,0.0,0.0543914019304328,2.1015278331340506,0.003763927424035798,-17.03517128205128,0.26994072482794285,1.146341463414634,-0.8149606838322465,-0.19535484849620732,-0.2701614152174155,3.0506195225143546,1.145607500104633,1.808167389107975,-0.8149606838322465,-0.19535484849620732,-0.2701614152174155,Oil & Gas Midstream,Energy,INSW
2018Q3,2018,Q3,2018-11-07,2018-09-30,-47786000.0,60926000.0,-30683000.0,-1.64,-13236000.0,-0.21724715228309752,1886706000.0,1008048000.0,180819000.0,104531000.0,878658000.0,3941000.0,-276443000.0,628276587.3000001,1364714587.3000002,34.576227793806254,1.7298122088184367,0.438852158205889,0.8213745774010761,-0.016712622483592142,34.576227793806254,-0.04740448867514245,10.312125977415226,-3.2869281133595614,0.6232605861030427,0.0,18.818066480588683,0.0,0.032292259631336306,1.6322239335699458,-0.025327740517070492,-43.09462839015022,-0.21724715228309752,-1.5230769230769228,-1.920245836095579,-0.535295362228752,0.0,-0.46367355965940504,-1.5423494360502235,-35.22550177095631,-1.920245836095579,-0.535295362228752,0.0,Oil & Gas Midstream,Energy,INSW
2018Q2,2018,Q2,2018-08-08,2018-06-30,-18796000.0,56909000.0,-847000.0,-0.65,-9043000.0,-0.15890280974889737,1946480000.0,1050541000.0,203781000.0,102447000.0,895939000.0,4828000.0,-228657000.0,674073522.2,1396259522.2,36.063601282928424,1.9891358458520014,0.43053563355390245,0.7977118456109756,-0.0004484874799451437,36.063601282928424,-0.017891733878068538,11.844761324219368,-8.965651231645031,0.6416441835206812,0.0,13.660314830157414,0.0,0.029236878878796595,1.8413618749206906,-0.009656405408737825,-5.984795679697419,-0.15890280974889737,0.3564356435643564,-1.3944976270305907,-0.5409711819250956,0.0,0.3588343732274532,0.3588484104243417,0.9538821735816182,-1.3944976270305907,-0.5409711819250956,0.0,Oil & Gas Midstream,Energy,INSW
2018Q1,2018,Q1,2018-05-07,2018-03-31,-29316000.0,51978000.0,-18366000.0,-1.01,-14104000.0,-0.2713455692793105,1612472000.0,1063642000.0,120547000.0,45366000.0,548830000.0,3977000.0,-209861000.0,512268768.00000006,980064768.0,36.54351069085672,2.6572102455583475,0.3232725901597051,0.4900784286442243,-0.011591202805652154,36.54351069085672,-0.02756190522751076,9.855492092808497,-4.368508391322145,0.4816176570688258,0.0,16.616042242896654,0.0,0.03223497834381,2.3539434819027467,-0.01818078081355831,-78.91985333538747,-0.2713455692793105,0.6762820512820513,-1.8171081469979087,-0.5566655013609144,0.0,-157.7111111111111,0.6768518518518518,0.7689229994967287,-1.8171081469979087,-0.5566655013609144,0.0,Oil & Gas Midstream,Energy,INSW
2017Q4,2017,Q4,2018-03-12,2017-12-31,-90720000.0,69426000.0,-79480000.0,-3.12,90000.0,0.0012963443090484833,1664484000.0,1085654000.0,131792000.0,47235000.0,578830000.0,3270000.0,-180545000.0,536478188.22,1029388188.22,37.356920150836544,2.790134434211919,0.33219724551272345,0.50931235918626,-0.04851203928381687,37.356920150836544,-0.08356253465652962,7.727338291418201,-1.4783900689484126,0.4941520854894838,0.0,21.20366972477064,0.0,0.04171022370896926,2.5960622419815813,-0.05450337762333552,-9.69947908551799,0.0012963443090484833,-3.16,-3.420336342886537,-0.4426266542933003,-0.21285937626446894,1.0081139560043275,-3.1584158415841586,-6.256459417511184,-3.420336342886537,-0.4426266542933003,-0.21285937626446894,Oil & Gas Midstream,Energy,INSW
2017Q3,2017,Q3,2017-11-09,2017-09-30,-21816000.0,59968000.0,-10953000.0,-0.75,-11092000.0,-0.18496531483457845,1724325000.0,1169086000.0,144576000.0,38245000.0,555239000.0,1659000.0,-89825000.0,575288008.9,1027596008.9,40.033850599523596,3.780258857366976,0.3048717614138866,0.44966580730587824,-0.006469591186392335,40.033850599523596,-0.018660731545840085,9.593249881603521,-6.592501018747709,0.49208356690611293,0.0,42.833031946956,0.0,0.03477766662317139,3.5759445679173747,-0.012651907268061416,-5.366993272693348,-0.18496531483457845,-0.8749999999999999,-1.4194332089466857,-0.5433553105526361,0.0,-3.940615058324496,-0.8776142525174283,-3.594882729211087,-1.4194332089466857,-0.5433553105526361,0.0,Oil & Gas Midstream,Energy,INSW
2017Q2,2017,Q2,2017-08-09,2017-06-30,-11619000.0,71957000.0,4221000.0,-0.4,3772000.0,0.0524201953944717,1701090000.0,1191031000.0,198191000.0,52321000.0,510059000.0,1556000.0,-68009000.0,632639180.8000001,986913180.8000001,40.79678046080323,3.787981881080255,0.2795290078714236,0.3992372994489648,0.0025336723426376685,40.79678046080323,-0.00975541358705189,8.79190601053407,-13.612169308890612,0.5311693657008089,0.0,43.8206940874036,0.0,0.04230052495752723,3.587163853901875,-0.006830326437754616,-24.224198989125444,0.0524201953944717,-1.6451612903225807,-1.2433293243671022,-0.42086636900558533,0.0,-0.815432793462837,-1.643106215752477,-0.8433766233766233,-1.2433293243671022,-0.42086636900558533,0.0,Oil & Gas Midstream,Energy,INSW
2017Q1,2017,Q1,2017-05-10,2017-03-31,18067000.0,88750000.0,26950000.0,0.62,20437000.0,0.23027605633802817,1683329000.0,1201213000.0,184761000.0,60509000.0,482116000.0,1391000.0,-56390000.0,557926475.6,896759475.6,41.16526740427731,3.0534465947214464,0.2613274053972812,0.3662131528713059,0.016418147099643798,41.16526740427731,0.01504062976341415,6.28649549971831,7.720242370066973,0.4644692286880013,0.0,49.110711718188355,0.0,0.052722907999565145,2.8487001933596656,0.010732898916373449,51.421794986175115,0.23027605633802817,1.3131313131313131,-0.49770714527535925,-0.24494871196187018,0.0,0.37920097179106493,1.3128105684159497,1.5643624484325591,-0.49770714527535925,-0.24494871196187018,0.0,Oil & Gas Midstream,Energy,INSW
2016Q4,2016,Q4,2017-03-31,2016-12-31,-57757000.0,85810000.0,-47753000.0,-1.98,14818000.0,0.17268383638270599,1662521000.0,1179512000.0,170909000.0,45103000.0,483009000.0,1338000.0,-74457000.0,409403479.67999995,757053479.68,40.44994559631976,3.789304480854932,0.2644483889226061,0.3727397432158384,-0.02963761778784187,40.44994559631976,-0.04896686087127558,4.771046261274909,-1.7720946364942776,0.34709564606379584,0.0,53.05829596412556,0.0,0.051614385622798145,3.6410216615302753,-0.03474061380277302,-24.645044526848057,0.17268383638270599,-0.1350392935698878,-2.5357243082391028,-0.31340931776619196,-0.1476868200538091,0.25832201086956524,-0.1355628956785026,-0.35392685001417634,-2.5357243082391028,-0.31340931776619196,-0.1476868200538091,Oil & Gas Midstream,Energy,INSW
2016Q3,2016,Q3,2016-12-05,2016-09-30,-50862000.0,80771000.0,-35270000.0,-1.744433,11776000.0,0.14579490163548797,1709311000.0,1224769000.0,170527000.0,44193000.0,484542000.0,1195000.0,-16700000.0,288651825.0,617883825.0,42.006362163135464,3.85868802751567,0.2570567907185995,0.3587533649202421,-0.02118555772088856,42.006362163135464,-0.041527830962410056,3.5737062188161595,-1.418799029727498,0.23567858510461975,-1.9661043608194724,57.73640167364017,0.34643813528634365,0.047253542509233255,3.692734143416378,-0.029755848994126873,37.20219422606006,0.14579490163548797,-2.667321067929336,-1.9794022655774133,-0.3839807425692218,0.0,-0.6895824546604808,-2.6672785681505276,-1.8589031755308787,-1.9794022655774133,-0.3839807425692218,0.0,Oil & Gas Midstream,Energy,INSW
2016Q2,2016,Q2,2016-06-30,2016-06-30,30506000.0,103062000.0,41064000.0,1.046249,37936000.0,0.3680891114086666,1925683000.0,1363944000.0,341630000.0,40357000.0,561739000.0,255000.0,80977000.0,288659190.6,529615190.6,46.77850572480612,8.465198106895954,0.26998265031160373,0.38117474031191895,0.02167505214399949,46.77850572480612,0.02236602089235335,2.800830476800373,2.3655935766734415,0.21163566143478033,0.9834130990624795,255.39607843137256,0.10392878860930334,0.05351971222677876,8.2544044403697,0.01584165202683931,5.511708367066372,0.3680891114086666,-0.49063274549334307,-0.3603271126022227,-0.16947773041186853,0.0,-0.3808894328845369,-0.4906328268492236,-0.3657971551684196,-0.3603271126022227,-0.16947773041186853,0.0,Oil & Gas Midstream,Energy,INSW
2016Q1,2016,Q1,2016-03-31,2016-03-31,59890000.0,128676000.0,64749000.0,2.054017,61275000.0,0.4761960272311853,1932789000.0,1361593000.0,313197000.0,40438000.0,571196000.0,130000.0,80471000.0,288659190.6,577905190.6,46.69787465273936,7.745115980018794,0.2735249424536253,0.38827020996729567,0.03425174844320817,46.69787465273936,0.043985243754925296,2.2433024853119465,1.2049557129737853,0.21200108299616702,1.2022040407413592,518.4692307692308,0.24942909266232796,0.0665752961135437,7.485731242890351,0.03098631045603012,4.102953500867044,0.4761960272311853,0.5925647065201829,0.6663420605993153,0.09558109833971906,0.0,0.25276005888125613,0.5925650162208158,0.2964320038443056,0.6663420605993153,0.09558109833971906,0.0,Oil & Gas Midstream,Energy,INSW
2015Q4,2015,Q4,2015-12-31,2015-12-31,37606000.0,124970000.0,49944000.0,1.2897541880656822,48912000.0,0.39138993358406016,2029950000.0,1383786000.0,396736000.0,48417000.0,646164000.0,3396000.0,92581000.0,288659190.6,575023190.6,47.45901688258943,8.194146684015944,0.29322003005000125,0.4301402095410707,0.025067573915083716,47.45901688258943,0.027176167413169378,2.3098278834920385,1.918970314577461,0.20860103411943753,0.0,22.396348645465253,0.0,0.061563092687011996,8.01935270669393,0.018525579447769648,6.027294550238036,0.39138993358406016,-0.2758746249182075,0.0,0.0,0.0,-0.2100520042637036,-0.2758746846898889,-0.21913696060037524,0.0,0.0,0.0,Oil & Gas Midstream,Energy,INSW
2015Q3,2015,Q3,2015-09-30,2015-09-30,51933000.0,131121000.0,63960000.0,1.78112,61918000.0,0.4722203155863668,,,,,,,,288659190.6,,,0.0,0.0,0.0,0.0,,0.0,2.201471851190885,1.3895749841141471,0.0,0.0,0.0,0.0,0.0,0.0,0.0,4.041430739936997,0.4722203155863668,0.08897034416607258,0.0,0.0,0.0,0.08643318360471645,0.08897043405326065,0.07484959499882365,0.0,0.0,0.0,Oil & Gas Midstream,Energy,INSW
2015Q2,2015,Q2,2015-06-30,2015-06-30,47690000.0,124093000.0,59506000.0,1.635600096496633,56992000.0,0.4592684518868913,,,,,,,,288659190.6,,,0.0,0.0,0.0,0.0,,0.0,2.326152084323854,1.5132060736003357,0.0,0.0,0.0,0.0,0.0,0.0,0.0,6.477262214742511,0.4592684518868913,0.326896336835514,0.0,0.0,0.0,0.2501535491796087,0.32689685874071395,0.22786455646575737,0.0,0.0,0.0,Oil & Gas Midstream,Energy,INSW
2015Q1,2015,Q1,2015-03-31,2015-03-31,35941000.0,117450000.0,48463000.0,1.232651,45588000.0,0.38814814814814813,,,,,,,,288659190.6,,,0.0,0.0,0.0,0.0,,0.0,2.457719800766284,2.0078683856876545,0.0,0.0,0.0,0.0,0.0,0.0,0.0,4.9860810564316935,0.38814814814814813,0.0,0.0,0.0,0.0,0.0,0.0,0.0,0.0,0.0,0.0,Oil & Gas Midstream,Energy,INSW
