Quarters,Year,Quarter,FillingDate,Date,NetIncome,Revenue,OperatingIncome,EPSDiluted,GrossProfit,GrossProfitRatio,TotalAssets,CommonStockEquity,CurrentAssets,CurrentLiability,TotalLiability,Inventory,RetainedEarnings,MarketCap,EnterpriseValue,bookValuePerShare,currentRatio,debtToAssets,debtToEquity,roic,shareholdersEquityPerShare,roe,priceToSalesRatio,peRatio,pbRatio,payoutRatio,inventoryTurnover,dividendYield,assetTurnover,quickRatio,returnOnAssets,priceToFreeCashFlowsRatio,grossProfitMargin,epsdilutedGrowth,fiveYNetIncomeGrowthPerShare,fiveYRevenueGrowthPerShare,fiveYShareholdersEquityGrowthPerShare,grossProfitGrowth,netIncomeGrowth,operatingIncomeGrowth,threeYNetIncomeGrowthPerShare,threeYRevenueGrowthPerShare,threeYShareholdersEquityGrowthPerShare,Industry,Sector,Symbol
2023Q1,2023,Q1,2023-05-12,2023-03-31,-6977000.0,0.0,-5483000.0,-3.22,0.0,0.0,7200000.0,-16293000.0,6403000.0,19460000.0,23493000.0,0.0,-280618000.0,5437553.56,6769553.56,-7.520924538718475,0.3290339157245632,0.8661111111111112,-0.3827410544405573,0.6543512299888201,-7.520924538718475,0.42822070827962927,0.0,-0.19483852515407768,-0.33373556496655,0.0,0.0,0.0,0.0,0.2520041109969168,-0.9690277777777778,-0.7979972938068681,0.0,-0.11805555555555566,0.7420084816384747,0.0,-1.3832825548781311,0.0,-0.11685609092364335,0.09041141340411414,0.7686366631648996,0.0,-1.2869666517371496,Biotechnology,Healthcare,ELOX
2022Q4,2022,Q4,2023-03-31,2022-12-31,-6247000.0,0.0,-6028000.0,-2.88,0.0,0.0,21123000.0,-10660000.0,20129000.0,23091000.0,31783000.0,0.0,-274388000.0,3942767.92,-1880232.08,-4.920705553473206,0.8717249144688407,0.6336221180703498,-1.2555347091932458,-1.6688086571021532,-4.920705553473206,0.5860225140712946,0.0,-0.15778645429806307,-0.3698656585365854,0.0,0.0,0.0,0.0,0.8317959378112685,-0.2957439757610188,-0.6942715125902448,0.0,0.16763005780346824,0.8127443820735967,0.0,-1.1029477974147397,0.0,0.16628853596690243,0.15597871744609354,0.7522096305372141,0.0,-1.1358188380962564,Biotechnology,Healthcare,ELOX
2022Q3,2022,Q3,2022-11-10,2022-09-30,-7493000.0,0.0,-7142000.0,-3.46,0.0,0.0,26879000.0,-4982000.0,25671000.0,21680000.0,31861000.0,0.0,-268069000.0,14731554.0,3586554.0,-2.2996623438369097,1.1840867158671586,0.4988652851668589,-2.6914893617021276,-0.7548163952167707,-2.2996623438369097,1.5040144520272982,0.0,-0.4915105431736287,-2.9569558410276993,0.0,0.0,0.0,0.0,1.1325645756457565,-0.27876781130250383,-2.106313125536174,0.0,0.28512396694214875,0.8584545966973978,0.0,-1.0359719207152855,0.0,0.28474608629247805,0.30633255633255635,0.7298043609358521,0.0,-1.0507752103531947,Biotechnology,Healthcare,ELOX
2022Q2,2022,Q2,2022-08-12,2022-06-30,-10476000.0,0.0,-10296000.0,-4.84,0.0,0.0,32941000.0,1812000.0,31592000.0,19504000.0,31129000.0,0.0,-260561000.0,23396612.400000002,6784612.400000002,0.8364287814589774,1.6197703035274815,0.4078807565040527,7.415011037527594,-0.6182779228464806,0.8364287814589774,-5.781456953642384,0.0,-0.5583384020618557,12.912037748344371,0.0,0.0,0.0,0.0,1.5406070549630846,-0.31802313226678,-2.398668484724216,0.0,0.11839708561020043,0.5235737480025046,0.0,-0.9502197731436102,0.0,0.1194418761032193,0.0599835661462613,0.6937237677161241,0.0,-0.9862630234436629,Biotechnology,Healthcare,ELOX
2022Q1,2022,Q1,2022-05-06,2022-03-31,-11897000.0,0.0,-10953000.0,-5.49,0.0,0.0,43618000.0,11686000.0,42147000.0,19174000.0,31932000.0,0.0,-249943000.0,48515894.9,22152894.9,5.394513623616577,2.1981328882862208,0.3073272502178,1.147099092931713,-0.42516302373147863,5.394513623616577,-1.0180557932568886,0.0,-1.0194985059258637,4.151625440698272,0.0,0.0,0.0,0.0,2.0740586210493377,-0.272754367462974,-5.105861387076405,0.0,0.017889087656529454,0.9707174468875972,0.0,-0.9386359781495349,0.0,0.014006298690535388,0.05853532748839608,0.5841780886788982,0.0,-0.8593512917061098,Biotechnology,Healthcare,ELOX
2021Q4,2021,Q4,2022-03-30,2021-12-31,-12066000.0,0.0,-11634000.0,-5.59,0.0,0.0,45139000.0,22384000.0,43480000.0,9955000.0,22755000.0,0.0,-238323000.0,61006019.184,32195019.184,10.364604025266964,4.367654445002511,0.29812357384966437,0.6011883488205861,-0.31126763205506713,10.364604025266964,-0.5390457469621158,0.0,-1.2640066961710592,2.725429734810579,0.0,0.0,0.0,0.0,4.245906579608237,-0.26730764970424686,-6.130642064516129,0.0,-0.29099307159353344,0.8173015171292297,0.0,-0.9058200510327385,0.0,-0.2206373292867982,-0.1355783308931186,0.6371964608682089,0.0,-0.7831585036166119,Biotechnology,Healthcare,ELOX
2021Q3,2021,Q3,2021-11-08,2021-09-30,-9885000.0,0.0,-10245000.0,-4.33,0.0,0.0,55383000.0,32998000.0,53542000.0,9510000.0,22385000.0,0.0,-226233000.0,140520213.6,101630213.6,15.310748147055193,5.630073606729758,0.24451546503439683,0.4103885083944481,-0.2008893834178057,15.310748147055193,-0.2995636099157525,0.0,-3.553874901365706,4.258446378568398,0.0,0.0,0.0,0.0,5.51335436382755,-0.17848437246086343,-18.518741908276226,0.0,0.8007363092498849,0.874132255521458,0.0,-0.8918133657361955,0.0,0.7259343462348896,0.7132581376472893,0.633834290533912,0.0,-0.7395991540316541,Biotechnology,Healthcare,ELOX
2021Q2,2021,Q2,2021-08-16,2021-06-30,-36068000.0,0.0,-35729000.0,-21.73,0.0,0.0,60610000.0,40643000.0,58559000.0,15210000.0,19967000.0,0.0,-216348000.0,132115781.6,86577781.6,24.487481819507323,3.850032873109796,0.18472199307045042,0.275471790960313,-0.6653803388090545,24.487481819507323,-0.8874344905641808,0.0,-0.9157409726072974,3.250640494058017,0.0,0.0,0.0,0.0,3.7300460223537146,-0.595083319584227,-13.485330366438705,0.0,-1.5063437139561708,0.5169846075673743,0.0,-0.8624388664495831,0.0,-3.139086527427129,-3.2463750891371523,-0.3366124328212846,0.0,-0.6748432203299768,Biotechnology,Healthcare,ELOX
2021Q1,2021,Q1,2021-05-07,2021-03-31,-8714000.0,0.0,-8414000.0,-8.67,0.0,0.0,20366000.0,2750000.0,19960000.0,12693000.0,17616000.0,0.0,-180290000.0,133397998.4,125915998.4,2.7376722618050917,1.5725202867722368,0.5285770401649809,3.9145454545454546,-0.6108914072884278,2.7376722618050917,-3.168727272727273,0.0,-3.8271172366307096,48.508363054545455,0.0,0.0,0.0,0.0,1.4375640116599702,-0.4278699793773937,-17.358230110605074,0.0,-0.4143556280587276,0.9280871599083409,0.0,-0.9876147907562423,0.0,-0.4159896002599935,-0.4491904925938684,0.3050831389224871,0.0,-0.8604823099179183,Biotechnology,Healthcare,ELOX
2020Q4,2020,Q4,2021-03-12,2020-12-31,-6154000.0,0.0,-5806000.0,-6.13,0.0,0.0,26477000.0,10230000.0,25893000.0,9838000.0,16247000.0,0.0,-171596000.0,159811009.6,147180009.6,10.1908873742576,2.6319373856474892,0.45462099180420745,1.1766373411534703,-0.25702258545940737,10.1908873742576,-0.601564027370479,0.0,-6.492159961000975,15.621799569892472,0.0,0.0,0.0,0.0,2.5074202073592193,-0.23242814518261132,-34.23543479005998,0.0,0.07261724659606662,0.9594129099578292,-1.0,-0.9701851057537647,0.0,0.07235453723243895,0.0778271918678526,0.6019047125702981,0.0,-0.7867928902713988,Biotechnology,Healthcare,ELOX
2020Q3,2020,Q3,2020-11-06,2020-09-30,-6634000.0,0.0,-6296000.0,-6.61,0.0,0.0,32942000.0,15078000.0,32212000.0,9985000.0,17864000.0,0.0,-165469000.0,105573880.8,88273880.8,15.0246025624929,3.2260390585878818,0.4034970554307571,0.8815492770924526,-0.21824822992980852,15.0246025624929,-0.4399787770261308,0.0,-3.9785152547482667,7.00184910465579,0.0,0.0,0.0,0.0,3.0673009514271405,-0.201384251108008,-20.07871449220236,0.0,0.16116751269035529,0.08535577826627636,-1.0,-0.9699535342360964,0.0,0.16131479140328697,0.17005009227524387,0.7294706383063865,0.0,-0.7649812314381237,Biotechnology,Healthcare,ELOX
2020Q2,2020,Q2,2020-08-07,2020-06-30,-7910000.0,0.0,-7586000.0,-7.88,0.0,0.0,39921000.0,20291000.0,38968000.0,10771000.0,19630000.0,0.0,-158852000.0,121591718.4,105776718.4,20.22563076137922,3.6178627796861944,0.3640189374013677,0.7161795870090187,-0.21430122884481398,20.22563076137922,-0.38982800256271255,0.0,-3.842974664981037,5.992396550194668,0.0,0.0,0.0,0.0,3.446012440813295,-0.19814132912502191,-19.25138036732109,0.0,0.5602678571428572,-1.0207230826104412,-1.0,-0.9586248591116896,0.0,0.43281227592141114,0.4489721798503668,0.22320838995656753,0.0,0.2037324754162766,Biotechnology,Healthcare,ELOX
2020Q1,2020,Q1,2020-05-08,2020-03-31,-13946000.0,0.0,-13767000.0,-17.92,0.0,0.0,47041000.0,26257000.0,45927000.0,11084000.0,20784000.0,0.0,-150965000.0,78545510.4,67649510.4,26.208357288871852,4.143540238181162,0.3184243532237835,0.5704764443767376,-0.4213605521516704,26.208357288871852,-0.5311345545949652,0.0,-1.408029370428797,2.9914122100773133,0.0,0.0,0.0,0.0,3.96770119090581,-0.29646478603771176,-6.587177993961759,0.0,-0.5395189003436427,0.8027467507289054,-1.0,-0.9591952975859482,0.0,-0.19893397524071527,-0.1983809192200557,0.925778551929378,0.0,-0.7018729914225464,Biotechnology,Healthcare,ELOX
2019Q4,2019,Q4,2020-03-06,2019-12-31,-11632000.0,0.0,-11488000.0,-11.64,0.0,0.0,58947000.0,36213000.0,57709000.0,11807000.0,22734000.0,0.0,-137019000.0,294262515.2,287531515.2,36.229919372346885,4.887693741001101,0.2673927426332129,0.4352580564990473,-0.21714989819354868,36.229919372346885,-0.3212106149725237,0.0,-6.32441788170564,8.125880628503575,0.0,0.0,0.0,0.0,4.766325061404252,-0.19732980473985104,-31.788107939937344,0.0,0.09062500000000001,0.9925258952264038,0.0,-0.9474022563652361,0.0,0.09004146131581006,0.1010251193364113,0.6194481313513835,0.0,-0.6707899357025614,Biotechnology,Healthcare,ELOX
2019Q3,2019,Q3,2019-11-06,2019-09-30,-12783000.0,0.0,-12779000.0,-12.8,0.0,0.0,68057000.0,45228000.0,66854000.0,11227000.0,22829000.0,0.0,-125386000.0,180548326.4,173944326.4,45.291045134827684,5.954751937294024,0.22849964000764064,0.34383567701423895,-0.20580521955883346,45.291045134827684,-0.2826346511010878,0.0,-3.5310241414378476,3.9919591049792165,0.0,0.0,0.0,0.0,5.819809388082302,-0.18782785018440426,-15.91294962101181,0.0,0.18936035465484474,0.9773052822016944,0.0,-0.9650545816158009,0.0,0.10733240223463687,0.10705052057857592,0.6487092375768189,0.0,-0.6799708486897494,Biotechnology,Healthcare,ELOX
2019Q2,2019,Q2,2019-08-07,2019-06-30,-14320000.0,0.0,-14311000.0,-15.79,0.0,0.0,79039000.0,55224000.0,77736000.0,10993000.0,23815000.0,0.0,-112511000.0,359520529.59999996,325720529.59999996,60.88885556648334,7.0714090785045025,0.1964346714912891,0.2811458786035057,-0.1977060184499622,60.88885556648334,-0.25930754744314066,0.0,-6.276545558659217,6.510222540924236,0.0,0.0,0.0,0.0,6.940689529700719,-0.18117638128012753,-37.35666350789692,0.0,-0.1953065859197576,0.964742065595194,0.0,-0.9616658368492285,0.0,-0.20772539428185882,-0.1948735075561493,0.6490594847128144,0.0,-0.6579501292108938,Biotechnology,Healthcare,ELOX
2019Q1,2019,Q1,2019-05-09,2019-03-31,-11857000.0,0.0,-11977000.0,-13.21,0.0,0.0,56891000.0,34433000.0,55460000.0,8424000.0,22458000.0,0.0,-98062000.0,402194688.0,373117688.0,38.354519490819335,6.583570750237417,0.2724332495473801,0.4501205239160108,-0.23348677280747593,38.354519490819335,-0.34434989690122847,0.0,-8.480110651935565,11.680500914820085,0.0,0.0,0.0,0.0,6.351377018043685,-0.20841609393401417,-43.697814863103,0.0,0.14220779220779217,0.9560818487930426,0.0,-0.9716115395984928,0.0,0.1423508137432188,0.15140994756978887,0.8905144947275454,0.0,-0.8264844349833284,Biotechnology,Healthcare,ELOX
2018Q4,2018,Q4,2019-03-14,2018-12-31,-13825000.0,0.0,-14114000.0,-15.4,0.0,0.0,50718000.0,42911000.0,50341000.0,7807000.0,7807000.0,0.0,-86145000.0,431281982.4,382675982.4,47.7980653986161,6.448187524016908,0.0,0.0,-0.3270209865730556,47.7980653986161,-0.3221784623989187,0.0,-7.798950857142857,10.050615981916058,0.0,0.0,0.0,0.0,6.225951069552965,-0.27258566978193144,-47.07290792403405,0.0,-0.22905027932960903,0.9598489310272705,0.0,-0.97335846144148,0.0,-0.2611749680715198,-0.24242957746478874,0.8980467960215732,-1.0,-0.8601599436145084,Biotechnology,Healthcare,ELOX
2018Q3,2018,Q3,2018-11-08,2018-09-30,-10962000.0,0.0,-11360000.0,-12.53,0.0,0.0,56535000.0,51456000.0,56138000.0,5079000.0,5079000.0,0.0,-72118000.0,583549353.1999999,528213353.1999999,58.79684488012899,11.052963181728687,0.0,0.0,-0.21683480723788992,58.79684488012899,-0.21303638059701493,0.0,-13.308459979930667,11.340744581778605,0.0,0.0,0.0,0.0,10.895058082299665,-0.19389758556646325,-71.76846060755133,0.0,0.22939729397293984,0.9837119783789166,-1.0,-0.9199192909367733,0.0,0.15253189022033242,0.16119028280292402,-0.7331065796786623,-1.0,-0.8824170303761281,Biotechnology,Healthcare,ELOX
2018Q2,2018,Q2,2018-08-10,2018-06-30,-12935000.0,0.0,-13543000.0,-16.26,0.0,0.0,64363000.0,59916000.0,63970000.0,4356000.0,4447000.0,0.0,-60957000.0,543231583.1999999,479819583.1999999,75.30976855029073,14.685491276400366,0.0,0.0,-0.21809177360712376,75.30976855029073,-0.21588557313572335,0.0,-10.499257502899109,9.066552894051672,0.0,0.0,0.0,0.0,14.557392102846649,-0.20096950111088668,-63.498723927527756,0.0,0.12486544671689973,0.9876615519639255,0.0,-0.9426335105799664,0.0,-0.5056454429053661,-0.5843472157229761,-1.042732094974485,-1.0,-0.8459404148727848,Biotechnology,Healthcare,ELOX
2018Q1,2018,Q1,2018-05-10,2018-03-31,-8591000.0,0.0,-8548000.0,-18.58,0.0,0.0,19155000.0,13504000.0,18841000.0,5651000.0,5651000.0,0.0,-47552000.0,264266112.0,245976112.0,19.6224024365258,3.3341001592638473,0.0,0.0,-0.9421651378247157,19.6224024365258,-0.6361818720379147,0.0,-7.690202304737516,19.5694691943128,0.0,0.0,0.0,0.0,3.2365952928685187,-0.44849908640041763,-45.92737434827946,0.0,0.0,0.9464150906041577,0.0,-0.9892865975642253,0.0,0.0,0.0,0.8231059290523862,-1.0,-0.9694491996104169,Biotechnology,Healthcare,ELOX
2017Q3,2017,Q3,2017-11-14,2017-09-30,-1266978.0,0.0,-627449.0,-34.31,0.0,0.0,6591027.0,3314738.0,1038456.0,1076289.0,3276289.0,0.0,-123205572.0,11614400.0,11368861.0,63.929373191899714,0.9648486605363429,0.10807648034213788,0.21489933744386433,-0.2187841324351086,63.929373191899714,-0.3822256842018887,0.0,-2.2917525008326898,3.5038666706086574,0.0,0.0,0.0,0.0,0.8899784351600731,-0.19222770594021235,-20.187581258560392,0.0,-2.3802955665024634,0.9886477398214545,0.0,-0.967347458316151,0.0,-1.4074081815297093,-0.17728435182179625,0.9566781143306763,0.0,-0.9506737217792175,Biotechnology,Healthcare,ELOX
2017Q2,2017,Q2,2017-10-13,2017-06-30,-526283.0,0.0,-532963.0,-10.15,0.0,0.0,5845200.0,871206.0,284421.0,2773994.0,4973994.0,0.0,-121824326.0,11199600.0,11573524.0,16.802430086788814,0.1025312239319912,0.06965065352768084,0.46730853552431917,-0.10933096299748954,16.802430086788814,-0.6040856008797001,0.0,-5.320141444812013,12.85528336581704,0.0,0.0,0.0,0.0,0.011967581761171797,-0.0900367823171149,-22.013869232946504,0.0,0.945881098373767,0.9902675834448184,0.0,-0.9934649636184365,0.0,0.904560636510263,-0.5588772964324679,0.9773340212418169,0.0,-0.9894215929945817,Biotechnology,Healthcare,ELOX
2017Q1,2017,Q1,2017-05-22,2017-03-31,-5514318.0,0.0,-341889.0,-187.55,0.0,0.0,5842205.0,2584731.0,272259.0,1057474.0,3257474.0,0.0,-119453761.0,3998672.0,4013541.0,87.91004013332426,0.25746164917529885,0.04395925853337909,0.09936004945969232,-0.32113274321450525,87.91004013332426,-2.133420460388334,0.0,-0.1812858815904342,1.547036035858277,0.0,0.0,0.0,0.0,0.22879995158273395,-0.943876156348502,-9.818884548046253,0.0,-5.1330935251798575,0.7883762968475602,0.0,-0.9787632252299467,0.0,-5.98164290841965,-2.9766140362034377,0.37634776904643763,0.0,-0.9349325522428419,Biotechnology,Healthcare,ELOX
2016Q4,2016,Q4,2017-02-10,2016-12-31,-789831.0,0.0,172967.0,-30.58,0.0,0.0,5806597.0,2842399.0,199752.0,764198.0,2964198.0,0.0,-117378750.0,2892736.0,3043543.0,110.05106860771257,0.2613877555293262,0.051665373023132136,0.1055446473208019,0.03653850891595225,110.05106860771257,-0.2778747811267876,0.0,-0.9156186576622087,1.0177093363739573,0.0,0.0,0.0,0.0,0.1952282000214604,-0.1360230441341116,-6.606365801800074,0.0,0.16081229418221735,0.9802891192911648,-1.0,-0.9607693339162414,0.0,0.15397337338002115,2.264575429854859,0.92026781123555,0.0,-0.9386600741417539,Biotechnology,Healthcare,ELOX
2016Q3,2016,Q3,2016-11-14,2016-09-30,-933577.0,0.0,52983.0,-36.44,0.0,0.0,7012600.0,3625784.0,375911.0,467270.0,3386816.0,0.0,-116573138.0,3689280.0,3402216.0,141.52162373145978,0.8044834892032444,0.0,0.0,0.008669554112106386,141.52162373145978,-0.25748279544506786,0.0,-0.987942076550729,1.017512350432348,0.0,0.0,0.0,0.0,0.6143428852697583,-0.13312851153637736,-6.430184890822388,0.0,0.19004223160702388,0.9526983294740848,0.0,-0.9641619938225957,0.0,0.19006240386308804,1.0379394149440464,0.9526160175715249,-1.0,-0.8072489774017683,Biotechnology,Healthcare,ELOX
2016Q2,2016,Q2,2016-10-13,2016-06-30,-1152653.0,0.0,-1396516.0,-44.99,0.0,0.0,9225952.0,4560658.0,982628.0,368991.0,4665294.0,0.0,-115630059.0,4509120.0,3698312.0,178.01163153786104,2.663013461032925,0.0,0.0,-0.24636328206067995,178.01163153786104,-0.25273831100687666,0.0,-0.9779873040715636,0.9886994376688627,0.0,0.0,0.0,0.0,2.1973652473908576,-0.12493594157004069,-6.308349631917805,0.0,0.627041366160988,0.9909779036792391,0.0,-0.9607523990762714,0.0,0.6256542062600495,-1.839754540725975,0.9658567339569059,0.0,-0.8644013575683709,Biotechnology,Healthcare,ELOX
2016Q1,2016,Q1,2016-05-12,2016-03-31,-3079113.0,0.0,1663005.0,-120.63,0.0,0.0,10559815.0,5642140.0,1603685.0,377347.0,4917675.0,0.0,-114470236.0,5513400.0,3987806.0,221.04368266405484,4.249894659292376,0.0,0.0,0.260859579219901,221.04368266405484,-0.5457349516318276,0.0,-0.44764514975579006,0.9771824166007933,0.0,0.0,0.0,0.0,4.0429472077424755,-0.2915877787631696,-6.55593064749536,0.0,0.6809236629106491,0.919538700706125,0.0,-0.9696256866432478,-1.0,0.20135471621768836,-0.1423914674653799,0.48219181733025857,0.0,-0.8793149852100896,Biotechnology,Healthcare,ELOX
2015Q4,2015,Q4,2016-02-16,2015-12-31,-3855420.0,37500.0,1939119.0,-378.06,37500.0,1.0,15643954.0,8724579.0,2687934.0,569155.0,6919375.0,0.0,-111381622.0,8168000.0,5801427.0,341.80524975514203,4.722674842529715,0.0,0.0,0.5563111440683017,341.80524975514203,-0.44190327120655337,217.81333333333333,-0.529643981719242,0.9362056323863879,0.0,0.0,0.0,0.00239709219293281,4.158046577821508,-0.24644792486605369,-8.264730404656095,1.0,-6.3701704545454545,0.8250433165482242,0.0,-0.9559919282183362,0.0,-20.330950576232553,2.6842045379535087,0.8174316281938445,0.0,-0.683917028958701,Biotechnology,Healthcare,ELOX
2015Q3,2015,Q3,2015-11-16,2015-09-30,-180743.0,37500.0,-1151356.0,70.4,37500.0,1.0,19439731.0,12505140.0,3654155.0,675492.0,6934591.0,0.0,-107512088.0,11803776.0,8448907.0,500.04558541266795,5.409619951087504,0.0,0.0,0.8967913683892795,500.04558541266795,-0.014453496722147853,314.76736,-16.326740178042858,0.9439139425868083,0.0,0.0,0.0,0.0019290390386574794,4.966556228645195,-0.009297608079041834,-10.425945586907789,1.0,-0.8149657003180277,0.9957270738009831,0.0,-0.9443144471231883,0.0,-1.0189959832055342,-0.2527988840371393,0.9966422794493138,0.0,-0.7445969120876554,Biotechnology,Healthcare,ELOX
2015Q2,2015,Q2,2015-10-09,2015-06-30,9514801.0,37500.0,-919027.0,380.47,37500.0,1.0,19547395.0,12224794.0,3729726.0,778516.0,7322601.0,0.0,-107182976.0,19206144.0,15871518.0,488.8353326935381,4.790814832322008,0.0,0.0,0.7888328297919387,488.8353326935381,0.7783199455140103,512.16384,0.5046386151428706,1.5710811977690584,0.0,0.0,0.0,0.0019184141927863021,4.283310811852293,0.4867554474649947,-7.916605456258671,1.0,6.3913844409805876,1.0290051515561631,0.0,-0.9508164901956302,0.0,8.727851303772228,0.24977081539108323,1.364813462727972,0.0,-0.8098753176031525,Biotechnology,Healthcare,ELOX
2015Q1,2015,Q1,2015-05-14,2015-03-31,-1231235.0,37500.0,-1224995.0,-70.57,37500.0,1.0,16919756.0,11205993.0,598147.0,1655519.0,5713763.0,0.0,-105478850.0,8932864.0,8462884.0,642.2876712328767,0.36130482344207465,0.0,0.0,-0.10968666038201921,642.2876712328767,-0.10987290461452189,238.20970666666668,-1.8138015894609882,0.7971505961140615,0.0,0.0,0.0,0.0022163440181997896,0.2838868052858348,-0.07276907539328581,-5.455277403216666,1.0,0.9546765316018317,0.9967646074326938,0.0,0.48293466525551637,0.0,0.9543785440892418,-1.2228556198959033,0.9203713107282983,0.0,-0.8448400365775287,Biotechnology,Healthcare,ELOX
2014Q4,2014,Q4,2015-02-17,2014-12-31,-26988069.0,0.0,5496810.0,-1557.03,0.0,0.0,18553376.0,11939166.0,2373814.0,2549258.0,6614210.0,0.0,-104242423.0,11370448.0,9262996.0,688.8112848324006,0.9311784056380327,0.0,0.0,1.1562628653371514,688.8112848324006,-2.2604651782209912,0.0,-0.10532846940624023,0.9523653494724842,0.0,0.0,0.0,0.0,0.9066822581315818,-1.4546176932974355,-6.573702640998054,0.0,-1.7604957095241474,0.8405415390372757,-1.0,-0.9414994924456493,0.0,-1.7646302582824733,2.060015905609234,-0.0036001251890410402,-1.0,-0.7544546740721897,Biotechnology,Healthcare,ELOX
2014Q3,2014,Q3,2014-11-14,2014-09-30,-9761909.0,0.0,-5185592.0,-564.04,0.0,0.0,28137671.0,22430755.0,4043419.0,1687188.0,5706916.0,0.0,-93478573.0,22014504.0,18177365.0,1296.0510198185705,2.396543242365403,0.0,0.0,-0.43535183860808513,1296.0510198185705,-0.43520198049508363,0.0,-0.5637858332832236,0.9814428448797199,0.0,0.0,0.0,0.0,2.299845660353203,-0.3469337956222461,-9.680104792848125,0.0,-0.25955204216073774,-1.080289736087645,0.0,-0.9148172210369898,0.0,-0.2595541921081911,-13.836290995324015,0.26781905593118044,0.0,-0.6717965549729361,Biotechnology,Healthcare,ELOX
2014Q2,2014,Q2,2014-09-29,2014-06-30,-7750289.0,0.0,403979.0,-447.81,0.0,0.0,33334828.0,27489929.0,7224398.0,1825171.0,5844899.0,0.0,-88280266.0,38767680.0,32656340.0,1588.3705437106373,3.958203368341925,0.0,0.0,0.03099586447927216,1588.3705437106373,-0.28193193951137524,0.0,-1.2505236901488448,1.4102502774743435,0.0,0.0,0.0,0.0,3.3719980210073466,-0.23249824477870412,-26.990431991110796,0.0,-0.4890765803212183,0.9185157976481843,0.0,-0.9134049271720756,0.0,-2.5513078406287457,1.189755667483817,0.9101983940571725,0.0,-0.6497996637635339,Biotechnology,Healthcare,ELOX
2014Q1,2014,Q1,2014-05-09,2014-03-31,-2182376.0,0.0,-2128943.0,-300.73,0.0,0.0,10959693.0,9804644.0,7397898.0,1055321.0,1155049.0,0.0,-82896311.0,19448760.0,13250733.0,1351.0602177208214,7.010092663748755,0.0,0.0,-0.22073921852947515,1351.0602177208214,-0.22258595008651003,0.0,-2.227934141504489,1.9836273504677986,0.0,0.0,0.0,0.0,5.873120121744948,-0.19912747555976248,-11.347835371795126,0.0,0.2159096834749961,0.9445852375321936,-1.0,-0.9521127398728881,0.0,-0.32235639423668283,-0.3398789230584295,0.7994144615387967,0.0,-0.8143465313176882,Biotechnology,Healthcare,ELOX
2013Q4,2013,Q4,2014-02-14,2013-12-31,-1650369.0,0.0,-1588907.0,-383.54,0.0,0.0,11101431.0,7720090.0,7610360.0,3281613.0,3381341.0,0.0,-77872046.0,20688824.0,16754011.0,1794.1180571694167,2.3190912517716136,0.1970090162250254,0.2832974745113075,-0.16342250949337825,1794.1180571694167,-0.21377587566984324,0.0,-3.133969433502447,2.6798682398780325,0.0,0.0,0.0,0.0,1.8655140018033813,-0.1486627264539139,-13.502444805864402,0.0,0.5012613456086967,0.9405647143091399,0.0,-0.945604249416469,-1.0,0.25587423569445,0.09346681660427825,0.555742975424562,0.0,-0.769003909971388,Biotechnology,Healthcare,ELOX
2013Q3,2013,Q3,2013-11-14,2013-09-30,-2217863.0,100000.0,-1752729.0,-769.02,100000.0,1.0,5814903.0,2117490.0,2355691.0,3597685.0,3697413.0,0.0,-76231791.0,9228800.0,10626706.0,734.2198335644938,0.6547796708160942,0.37611667812859473,1.032865326400597,-0.5061084684882926,734.2198335644938,-1.0474018767503035,92.288,-1.0402806665695763,4.358367690048123,0.0,0.0,0.0,0.017197191423485483,0.21935661404486495,-0.38141014562065784,-11.345843660254141,1.0,0.416387769505726,0.8736244721685228,-0.9602981969486823,-0.9813077040876175,0.0,0.41638685889372956,-0.653477367536268,0.5453446291837121,0.0,-0.9182365797081915,Biotechnology,Healthcare,ELOX
2013Q2,2013,Q2,2013-09-11,2013-06-30,-3800228.0,0.0,-1060026.0,-1317.69,0.0,0.0,7097737.0,3786067.0,3521514.0,3211942.0,3311670.0,0.0,-74425835.0,6921600.0,7506388.0,1312.7832871012483,1.0963815660432223,0.30813793185067295,0.5776659525570995,-0.3493220674963936,1312.7832871012483,-1.0037402930270383,0.0,-0.4553411005865964,1.8281768389201776,0.0,0.0,0.0,0.0,0.4988552097142476,-0.5354140340787493,-6.406367864497767,0.0,-4.656050135210542,0.6573361898372198,0.0,-0.9694350158493189,0.0,-8.022362245103881,-0.015084163734805233,0.8995456407950624,0.0,-0.8679160744858927,Biotechnology,Healthcare,ELOX
2013Q1,2013,Q1,2013-05-15,2013-03-31,-421201.0,0.0,-1044274.0,-232.97,0.0,0.0,6891594.0,3311488.0,3293540.0,3218618.0,3580106.0,0.0,-72430508.0,11571200.0,12177245.0,1831.575221238938,1.023277692475466,0.31735502700826546,0.6604529444165281,-0.09561919110158205,1831.575221238938,-0.1271938777975339,0.0,-6.867979895584293,3.4942599822194738,0.0,0.0,0.0,0.0,0.4912161057944745,-0.06111808095485602,-6.103404259808213,0.0,0.7184074069597379,0.9740157945462701,-1.0,-0.9382293729628887,0.0,0.6517736600303746,0.1967413485820128,0.9893193481374281,0.0,3.2288004413733695,Biotechnology,Healthcare,ELOX
2012Q4,2012,Q4,2013-02-14,2012-12-31,-1209561.0,0.0,-1300047.0,-827.33,0.0,0.0,5463787.0,1580975.0,1935673.0,3752785.0,3882812.0,0.0,-71443789.0,18713600.0,20272583.0,1081.378248974008,0.5157964018722095,0.40248787150743615,1.390982147092775,-0.32758280678169877,1081.378248974008,-0.7650728189882825,0.0,-3.867849575176448,11.836746311611506,0.0,0.0,0.0,0.0,0.1705733208803595,-0.22137777332827946,-27.85047869498505,0.0,0.6156369194460317,0.8600525152193882,-1.0,-0.9705407407094886,0.0,0.5815786988462948,-0.04324830097106856,0.9152714262228294,-1.0,-0.9081589140360745,Biotechnology,Healthcare,ELOX
2012Q3,2012,Q3,2012-11-14,2012-09-30,-2890773.0,0.0,-1246153.0,-2152.47,0.0,0.0,6260145.0,2629417.0,2771699.0,3436261.0,3630728.0,0.0,-70149918.0,23636800.0,24523852.0,1957.8682055100521,0.8066031654754979,0.3512870708266342,0.8363481334455508,-0.3577422695939996,1957.8682055100521,-1.0993969385609053,0.0,-2.044159122836694,8.989369126312031,0.0,0.0,0.0,0.0,0.38182664238834013,-0.4617741282350489,-30.170067853550695,0.0,-1.0638879300425725,-0.22822749054061478,-1.0,-0.8893063979543705,0.0,-1.0638973096546003,-0.0006214975521507911,-1.3063973792445942,0.0,-0.8713193755196346,Biotechnology,Healthcare,ELOX
2012Q2,2012,Q2,2012-09-28,2012-06-30,-1400638.0,0.0,-1245379.0,-1042.92,0.0,0.0,6954869.0,3453028.0,3549849.0,3163317.0,3501841.0,0.0,-67440295.0,22562400.0,22760183.0,2571.1303052866715,1.122191990243153,0.31619689745414326,0.6368636454729009,-0.22005904334470994,2571.1303052866715,-0.4056260186711489,0.0,-4.027164763486354,6.534091238182836,0.0,0.0,0.0,0.0,0.6326665964871684,-0.2013895588831364,-18.570442062844712,0.0,-0.17679183968225318,0.6816981873590385,-1.0,-0.7915975910546401,0.0,-0.4225293034508044,-0.123249234032843,0.8102301531010359,0.0,-0.8598266525918752,Biotechnology,Healthcare,ELOX
2012Q1,2012,Q1,2012-05-14,2012-03-31,-984611.0,0.0,-1108729.0,-886.24,0.0,0.0,8634583.0,4599006.0,4942723.0,3532949.0,4035577.0,0.0,-65831588.0,22220000.0,21211857.0,4139.519351935193,1.399036046090674,0.25468606880031147,0.47817028288286645,-0.15139999677332522,4139.519351935193,-0.21409213208245434,0.0,-5.641821998738588,4.8314788021585535,0.0,0.0,0.0,0.0,0.9078112930585751,-0.11403110028590842,-20.360906692617203,0.0,0.42876663766154244,0.7588969181986405,-1.0,-0.7299496151691686,-1.0,0.3716437465339003,0.23858246951868572,0.8366934340246621,-1.0,-0.8532780127730059,Biotechnology,Healthcare,ELOX
2011Q4,2011,Q4,2012-02-14,2011-12-31,-1566963.0,200000.0,-1456138.0,-1551.45,200000.0,1.0,6857126.0,2833283.0,3210038.0,3445167.0,4023843.0,0.0,-64351449.0,21008000.0,21654210.0,2805.230693069307,0.9317510588020842,0.3207040383974277,0.7761695531297086,-0.2968147611349765,2805.230693069307,-0.5530555895757677,105.04,-3.3517064538218193,7.414719955613329,0.0,0.0,0.0,0.02916673836823182,0.4507467997922887,-0.2285159992684982,-16.021989051234062,1.0,-1.0139285528843658,0.7021796786846293,-0.7618299761010583,-0.8501850842952601,0.0,-1.0422309978104474,-0.13747895746185002,0.7595792147507399,0.0,-0.9149483901019259,Biotechnology,Healthcare,ELOX
2011Q3,2011,Q3,2011-11-14,2011-09-30,-767280.0,0.0,-1280145.0,-770.36,0.0,0.0,8271697.0,3933130.0,4666493.0,3799283.0,4338567.0,0.0,-62696264.0,18326400.0,17683534.0,3948.925702811245,1.2282562262405827,0.26585935147285983,0.5591241581132584,-0.15416493303562556,3948.925702811245,-0.19508127115045779,0.0,-5.971223021582733,4.659495109492948,0.0,0.0,0.0,0.0,0.7480290360049514,-0.09275968401647207,-15.033012680905308,0.0,0.8455167656301074,0.7523922975758044,-1.0,-0.6874672565776154,0.0,0.8455163438223752,-0.022164075481460602,0.8734045600593482,-1.0,-0.8994654129477732,Biotechnology,Healthcare,ELOX
2011Q2,2011,Q2,2011-09-28,2011-06-30,-4966739.0,0.0,-1252387.0,-4986.69,0.0,0.0,8596889.0,4517463.0,5056018.0,3268439.0,4079426.0,0.0,-60748435.0,22310400.0,20899554.0,4535.605421686747,1.5469213284996293,0.2558027677221376,0.48680155211011134,-0.34499113141218607,4535.605421686747,-1.0994531665228913,0.0,-1.1229903564491712,4.938701213490846,0.0,0.0,0.0,0.0,1.1044887177028544,-0.5777367836202142,-17.525789392649198,0.0,-2.3261230615307653,-0.22394754943970846,-1.0,-0.7034614062677069,0.0,-2.494541207428489,0.08437923352885397,-0.29677862192690296,0.0,-0.8943993961610311,Biotechnology,Healthcare,ELOX
2011Q1,2011,Q1,2011-05-13,2011-03-31,-1421285.0,0.0,-1367801.0,-1499.25,0.0,0.0,11092821.0,6898902.0,6180765.0,3226902.0,4193919.0,0.0,-57797100.0,21993600.0,19327551.0,7277.322784810127,1.915386646387154,0.19786166206053446,0.318143959719967,-0.1521428556210097,7277.322784810127,-0.2060161167675668,0.0,-3.86861185476523,3.187985566398827,0.0,0.0,0.0,0.0,1.5063652382377897,-0.1281265604123604,-14.994610595956958,0.0,-0.7365897165626121,0.596674148576626,-1.0,-0.615220074996362,0.0,-0.9032229122978984,0.09118446921902916,0.8327788101585225,-1.0,-0.7545692984069168,Biotechnology,Healthcare,ELOX
2010Q4,2010,Q4,2011-02-10,2010-12-31,-746778.0,0.0,-1505037.0,-863.33,0.0,0.0,10917087.0,6718348.0,6145453.0,3196336.0,4198739.0,0.0,-55675212.0,19376000.0,16733367.0,7766.876300578035,1.9226555030509933,0.2010466711495475,0.326694002751867,-0.11094606831664747,7766.876300578035,-0.111155004176622,0.0,-6.486532811625409,2.884042327072072,0.0,0.0,0.0,0.0,1.5134444564025809,-0.06840451120340069,-12.088882233847746,0.0,0.48958875277869746,0.8177018570357609,-1.0,-0.6483366741554347,0.0,0.4501821490942611,0.31756454977824794,0.853963941641558,-1.0,-0.788412220207737,Biotechnology,Healthcare,ELOX
2010Q3,2010,Q3,2010-11-15,2010-09-30,-1358228.0,0.0,-2205391.0,-1691.44,0.0,0.0,11957717.0,7210786.0,7281691.0,3439751.0,4746931.0,0.0,-53863041.0,19272000.0,15275577.0,8979.808219178081,2.1169238703615467,0.19189047541432866,0.31821385352442855,-0.1670966272781455,8979.808219178081,-0.18836060312981137,0.0,-3.5472689415915446,2.6726628692073238,0.0,0.0,0.0,0.0,1.8289099995900866,-0.11358589603684383,-11.105854258137349,0.0,0.8710530267973742,0.63611602013349,-1.0,-0.648684991064324,0.0,0.8710529163921384,-1.824841157400412,0.034842987258958985,-1.0,-0.4923012107442551,Biotechnology,Healthcare,ELOX
2010Q2,2010,Q2,2010-09-28,2010-06-30,-10533220.0,0.0,2673716.0,-13117.33,0.0,0.0,13911727.0,7981024.0,9331091.0,3329121.0,5930703.0,0.0,-50841159.0,20556800.0,14725348.0,9939.008717310087,2.802869285916613,0.1577693409308564,0.27500781854559014,1.6010742086010148,9939.008717310087,-1.3197830253360971,0.0,-0.48790398377704064,2.575709583131187,0.0,0.0,0.0,0.0,2.4109354991903267,-0.7571468301527193,-7.449449285488055,0.0,0.39861561744534746,-11.632584123221143,-1.0,-0.6568311034890737,0.0,-0.15253447245814175,-0.07410188038923711,-3.003453877401502,-1.0,-0.19439580523889077,Biotechnology,Healthcare,ELOX
2010Q1,2010,Q1,2010-05-17,2010-03-31,-9139180.0,0.0,2887700.0,-21811.89,0.0,0.0,5982992.0,181477.0,1486474.0,4303405.0,5801515.0,0.0,-38395328.0,14078400.0,16419077.0,433.11933174224345,0.345418104965719,0.3978584627891864,13.116725535467305,9.18750127156942,433.11933174224345,-50.359990522214936,0.0,-0.3851111368853661,77.57677281418582,0.0,0.0,0.0,0.0,0.009226879645304125,-1.5275266956733353,-18.778636339990637,0.0,-1.2337925815017854,-5.196166178563823,-1.0,-0.974351089422819,-1.0,-1.6144100100266185,3.850773925345006,-4.933969984728869,-1.0,-0.9717445354712533,Biotechnology,Healthcare,ELOX
2009Q4,2009,Q4,2010-02-16,2009-12-31,-3495695.0,140000.0,-1012953.0,-9764.51,140000.0,1.0,6690982.0,4215253.0,2384848.0,1503196.0,2475729.0,0.0,-33111093.0,9451200.0,8851774.0,11774.44972067039,1.5865183249556278,0.022771096977992168,0.03614516139363402,-0.4758766301807971,11774.44972067039,-0.8292966044979981,67.50857142857143,-0.6759170923092547,2.2421429982968992,0.0,0.0,0.0,0.020923685043540693,0.5932606260261469,-0.5224487227734285,-11.75465369217165,1.0,-2.3899440720501173,-2.4663731510486024,-0.23130248642999898,-0.47642257024460677,0.0,-2.6103568430935185,0.053532552329090696,-0.8744224041257811,-0.5296474667694087,-0.3711789206035355,Biotechnology,Healthcare,ELOX
2009Q3,2009,Q3,2009-11-16,2009-09-30,2170758.0,0.0,-1070246.0,7025.11,0.0,0.0,7132623.0,4701417.0,2583811.0,987296.0,2431206.0,0.0,-31407428.0,11865600.0,11708212.0,15214.941747572815,2.6170581061809224,0.016530664805920626,0.025079034682522313,-48.33737699428865,15214.941747572815,0.46172419932118336,0.0,1.3665272683551093,2.523834835327307,0.0,0.0,0.0,0.0,1.4861753719249344,0.3043421753820439,-9.577435685504701,0.0,2.2782921192932655,3.1835158514950597,-1.0,-0.3743374569878906,0.0,2.278292514883669,0.1258795346827631,3.2579927417093173,-1.0,0.20416737189952486,Biotechnology,Healthcare,ELOX
2009Q2,2009,Q2,2009-09-28,2009-06-30,-1698170.0,0.0,-1224369.0,-5495.7,0.0,0.0,7122413.0,5667834.0,2591917.0,1332617.0,1454579.0,0.0,-35949899.0,20517600.0,20143248.0,18342.504854368934,1.9449826919512507,0.0008728783349126202,0.001096891687371225,-0.265009986956937,18342.504854368934,-0.29961533806388824,0.0,-3.0205456461956106,3.620007219689214,0.0,0.0,0.0,0.0,1.073503489749868,-0.2384262187547956,-16.45341023181814,0.0,-0.012688783896337402,-1.0433496461877774,-1.0,-0.33313728460804454,-1.0,-0.28773918991265784,-0.22714357161542248,-0.34888054809589564,-1.0,0.19923584380484205,Biotechnology,Healthcare,ELOX
2009Q1,2009,Q1,2009-05-01,2009-03-31,-1318722.0,75000.0,-997739.0,-5426.84,75000.0,1.0,7948424.0,6855845.0,3567403.0,973147.0,1092579.0,0.0,-34360254.0,9136800.0,8860261.0,28213.353909465022,3.665841851231109,0.012789201985198576,0.014827348051188438,-0.17114452994909574,28213.353909465022,-0.19235003125070652,121.824,-1.7321315637412584,1.3327022416638648,0.0,0.0,0.0,0.009435832814152844,2.7514661197126435,-0.16590987093793688,-9.738575815358445,1.0,0.1590271267075259,-19.280821635062516,11.665653414393516,-0.0023552069050368544,0.0,0.13773740105428758,0.1877351747314673,-0.459923844843346,0.6819488715430286,0.49174806757843864,Biotechnology,Healthcare,ELOX
2008Q4,2008,Q4,2009-02-17,2008-12-31,-1529374.0,0.0,-1228342.0,-6453.05,0.0,0.0,8818737.0,7816897.0,4444707.0,881964.0,1001840.0,0.0,-33028777.0,17064000.0,16048549.0,32982.68776371308,5.039556036300802,0.01137770635409583,0.012835911743496173,-0.17777924976718876,32982.68776371308,-0.19564975718625946,0.0,-2.78937656845219,2.1829633932748504,0.0,0.0,0.0,0.0,4.099700214521228,-0.17342324643540225,-13.213423425795291,0.0,-0.06044645879688818,-0.7095157420537797,0.0,1.7714258273716827,-1.0,-0.09749296025305773,-0.47238900522744354,-0.36261195075528835,-1.0,0.4933676326758249,Biotechnology,Healthcare,ELOX
2008Q3,2008,Q3,2008-11-14,2008-09-30,-1393516.0,200000.0,-834251.0,-6085.22,200000.0,1.0,10002982.0,8994954.0,5691443.0,886809.0,1008028.0,0.0,-31404436.0,24732000.0,22274988.0,39279.2751091703,6.417890436384836,1.8994335889037888e-05,2.1122954047346992e-05,-0.1374457666140041,39279.2751091703,-0.15492197069601468,123.66,-4.4369781186581285,2.7495415763104516,0.0,0.0,0.0,0.01999403777793462,5.5335500654594165,-0.1393100577407817,-19.47734376661209,1.0,-0.582450902887576,0.3569264291160544,0.0,1.5280723545505328,0.0,-0.5824511756676652,0.1526041962928954,-0.30912850485524934,12.484716157205238,0.5367142091624865,Biotechnology,Healthcare,ELOX
2008Q2,2008,Q2,2008-09-26,2008-06-30,-880606.0,0.0,-984488.0,-3845.44,0.0,0.0,10642960.0,9835679.0,6357541.0,684434.0,807281.0,0.0,-30223030.0,33892000.0,28215072.0,42950.56331877729,9.288756841419334,5.355652938656163e-06,5.795227762109764e-06,,42950.56331877729,-0.08953179541544615,0.0,-9.621783181127542,3.4458220932179673,0.0,0.0,0.0,0.0,9.024953465198982,-0.08274070371400437,-31.70306207877124,0.0,0.5710914112099079,-0.20166734255430122,0.0,1.2253289748200216,-1.0,0.5692103433819252,0.22601623459580575,-2.7033328456769876,-1.0,0.4829745941320136,Biotechnology,Healthcare,ELOX
2008Q1,2008,Q1,2008-05-15,2008-03-31,-2044167.0,79167.0,-1271975.0,-8965.64,79167.0,1.0,8382473.0,6760481.0,4606928.0,678144.0,1621992.0,0.0,-29342424.0,23347200.0,20117492.0,29651.23245614035,6.793436202340506,0.09776649444620937,0.12122288340134378,,29651.23245614035,-0.3023700532550864,294.9107582704915,-2.85534401054317,3.4534820821181214,0.0,0.0,0.0,0.009444348940939028,6.70835840175538,-0.24386204405310938,-22.456399542931013,1.0,-0.5165822583537164,-1.5731222884070863,0.0,0.31778229584300305,11.66672,-0.5789084640035963,-0.30881149965787075,-1.5468969583745233,4.361133684210526,0.755917489786277,Biotechnology,Healthcare,ELOX
2007Q4,2007,Q4,2008-02-14,2007-12-31,-1294671.0,6250.0,-971855.0,-5911.74,6250.0,1.0,9347141.0,8038961.0,5688603.0,924763.0,1308180.0,0.0,-27298257.0,12614400.0,7736316.0,36707.58447488584,6.151417173913749,0.027554949689964022,0.03203896622959111,,36707.58447488584,-0.16104954359151635,2018.304,-2.435831188000658,1.5691580043739484,0.0,0.0,0.0,0.000668653655700711,6.094149528041239,-0.13850983953275126,-14.784099685786314,1.0,-2.373318116975749,-0.5556933188457794,0.0,0.4126341400857309,-0.9831649831649831,-2.3887830261277436,-1.621646920454055,-1.0986504596938198,-0.94390213024746,0.6322854305581456,Biotechnology,Healthcare,ELOX
2007Q3,2007,Q3,2007-11-14,2007-09-30,-382046.0,371250.0,-370704.0,-1752.5,371250.0,1.0,4817444.0,3855826.0,1773079.0,821505.0,961618.0,0.0,-26003586.0,15172800.0,13544520.0,17687.275229357798,2.1583301379784663,0.0026410270674656518,0.003299682091463671,,17687.275229357798,-0.09908279056160729,40.86949494949495,-9.928647335661152,3.9350323380774963,0.0,0.0,0.0,0.07706368771489612,2.0888527763069002,-0.07930471013259313,-73.17800145653779,1.0,0.46513047459179,0.496007479326815,24.204128440366976,-0.3927429960252714,10.88,0.46512982340209275,0.48913862839267136,0.45529346998849674,22.43677740732095,-0.272671181884712,Biotechnology,Healthcare,ELOX
2007Q2,2007,Q2,2007-09-28,2007-06-30,-714278.0,31250.0,-725645.0,-3276.5,31250.0,1.0,3321747.0,2689539.0,762587.0,503284.0,632208.0,0.0,-25621540.0,20056000.0,19647939.0,12337.334862385322,1.5152220217610732,0.0,0.0,,12337.334862385322,-0.2655763682921125,641.792,-7.019675812498775,7.457040035485635,0.0,0.0,0.0,0.009407700225212817,1.307534115926594,-0.21503082564686593,-36.05728606717413,1.0,0.10862213903481446,-1.5271964537385632,-0.7171253822629969,-0.618460263579685,4.0,0.10861993443293977,0.11747035207781736,-0.21823418566422104,0.9724770642201832,-0.5514620989689704,Biotechnology,Healthcare,ELOX
2007Q1,2007,Q1,2007-05-15,2007-03-31,-801317.0,6250.0,-822233.0,-3675.77,6250.0,1.0,3819356.0,3341655.0,1317286.0,347472.0,477701.0,0.0,-24907262.0,16916800.0,16452513.0,15328.69266055046,3.7910565455633836,0.0,0.0,,15328.69266055046,-0.2397964481671507,2706.688,-5.277811402977847,5.062401714120697,0.0,0.0,0.0,0.001636401529472508,3.4946326610489478,-0.20980421830277146,-22.104766621237918,1.0,0.29438854058287617,0.18938511582747888,0.0,-0.3608458001641752,-0.9655172413793104,0.29438984464225804,0.2922394789191032,-12.736827051879363,0.17651138367646182,-0.45796623588871577,Biotechnology,Healthcare,ELOX
