Quarters,Year,Quarter,FillingDate,Date,NetIncome,Revenue,OperatingIncome,EPSDiluted,GrossProfit,GrossProfitRatio,TotalAssets,CommonStockEquity,CurrentAssets,CurrentLiability,TotalLiability,Inventory,RetainedEarnings,MarketCap,EnterpriseValue,bookValuePerShare,currentRatio,debtToAssets,debtToEquity,roic,shareholdersEquityPerShare,roe,priceToSalesRatio,peRatio,pbRatio,payoutRatio,inventoryTurnover,dividendYield,assetTurnover,quickRatio,returnOnAssets,priceToFreeCashFlowsRatio,grossProfitMargin,epsdilutedGrowth,fiveYNetIncomeGrowthPerShare,fiveYRevenueGrowthPerShare,fiveYShareholdersEquityGrowthPerShare,grossProfitGrowth,netIncomeGrowth,operatingIncomeGrowth,threeYNetIncomeGrowthPerShare,threeYRevenueGrowthPerShare,threeYShareholdersEquityGrowthPerShare,Industry,Sector,Symbol
2023Q4,2023,Q4,2023-05-25,2023-03-31,-13853000.0,140118000.0,-9149000.0,-0.14,59482000.0,0.4245136242,1266556000.0,605196000.0,266066000.0,220920000.0,659301000.0,500000.0,-175115000.0,1227014280.0,1562478280.0,6.096279955274849,1.2043545174723882,0.3241246340469746,0.6783290041573309,-0.007396112143808825,6.096279955274849,-0.02289010502382699,8.757006808547082,-22.143475781419184,2.0274659449170183,0.0,161.272,0.0,0.11062913917742287,1.1463289878689118,-0.010937534542491608,-14.117892581001472,0.4245136242310053,-4.5,0.7270484385044661,4.061014211646998,15.558123787166002,-0.2528888665594855,-4.4468773326698185,-1.9338573032560988,-1.8764096746263268,2.1127674299498973,5.830629272065645,Software—Application,Technology,APPS
2023Q3,2023,Q3,2023-02-08,2022-12-31,4019000.0,162310000.0,9797000.0,0.04,79616000.0,0.4905181443,1352675000.0,605649000.0,342774000.0,289366000.0,745048000.0,554000.0,-161183000.0,1510405920.0,1853408920.0,6.111000121080034,1.1845690233130362,0.3122035965771527,0.6972850611492796,0.013308022076423575,6.111000121080034,0.006635856742106401,9.305686156121004,93.95408808161234,2.493863475379304,0.0,149.26714801444044,0.0,0.11999186796532796,1.0723720132980379,0.0029711497588112445,54.85005338272143,0.4905181442917873,-0.6363636363636365,1.770130453351715,2.1068702546151075,6.391266478947248,-0.10321134502528752,-0.6554355281207133,-0.5352907693767195,0.047029351484514315,2.9049267825287663,8.166446811372186,Software—Application,Technology,APPS
2023Q2,2023,Q2,2022-11-09,2022-09-30,11664000.0,174859000.0,21082000.0,0.11,88779000.0,0.5077176468,1374129000.0,583784000.0,365358000.0,312601000.0,788426000.0,560000.0,-165202000.0,1424961670.0,1789501670.0,5.903546472235987,1.168767854229513,0.3254374225418429,0.7660247625834212,0.015066076173972062,5.903546472235987,0.01997999260000274,8.14920404440149,30.541873928326478,2.440905660312718,0.0,153.71428571428572,0.0,0.12725078940914572,1.082271010009565,0.008488286034280625,67.33268770968199,0.5077176467896991,-0.26666666666666666,2.2209157417253786,3.237991952507346,5.5505024148975295,-0.03867851999436931,-0.218335343787696,-0.13722119909965214,7.945475606660019,3.524282333880897,9.199532211972109,Software—Application,Technology,APPS
2023Q1,2023,Q1,2022-08-08,2022-06-30,14922000.0,188633000.0,24435000.0,0.15,92351000.0,0.4895802961,1402011000.0,576146000.0,372848000.0,315997000.0,823978000.0,547000.0,-176866000.0,1708950340.0,2092645340.0,5.88973850463086,1.1799099358538214,0.3373632589187959,0.8209498981161025,0.017337597905427073,5.88973850463086,0.025899685149250364,9.059657324010114,28.631388888888885,2.9661758304318697,0.0,176.01828153564898,0.0,0.13454459344470193,1.0978775114953623,0.010643283112614666,56.55779520783691,0.4895802961305816,-0.21052631578947373,3.4333340099462095,3.9167221842886617,5.678312669956766,0.032974284979251256,-0.25912318156993197,-0.109024612579763,7.860968496380019,4.163627443329035,11.941827572794809,Software—Application,Technology,APPS
2022Q4,2022,Q4,2022-06-06,2022-03-31,20141000.0,184135000.0,27425000.0,0.19,89403000.0,0.4855296386,1458509000.0,514571000.0,410871000.0,385263000.0,942294000.0,394000.0,-191788000.0,4248036650.0,4654553650.0,5.3067704841953285,1.0664688797003605,0.3656370992568438,1.0363681591072953,0.022200046662115724,5.3067704841953285,0.039141342982795375,23.070229179677952,52.72872064445659,8.255491759154713,0.0,240.43654822335026,0.0,0.12624879243117457,1.012054103300862,0.013809307998785061,126.09940186416529,0.4855296385803894,1.7777777777777777,2.9975049912870046,4.646419197700438,4.695936504069432,-0.12896531566640687,1.85202492211838,-0.39348032819514783,3.404977001244101,4.545268424485427,10.589713502586662,Software—Application,Technology,APPS
2022Q3,2022,Q3,2022-02-08,2021-12-31,7062000.0,375487000.0,45217000.0,0.0684,102640000.0,0.273351674,1473480000.0,483692000.0,428568000.0,609628000.0,987614000.0,0.0,-211888000.0,5888462520.0,6127507520.0,5.009860380328956,0.7029992060732119,0.24030933572223578,0.7320588308262282,0.035357304910211634,5.009860380328956,0.01460020012735377,15.682200768601842,208.4559090909091,12.173991961826948,0.0,0.0,0.0,0.25483006216575727,0.6663834338317793,0.004792735564785406,193.52754198573635,0.27335167395941806,2.14,2.8847415089059965,10.628799159319861,3.8729605667071447,0.10102765441633949,2.206766917293233,1.7351197677232035,5.213160788151806,8.929660886263651,11.250515202678228,Software—Application,Technology,APPS
2022Q2,2022,Q2,2021-11-02,2021-09-30,-5852000.0,310205000.0,16532000.0,-0.06,93222000.0,0.3005173998,1412611000.0,486197000.0,345176000.0,642132000.0,924229000.0,0.0,-218902000.0,6610793750.0,6772695750.0,5.056282953919111,0.5375467972317218,0.18223275905397876,0.529464394062489,0.01589100808603262,5.056282953919111,-0.012036273362443619,21.311048339001626,-282.41600093984965,13.596944756960657,0.0,0.0,0.0,0.21959690247350475,0.5039913911781378,-0.004142683300639737,215.3072482412715,0.3005173997840138,-1.4285714285714286,0.4490541443655714,8.389979952070325,3.80235234981067,0.29955111941338836,-1.409689162699524,-0.13648472185949334,-3.7440850725142942,9.439617649124994,11.134607494539964,Software—Application,Technology,APPS
2022Q1,2022,Q1,2021-08-09,2021-06-30,14284000.0,212615000.0,19145000.0,0.14,71734000.0,0.3373891776,1424044000.0,503010000.0,323786000.0,618544000.0,897269000.0,0.0,-213050000.0,6963207550.0,7134323550.0,5.492274935851941,0.5234647818101865,0.1785373204760527,0.5054472078089899,0.02037809391089639,5.492274935851941,0.028397049760442137,32.75031183124427,121.8707566157939,13.843079759845729,0.0,0.0,0.0,0.14930367320110896,0.4886119661657053,0.010030588942476496,-208.72298642127035,0.3373891776215225,-0.5483870967741935,2.394799855197492,5.4014000079301,3.778266939636988,0.8382963456511712,-0.5247537929198829,0.2000125360411182,23.556015479455702,7.000539867237595,13.542505879487885,Software—Application,Technology,APPS
2021Q4,2021,Q4,2021-06-10,2021-03-31,30056000.0,95082000.0,15954000.0,0.31,39022000.0,0.4104036516,260369000.0,145112000.0,97385000.0,111149000.0,115257000.0,0.0,-227334000.0,7205479400.0,7189258400.0,1.61837952378297,0.8761662273164851,0.055909113604154105,0.10031561828105187,0.2011366761421285,1.61837952378297,0.20712277413308341,75.7817399718138,59.93378526750067,49.654607475605054,0.0,0.0,0.0,0.36518172286255274,0.834582407399077,0.11543616943645364,625.2585387018396,0.41040365158494774,1.0666666666666667,4.812045545416687,2.0514980609678184,0.3037760338064164,0.035093769065492456,1.070685497760937,-0.22240093580932885,1.6556636763437504,2.802332826548984,3.395685350084129,Software—Application,Technology,APPS
2021Q3,2021,Q3,2021-02-03,2020-12-31,14515000.0,88592000.0,20517000.0,0.15,37699000.0,0.425535037,232441000.0,112174000.0,104641000.0,98457000.0,120267000.0,0.0,-257390000.0,5034009680.0,5009340680.0,1.260339539116659,1.0628091451090325,0.08169815135883944,0.16929056644142138,0.14576736646611715,1.260339539116659,0.1293971865138089,56.82239570164349,86.7035769893214,44.87679569240644,0.0,0.0,0.0,0.38113757899854156,1.042952761103832,0.06244595402704342,303.6560308843045,0.425535037023659,37.46153846153847,2.8671082760910154,1.7263199273843612,-0.04210362222093923,0.26936933903498433,37.9142091152815,0.6933806536810828,4.097186785884521,0.8883235620319904,0.5243831129099045,Software—Application,Technology,APPS
2021Q2,2021,Q2,2020-10-29,2020-09-30,373000.0,70893000.0,12116000.0,0.0039,29699000.0,0.4189271155,208700000.0,95232000.0,81256000.0,91022000.0,113468000.0,0.0,-271905000.0,2882265900.0,2868772900.0,1.0817515760776963,0.892707257586078,0.093310972688069,0.2044900873655914,0.03810319754133189,1.0817515760776963,0.003916750672043011,40.65656552833143,1931.8136058981236,30.265728956653227,0.0,0.0,0.0,0.33968854815524674,0.8705587660126123,0.0017872544321993291,134.1337444154877,0.4189271155121098,-0.9645454545454546,1.0291597144616254,1.2244487654091598,-0.21181284166254505,0.13563016212909146,-0.9624748490945674,0.14065147806439465,1.0438561846944128,0.9300089602882247,0.20029821815433382,Software—Application,Technology,APPS
2021Q1,2021,Q1,2020-08-05,2020-06-30,9940000.0,59012000.0,10622000.0,0.11,26152000.0,0.4431641022,191777000.0,89300000.0,65363000.0,79051000.0,102477000.0,0.0,-272278000.0,1098442020.0,1099427020.0,1.021902821962328,0.826845960202907,0.10276519082058849,0.2206942889137738,0.093890786363023,1.021902821962328,0.11131019036954087,18.61387548295262,27.626811368209257,12.300582530795072,0.0,0.0,0.0,0.30771156082324785,0.7864037140580132,0.05183103291844173,274.54186953261683,0.4431641022164983,-0.26666666666666666,1.8040130024438195,1.0739735739840033,-0.30999436244853534,0.7061586638830898,-0.2806484295845998,2.6314529914529916,2.814494901895109,0.7218408571794381,0.1587248836276341,Software—Application,Technology,APPS
2020Q4,2020,Q4,2020-06-02,2020-03-31,13818000.0,39351000.0,2925000.0,0.15,15328000.0,0.3895199614,184011000.0,77454000.0,58447000.0,82809000.0,106557000.0,0.0,-282218000.0,374039039.99999994,372198039.99999994,0.892491703539823,0.7058049245854919,0.10702077593187363,0.25425413793993856,0.11583628197160546,0.892491703539823,0.17840266480749864,9.505197834870778,6.767242726877984,4.829176543496785,0.0,0.0,0.0,0.213851345843455,0.6601818642901134,0.07509333681138627,38.55675085042778,0.3895199613732815,2.7499999999999996,1.7357483629430337,0.9158329799310394,-0.5785751080500431,0.09173789173789174,3.154539987973542,-0.2921103581800581,2.531183957780901,0.34824209620510566,-0.042058425381021614,Software—Application,Technology,APPS
2020Q3,2020,Q3,2020-02-10,2019-12-31,3326000.0,36016000.0,4132000.0,0.04,14040000.0,0.3898267437,113654000.0,57251000.0,64241000.0,54396000.0,56403000.0,0.0,-296036000.0,612295880.0,578581880.0,0.666670548232335,1.1809875726156336,0.0,0.0,0.07127725497847837,0.666670548232335,0.05809505510820772,17.00066303864949,46.02344257366206,10.694937730345321,0.0,0.0,0.0,0.3168916184208211,1.1105228325612178,0.02926425818712936,86.67835220838052,0.3898267436694802,3.0,1.2669520755572494,1.2627357981335163,0.16308871285119667,0.14099959366111336,3.334035087719298,0.32648475120385234,1.99797072467336,0.25402708423276876,-0.3515469402546724,Software—Application,Technology,APPS
2020Q2,2020,Q2,2019-11-04,2019-09-30,-1425000.0,32795000.0,3115000.0,-0.02,12305000.0,0.3752096356,102222000.0,48567000.0,53530000.0,51545000.0,53655000.0,0.0,-299362000.0,540793505.0,515639505.0,0.5788056108403151,1.0385100397710738,0.0,0.0,0.06778875455942815,0.5788056108403151,-0.029340910494780405,16.49012059765208,-94.87605350877193,11.134999176395494,0.0,0.0,0.0,0.3208213496116296,0.9788922300902124,-0.013940247696190644,94.28059710599722,0.3752096356151852,0.0,0.877539210432162,1.6836444962330575,-0.15953517001102768,0.025416666666666667,0.2166025288620121,0.024671052631578948,0.8462582474544554,0.13761645850395388,-0.45026247331587627,Software—Application,Technology,APPS
2020Q1,2020,Q1,2019-08-05,2019-06-30,-1819000.0,30553000.0,3040000.0,-0.02,12000000.0,0.3927601218,90717000.0,37233000.0,42448000.0,38781000.0,53484000.0,0.0,-297937000.0,421342100.0,405120100.0,0.45509326032219427,1.0945566127742967,0.0,0.0,0.07673442560071579,0.45509326032219427,-0.04885451078344479,13.790531208064674,-57.90847993402969,11.3163618295598,0.0,0.0,0.0,0.3367946470892997,1.0044867331940899,-0.020051368541728672,104.52545274125526,0.39276012175563774,0.7777777777777777,0.819509498477765,1.5163471929032593,-0.42189979381902176,0.09549023187876575,0.7347623213764946,0.5718717683557394,0.8011656222673808,0.029749639658380834,-0.6040698789395471,Software—Application,Technology,APPS
2019Q4,2019,Q4,2019-06-03,2019-03-31,-6858000.0,27192000.0,1934000.0,-0.09,10954000.0,0.4028390703,82861000.0,36358000.0,37123000.0,38308000.0,46503000.0,0.0,-296118000.0,282678240.0,271784240.0,0.45788625258173393,0.9690665135219797,0.0,0.0,0.055766313546041495,0.45788625258173393,-0.1886242367566973,10.395639894086496,-10.304689413823272,7.774856702788933,0.0,0.0,0.0,0.32816403374325676,0.8771274929518639,-0.08276511265854865,172.05005477784542,0.4028390703147985,-8.0,-0.23251162997345493,1.1152675849251712,-0.48045134761530073,0.025847536991946057,-4.08753709198813,-0.21254071661237786,0.017788642407210387,-0.014545643613870904,-0.631124150081898,Software—Application,Technology,APPS
2019Q3,2019,Q3,2019-02-05,2018-12-31,-1348000.0,30411000.0,2456000.0,-0.01,10678000.0,0.3511229489,85892000.0,31753000.0,39661000.0,44411000.0,54139000.0,0.0,-289260000.0,142090350.0,136810350.0,0.4089509949127439,0.8930445159982887,0.056116984119592046,0.15179668062860202,0.08291980660477734,0.4089509949127439,-0.042452681636380815,4.67233402387294,-26.35206787833828,4.474863792397569,0.0,0.0,0.0,0.35406091370558374,0.7728040350363649,-0.015694127508964748,86.01110774818402,0.3511229489329519,-1.5,0.8695915474298612,0.7468934771513156,-0.21121173517869724,0.41542948038176036,-1.7873831775700935,6.796825396825397,0.8012379317244568,0.0727639340087397,-0.6891848073015179,Software—Application,Technology,APPS
2019Q2,2019,Q2,2018-11-05,2018-09-30,1712000.0,23854000.0,315000.0,0.02,7544000.0,0.3162572315,80717000.0,32165000.0,34182000.0,41922000.0,48552000.0,0.0,-287912000.0,92631600.0,89180600.0,0.4166828598448046,0.815371404036067,0.06068114523582393,0.15227732006839734,0.008594630420798735,0.4166828598448046,0.05322555572827608,3.8832732455772616,13.52681074766355,2.8798880771024407,0.0,0.0,0.0,0.29552634513175663,0.6967940460855875,0.021209906215543195,-298.8116129032258,0.31625723149157375,1.0,1.1114699225067262,0.3813233707679614,-0.32276427159164917,0.18077946470496165,2.5371900826446283,1.25,1.1526355319352621,-0.1463934942899815,-0.6963960242888413,Software—Application,Technology,APPS
2019Q1,2019,Q1,2018-08-09,2018-06-30,484000.0,22112000.0,-1260000.0,0.01,6389000.0,0.2889381331,80168000.0,28780000.0,33661000.0,41931000.0,51388000.0,0.0,-289624000.0,115068040.0,111858040.0,0.37767046349273004,0.8027712193842265,0.06770781359145794,0.18860319666435024,-0.037722232950541335,0.37767046349273004,0.016817234190410008,5.203873010130246,59.43597107438016,3.9981945795691454,0.0,0.0,0.0,0.27582077636962377,0.6673821277813551,0.0060373216245883645,-28.5528635235732,0.28893813314037625,1.0196078431372548,1.0228635653049178,0.1663934680973547,0.597829274390195,-0.0720406681190995,1.0125959661678594,0.05899925317401045,1.0448937766434745,-0.10884140017410625,-0.744990674899746,Software—Application,Technology,APPS
2018Q4,2018,Q4,2018-06-12,2018-03-31,-38425000.0,20961000.0,-1339000.0,-0.51,6885000.0,0.3284671533,86607000.0,27672000.0,39755000.0,46406000.0,58935000.0,0.0,-290108000.0,151071599.99999997,143669599.99999997,0.36817456093666845,0.8566780157738223,0.061403812624845566,0.19217982075744436,-0.040480416752486204,0.36817456093666845,-1.3885877421220005,7.20727064548447,-0.9828991541964865,5.459366869037293,0.0,0.0,0.0,0.24202431674114103,0.6415118734646382,-0.4436708349209648,26.0288766368022,0.3284671532846715,-7.500000000000001,-2.0606327458816143,2.2195836072216837,9.225145727937795,-0.2873408549839561,-9.114503816793894,-1.2466442953020134,-1.3623861312268317,0.17832953075476332,-0.8261519698770676,Software—Application,Technology,APPS
2018Q3,2018,Q3,2018-02-07,2017-12-31,-3799000.0,38031000.0,-596000.0,-0.06,9661000.0,0.2540296074,123165000.0,59651000.0,40414000.0,48214000.0,63514000.0,0.0,-251683000.0,129144920.0,129665920.0,0.8267866053113045,0.8382212635334135,0.06011448057483863,0.12412197616133845,-0.008695949237591621,0.8267866053113045,-0.06368711337613787,3.3957802845047462,-8.498612792840222,2.1650084659100433,0.0,0.0,0.0,0.3087809036658142,0.8167129879288173,-0.03084480168879146,94.0603932993445,0.2540296074255213,0.4000000000000001,0.7814976862279006,3.4985967435897787,3.8711904537498314,0.31210104576938746,0.4117373799938061,0.5232,0.6370658278325447,1.8439609303906352,0.44243085452607767,Software—Application,Technology,APPS
2018Q2,2018,Q2,2017-11-07,2017-09-30,-6458000.0,27891000.0,-1250000.0,-0.1,7363000.0,0.2639919687,113813000.0,60244000.0,30546000.0,38999000.0,53569000.0,0.0,-247884000.0,100937460.0,103789460.0,0.9012356760314754,0.7832508525859637,0.07660812033774701,0.14472810570347255,-0.015943274656302398,0.9012356760314754,-0.10719739725117854,3.618997526083683,-3.9074581913905235,1.6754773919394461,0.0,0.0,0.0,0.24505987892420023,0.7603784712428524,-0.05674219992443746,-237.49990588235295,0.26399196873543435,-0.6666666666666669,0.5470379430035192,7.097481917933521,3.1943842504577753,0.11290810157194679,-0.5468263473053893,0.17979002624671916,0.3033520679209496,1.8649335630617567,0.30865505629101947,Software—Application,Technology,APPS
2018Q1,2018,Q1,2017-08-07,2017-06-30,-4175000.0,26120000.0,-1524000.0,-0.06,6616000.0,0.2532924962,110873000.0,58735000.0,27472000.0,35198000.0,52138000.0,0.0,-241426000.0,68596970.0,74262970.0,0.8819201489511854,0.780498891982499,0.10794332254020365,0.20376266280752534,-0.021716201280717638,0.8819201489511854,-0.07108197837745807,2.6262239663093414,-4.107602994011977,1.1679061888141653,0.0,0.0,0.0,0.23558485835144716,0.7511222228535712,-0.03765569615686416,-38.58097300337458,0.25329249617151606,0.4000000000000001,0.6253671972147989,4.001945959334772,1.69743483562196,0.6933708727924238,0.3971119133574007,0.604566683964712,0.49109343814774603,1.6427117366402737,0.12029393619867501,Software—Application,Technology,APPS
2017Q4,2017,Q4,2017-06-14,2017-03-31,-6925000.0,22397000.0,-3854000.0,-0.1,3907000.0,0.1744430058,107580000.0,62045000.0,23665000.0,30774000.0,45535000.0,0.0,-237251000.0,62599300.0,66135300.0,0.9316765522937157,0.7689933060375642,0.09002602714259156,0.1560963816584737,-0.05147691517667056,0.9316765522937157,-0.1116125392860021,2.7949859356163773,-2.259902527075812,1.008933838343138,0.0,0.0,0.0,0.20818925450827291,0.7377331513615389,-0.06437070087376835,108.11623488773748,0.17444300575969995,-1.5,0.9205739653202167,2.9417604604561554,1.7629547420609986,0.16003562945368172,-1.6778808971384378,0.28761552680221814,-0.48393227390246046,1.077374374329159,0.0571431102667105,Software—Application,Technology,APPS
2017Q3,2017,Q3,2017-02-09,2016-12-31,-2586000.0,22285000.0,-5410000.0,-0.04,3368000.0,0.1511330491,112216000.0,68506000.0,25977000.0,31457000.0,43710000.0,0.0,-230326000.0,45311120.0,49066120.0,1.028093765945313,0.8257939409352449,0.08430170385684752,0.13809009429830962,-0.0784954179165385,1.028093765945313,-0.037748518377952296,2.0332564505272606,-4.380425367362722,0.6614182699325608,0.0,0.0,0.0,0.19859021886362016,0.793813777537591,-0.023044842090254508,-10.098310675284154,0.15113304913619027,0.6363636363636365,0.9421402987216572,0.7523935694126298,1.601321851898053,0.06818902632413575,0.6477319166326113,0.1422229269066117,0.7084842795599153,0.4916466949759455,0.9829962704617716,Software—Application,Technology,APPS
2017Q2,2017,Q2,2016-11-09,2016-09-30,-7341000.0,22832000.0,-6307000.0,-0.11,3153000.0,0.1380956552,117093000.0,69971000.0,27881000.0,31417000.0,47122000.0,0.0,-227740000.0,69779850.0,69747850.0,1.0528762959507652,0.8874494700321482,0.08014142604596347,0.1341127038344457,-0.07501287662247427,1.0528762959507652,-0.10491489331294393,3.0562302908199017,-2.376374131589702,0.9972681539494934,0.0,0.0,0.0,0.1949903068501106,0.8560015278352484,-0.062693756245036,-22.408429672447014,0.13809565522074282,0.0,0.00878086178237868,0.4809974770032558,6.209786189862198,0.07427597955706984,0.009579060982191042,0.02201891766165297,0.44480397255588694,0.5357314833711199,0.711242563415447,Software—Application,Technology,APPS
2017Q1,2017,Q1,2016-08-09,2016-06-30,-7412000.0,24039000.0,-6449000.0,-0.11,2935000.0,0.1220932651,116474000.0,76191000.0,25701000.0,39448000.0,40283000.0,0.0,-220399000.0,70926020.0,71990020.0,1.149428235223124,0.651515919691746,0.08994281985679208,0.13749655471118635,-0.07750649266214717,1.149428235223124,-0.09728183118741059,2.950456341777944,-2.3922699676200754,0.9308976125789136,0.0,0.0,0.0,0.2063894087950959,0.6352666801865747,-0.06363651973831069,-45.23343112244898,0.12209326511086152,-0.22222222222222227,-0.20894489636994562,0.5969497733803283,3.5195301335721307,-0.19633077765607887,-0.2717913520933425,-0.1995907738095238,0.5974776872459506,0.4577713360886894,3.8629433873785577,Software—Application,Technology,APPS
2016Q4,2016,Q4,2016-06-14,2016-03-31,-5828000.0,23032000.0,-5376000.0,-0.09,3652000.0,0.1585620007,122068000.0,82271000.0,29674000.0,38982000.0,39797000.0,0.0,-212987000.0,78870820.0,78199820.0,1.2413017894323908,0.7612231286234672,0.08650915882950487,0.12835628593307483,-0.0575954476781783,1.2413017894323908,-0.07083905628957957,3.4244017019798543,-3.3832712765957442,0.9586709776227347,0.0,0.0,0.0,0.1886817183864731,0.7375198809707044,-0.047743880460071435,-36.667047884704786,0.15856200069468565,0.0,0.41501279996296997,0.3149070264389462,2.9523466219826293,-0.0429769392033543,-0.011278847822314766,-0.021082621082621083,0.47357771721390746,3.0117765743148883,33.47411373834557,Software—Application,Technology,APPS
2016Q3,2016,Q3,2016-02-09,2015-12-31,-5763000.0,24089000.0,-5265000.0,-0.09,3816000.0,0.1584125534,125145000.0,86811000.0,31374000.0,30889000.0,38334000.0,0.0,-207159000.0,87752070.0,84668070.0,1.3157368253535215,1.015701382369128,0.08466179232090774,0.1220467452281393,-0.05408026392111369,1.3157368253535215,-0.06638559629540035,3.6428274316077878,-3.806700937011973,1.0108404464871965,0.0,0.0,0.0,0.19248871309281235,0.9848813493476642,-0.04605058132566223,-20.93322280534351,0.1584125534476317,0.3571428571428572,0.9255764161274791,0.2897621277935025,4.492840614003264,48.55844155844156,0.3074981975486662,0.35351178781925346,0.6375451345987444,2.1158508367544755,6.751945450175706,Software—Application,Technology,APPS
2016Q2,2016,Q2,2015-11-09,2015-09-30,-8322000.0,20734000.0,-8144000.0,-0.14,77000.0,0.003713707,115773000.0,78606000.0,19760000.0,29841000.0,37167000.0,0.0,-201396000.0,103665940.0,109709940.0,1.3724552152809302,0.6621762005294729,0.09178305822601125,0.1351805205709488,-0.08882351242668973,1.3724552152809302,-0.10586978093275322,4.999804186360567,-3.114213530401346,1.3188044169656261,0.0,0.0,0.0,0.17909184352137372,0.6389196072517677,-0.07188204503640745,-64.87230287859825,0.003713706954760297,0.0,0.5362088573966421,0.2534370514229306,-0.03425886152922879,-0.9661389621811786,-0.025003079196945437,-0.13886169766466228,0.31874546791801556,6.025656378518099,5.387457457056906,Software—Application,Technology,APPS
2016Q1,2016,Q1,2015-08-10,2015-06-30,-8119000.0,18686000.0,-7151000.0,-0.14,2274000.0,0.1216953869,120256000.0,84992000.0,19723000.0,28057000.0,35264000.0,0.0,-193074000.0,173311760.0,177788760.0,1.4810064821913989,0.7029618277078804,0.08861927887174029,0.1253882718373494,-0.07937756922024344,1.4810064821913989,-0.09552663780120482,9.274952370758857,-5.336610420002464,2.0391538027108433,0.0,0.0,0.0,0.1553851782863225,0.671454538974231,-0.06751430282064928,-255.99964549483013,0.12169538692068929,0.3636363636363636,-1.4262127437714547,-0.10281171764731825,-0.05156330428094121,1.4399141630901287,0.1319362771303325,0.20746979940152943,0.1545294557796382,3.152683055474958,3.529796129044029,Software—Application,Technology,APPS
2015Q4,2015,Q4,2015-06-15,2015-03-31,-9353000.0,10229000.0,-9023000.0,-0.22,932000.0,0.0911135008,122571000.0,91529000.0,20192000.0,23952000.0,31042000.0,0.0,-184955000.0,140893940.0,144514940.0,2.117795414054004,0.8430193720774883,0.08721475716115558,0.11679358454697418,-0.09097532799520244,2.117795414054004,-0.10218619235433578,13.773970085052301,-3.7660093018282903,1.5393366036993739,0.0,0.0,0.0,0.08345367174943502,0.8033567134268537,-0.07630679361349749,-24.035131354486523,0.09111350083097076,-0.5714285714285713,0.9583380331690273,1.1176816336112783,1.0655980784834382,-0.5300050428643469,-0.7055069292487236,-0.6737154516787238,0.834704531797579,1.773961739678948,5.280476703604828,Software—Application,Technology,APPS
2015Q3,2015,Q3,2015-02-13,2014-12-31,-5484000.0,7006000.0,-5391000.0,-0.14,1983000.0,0.2830431059,33346000.0,21666000.0,17592000.0,11680000.0,11680000.0,0.0,-175603000.0,125870670.0,114486670.0,0.573189766925051,1.5061643835616438,0.0,0.0,-0.25415264579025026,0.573189766925051,-0.2531154804763224,17.966124750214103,-5.73808670678337,5.809594295209083,0.0,0.0,0.0,0.21010016193846337,1.4494006849315069,-0.16445750614766388,-39.0902701863354,0.28304310590922066,0.0,-2.976603640986297,-0.8469350237848932,-0.9065266621162471,0.10105496946141032,-0.054412612959046334,-0.16060279870828847,0.7836979244548004,-0.028808842777187316,1.335253012471548,Software—Application,Technology,APPS
2015Q2,2015,Q2,2014-11-14,2014-09-30,-5201000.0,5462000.0,-4645000.0,-0.14,1801000.0,0.3297326986,35872000.0,25828000.0,21687000.0,10044000.0,10044000.0,0.0,-170119000.0,171768320.0,155053320.0,0.6886732081911263,2.159199522102748,0.0,0.0,-0.19592929676447435,0.6886732081911263,-0.20137060554437045,31.447879897473452,-8.256504518361854,6.650469258169428,0.0,0.0,0.0,0.1522636039250669,2.0959776981282356,-0.14498773416592328,-74.10194995685936,0.3297326986451849,-0.16666666666666682,0.0794100452765472,-0.8855032133521443,-0.8852148930733056,0.2736916548797737,-0.1281995661605206,0.007478632478632479,-0.24441274634966245,-0.37219437700983027,3.7158309146477926,Software—Application,Technology,APPS
2015Q1,2015,Q1,2014-08-14,2014-06-30,-4610000.0,5554000.0,-4680000.0,-0.12,1414000.0,0.2545912856,38545000.0,29461000.0,24426000.0,9084000.0,9084000.0,0.0,-164918000.0,147824800.0,129137800.0,0.7872221034630184,2.6889035667107,0.0,0.0,-0.15641121333583863,0.7872221034630184,-0.1564780557347001,26.61591645660785,-8.016529284164859,5.017643664505618,0.0,0.0,0.0,0.14409132183162537,2.619220607661823,-0.119600466986639,-46.67660246289864,0.2545912855599568,-0.7142857142857141,-0.020534492047483303,-0.8828165558909363,-0.871432285812403,-0.24100912506709607,-0.7595419847328244,-0.2037037037037037,-0.3318141628252454,-0.34648984117584486,2.0953424575693527,Software—Application,Technology,APPS
2014Q4,2014,Q4,2014-06-30,2014-03-31,-2620000.0,6053000.0,-3888000.0,-0.07,1863000.0,0.3077812655,45095000.0,32951000.0,27481000.0,11906000.0,12144000.0,0.0,-160308000.0,147684294.55,126079294.55000001,0.881315446551659,2.308163950949101,0.0,0.0,-0.09263806421451805,0.881315446551659,-0.07951200267063215,24.398528754336695,-14.092012838740459,4.481936649874056,0.0,0.0,0.0,0.13422774143474886,2.259952964891651,-0.05809956757955428,-141.73156866602687,0.3077812654881877,0.4615384615384615,0.9829218084020047,-0.8698300047339739,-0.856872530612237,-0.09298928919182084,0.3726053639846743,0.07163323782234957,0.5338128598955687,-0.3874151588755947,1.8061380058691061,Software—Application,Technology,APPS
2014Q3,2014,Q3,2014-02-14,2013-12-31,-4176000.0,7033000.0,-4188000.0,-0.13,2054000.0,0.292051756,27249000.0,16263000.0,11428000.0,10748000.0,10986000.0,0.0,-157688000.0,82184728.54,77534728.54,0.5184547148471971,1.0632675846669148,0.0002201915666629968,0.00036893562073418186,-0.25850332956791555,0.5184547148471971,-0.2567791920309906,11.685586313095408,-4.920062771791188,5.053478973129189,0.0,0.0,0.0,0.2581012147234761,1.0202828433196873,-0.1532533303974458,-26.963493615485568,0.2920517560073937,0.35000000000000003,0.6104561353896558,-0.8477464800155967,-0.9525931337102366,-0.18717847249703207,0.32883317261330763,-0.07605344295991778,0.886567280207358,-0.20795955091462479,1.1644063306269483,Software—Application,Technology,APPS
2014Q2,2014,Q2,2013-11-14,2013-09-30,-6222000.0,6996000.0,-3892000.0,-0.2,2527000.0,0.3612064037,30515000.0,19241000.0,14294000.0,11036000.0,11274000.0,0.0,-153512000.0,83497433.49,75701433.49,0.6152700490626781,1.295215657847046,0.00032770768474520726,0.0005197235070942259,-0.20503210049692297,0.6152700490626781,-0.32337196611402735,11.93502479845626,-3.354927414416586,4.339557896678967,0.0,0.0,0.0,0.229264296247747,1.234233417905038,-0.20389972144846796,-36.11480687283737,0.36120640365923384,0.28571428571428575,0.5757372394768037,-0.7100383083862869,-0.9418577380080173,0.3854166666666667,-0.09426661976785086,0.06284613532386227,0.3649317576779073,-0.22542248670001802,-0.5670593903298098,Software—Application,Technology,APPS
2014Q1,2014,Q1,2013-07-01,2013-06-30,-5686000.0,5092000.0,-4153000.0,-0.28,1824000.0,0.3582089552,24299000.0,4838000.0,7478000.0,17338000.0,19461000.0,0.0,-147290000.0,91696241.80319999,97906241.80319999,0.23636471652258745,0.43130695581958706,0.31947816782583643,1.6045886730053742,-0.3251783299365399,0.23636471652258745,-1.1752790409260025,18.007902946425766,-4.031667332184313,18.953336462009094,0.0,0.0,0.0,0.20955594880447756,0.36342138654977507,-0.2340013992345364,-56.88352469181141,0.3582089552238806,-0.6762452107279696,0.4617263350846543,-0.6991633841331991,-0.9784814392735548,0.604221635883905,-0.66305937408599,-0.25241254523522316,-1.8368904615835417,-0.3145220070669326,-0.8486320124733369,Software—Application,Technology,APPS
2013Q4,2013,Q4,2013-07-01,2013-03-31,-3419000.0,1773000.0,-3316000.0,-0.16704,1137000.0,0.641285956,12485000.0,737000.0,3992000.0,9655000.0,11748000.0,0.0,-141604000.0,93131074.39999999,97011074.39999999,0.03600677885017506,0.4134645261522527,0.4028033640368442,6.823609226594301,-0.5774583316037025,0.03600677885017506,-4.6390773405698775,52.527396728708396,-6.8098182509505705,126.36509416553596,0.0,0.0,0.0,0.142010412494994,0.3256343863283273,-0.2738486183420104,-91.75475310344827,0.6412859560067682,0.304,0.7836704862933682,-0.9299645225631255,-0.997866425717886,0.013368983957219251,0.18865685809207403,0.073484213467449,0.9678427107030211,1.0430700863927225,-0.964880680772216,Software—Application,Technology,APPS
2013Q3,2013,Q3,2013-02-14,2012-12-31,-4214000.0,2049000.0,-3579000.0,-0.24,1122000.0,0.5475841874,14299000.0,2968000.0,4585000.0,8779000.0,11331000.0,0.0,-138185000.0,65574780.0,68509780.0,0.1697298870083895,0.5222690511447773,0.32002237918735577,1.54177897574124,-0.4768969467401256,0.1697298870083895,-1.419811320754717,32.00330893118594,-3.890293070716659,22.09392857142857,0.0,0.0,0.0,0.14329673403734527,0.4237384667957626,-0.2947059234911532,-25.6151484375,0.5475841874084919,-0.14285714285714285,-0.3133240891251039,0.0,-0.8419602429812985,1.0932835820895523,-0.11629139072847682,-0.1063369397217929,-4.283155193005291,-0.9032340889884769,-0.9723211753021737,Software—Application,Technology,APPS
2013Q2,2013,Q2,2012-11-19,2012-09-30,-3775000.0,912000.0,-3235000.0,-0.21,536000.0,0.5877192982,15554000.0,3803000.0,5549000.0,9429000.0,11751000.0,0.0,-133971000.0,72567142.3,73537142.3,0.21486721821757615,0.588503552868809,0.26404783335476406,1.0799368919274257,-0.41115428059679376,0.21486721821757615,-0.9926373915330002,79.56923497807017,-4.805771013245033,19.081552011569812,0.0,0.0,0.0,0.05863443487205863,0.5520203627107859,-0.2427028417127427,-42.387349474299064,0.5877192982456141,-0.23529411764705868,-0.9213660504117396,0.0,-0.8765057807477274,-0.13268608414239483,-0.3712313839447875,-0.43650088809946713,-0.4158516775188141,-0.9594904082213901,-0.964186850417882,Software—Application,Technology,APPS
2013Q1,2013,Q1,2012-08-14,2012-06-30,-2753000.0,1290000.0,-2252000.0,-0.17,618000.0,0.4790697674,13995000.0,5379000.0,9395000.0,7238000.0,8616000.0,0.0,-130196000.0,61695645.0,57067645.0,0.3269477124357805,1.2980105001381597,0.2580921757770632,0.6715002788622421,-0.25175294965567163,0.3269477124357805,-0.511805168246886,47.82608139534884,-5.6025830911732655,11.469723926380368,0.0,0.0,0.0,0.09217577706323687,1.2792207792207793,-0.19671311182565202,-38.80229245283019,0.4790697674418605,0.87015268516609,-0.9252720387098264,0.0,-0.7850153872286014,-0.012779552715654952,0.8755818683056898,0.7678350515463918,-0.38630866207756703,-0.9380876831527908,-0.9466034809467125,Software—Application,Technology,APPS
2012Q4,2012,Q4,2012-06-29,2012-03-31,-22127000.0,1442000.0,-9700000.0,-1.30923,626000.0,0.4341192788,14796000.0,5699000.0,10109000.0,6020000.0,9097000.0,0.0,-127443000.0,79011240.0,73364240.0,0.3372029726403484,1.679235880398671,0.21303054879697214,0.5530794876294086,-1.098204430927838,0.3372029726403484,-3.8826109843832253,54.79281553398058,-0.8927016766845935,13.864053342691701,0.0,0.0,0.0,0.0974587726412544,1.6593023255813955,-1.4954717491213843,-58.570229799851745,0.43411927877947293,-0.9540746268656713,-15.584803294857801,0.0,-0.7902588456078903,-0.46358183376178236,-2.2170689153823786,-0.5862632869991823,0.6809247774444717,-0.9313982127567189,-0.9452375329027947,Software—Application,Technology,APPS
2012Q3,2012,Q3,2012-02-24,2011-12-31,-6878000.0,1957000.0,-6115000.0,-0.67,1167000.0,0.5963208993,19794000.0,-17532000.0,9727000.0,20546000.0,37326000.0,0.0,-105316000.0,33326452.25,42869452.25,-1.7097229423813032,0.4734254842791784,0.8562695766393856,-0.9667465206479581,10.537878412053665,-1.7097229423813032,0.39231120237280404,17.029357307102707,-1.2113424051323058,-1.9008927817704768,0.0,0.0,0.0,0.09886834394260888,0.4551250851747299,-0.34747903405072245,-188.28504096045197,0.596320899335718,-5.7,-6.841279966020272,0.0,-2.0136788292318575,-0.04344262295081967,-6.387755102040816,-7.91399416909621,-0.9626468479090566,-0.8704009967582158,-1.1563349789304158,Software—Application,Technology,APPS
2012Q2,2012,Q2,2011-11-14,2011-09-30,-931000.0,1938000.0,-686000.0,-0.1,1220000.0,0.6295149639,13082000.0,1220000.0,2924000.0,7300000.0,11862000.0,0.0,-98438000.0,27109379.0,32008379.0,0.1460343300375859,0.4005479452054794,0.4182082250420425,4.4844262295081965,-0.10252578089971603,0.1460343300375859,-0.7631147540983606,13.988327657378742,-7.279639903329753,22.220802459016394,0.0,0.0,0.0,0.14814248585843143,0.3526027397260274,-0.07116648830454059,-1506.076611111111,0.6295149638802889,0.0,-0.057272456469845454,0.0,-0.8802570975737897,-0.09158600148920328,-0.20752269779507135,-0.4564755838641189,0.762364355011841,-0.699322040923539,-0.9861999356383363,Software—Application,Technology,APPS
2012Q1,2012,Q1,2011-07-26,2011-06-30,-771000.0,1893000.0,-471000.0,-0.1,1343000.0,0.7094558901,13528000.0,2120000.0,3260000.0,7056000.0,11408000.0,0.0,-97507000.0,19172340.0,22986340.0,0.25432471988291466,0.46201814058956914,0.32990833826138377,2.105188679245283,-0.07454520447836564,0.25432471988291466,-0.36367924528301887,10.128019017432647,-6.216712062256809,9.043556603773585,0.0,0.0,0.0,0.13993199290360733,0.4189342403628118,-0.05699290360733294,-63.48456953642384,0.7094558901215002,0.33475252794039384,-5.325363117376207,0.0,5.386043285037762,-0.3281640820410205,0.3846767757382282,-0.1984732824427481,0.8207799535389068,-0.725382098568919,-0.9768463668793236,Software—Application,Technology,APPS
2011Q4,2011,Q4,2011-07-26,2011-03-31,-1253000.0,2203000.0,-393000.0,-0.15032,1999000.0,0.9073990014,14203000.0,2618000.0,3840000.0,7441000.0,11585000.0,0.0,-96736000.0,24173820.0,27587820.0,0.3140670361572974,0.5160596693992743,0.2998662254453284,1.6268143621084799,-0.05932494263324346,0.3140670361572974,-0.4786096256684492,10.973136631865637,-4.8231883479648845,9.233697478991598,0.0,0.0,0.0,0.15510807575864255,0.47628006988308025,-0.08822079842286841,-29.552347188264058,0.9073990013617794,0.8692869565217392,-18.188805337338792,0.0,8.242825855457998,1.530379746835443,0.8524319868095631,0.9514814814814815,0.8053279175471845,-0.7863220120489195,-0.9813900223068218,Software—Application,Technology,APPS
2011Q3,2011,Q3,2011-02-22,2010-12-31,-8491000.0,2048000.0,-8100000.0,-1.15,790000.0,0.3857421875,14955000.0,1733000.0,4501000.0,8967000.0,13222000.0,0.0,-95482000.0,10490460.0,13081460.0,0.23953668380604853,0.501951600312256,0.2857907054496824,2.466243508366994,-1.3556112075575573,0.23953668380604853,-4.899596076168494,5.122294921875,-0.30886997997880106,6.0533525678015,0.0,0.0,0.0,0.1369441658308258,0.4768595962975354,-0.567769976596456,-14.98637142857143,0.3857421875,-2.833333333333333,-26.047220595375382,0.0,7.742004666780616,-0.20362903225806453,-2.768752774079006,-3.8795180722891565,-5.39610028411741,0.0,-0.7769613827416131,Software—Application,Technology,APPS
2011Q2,2011,Q2,2010-11-22,2010-09-30,-2253000.0,2077000.0,-1660000.0,-0.3,992000.0,0.4776119403,22514000.0,10220000.0,5865000.0,8390000.0,12294000.0,0.0,-86991000.0,14023230.0,15560230.0,1.4211419195149761,0.6990464839094159,0.17411388469396819,0.3835616438356164,-0.12082981449616605,1.4211419195149761,-0.2204500978473581,6.75167549350024,-1.5560619174434087,1.3721360078277887,0.0,0.0,0.0,0.09225370880341122,0.6488676996424315,-0.10007106689171183,-197.51028169014086,0.47761194029850745,-1.857142857142857,-12.099909063664104,0.0,179.73787606701973,-0.5482695810564663,-1.8618974751338944,-0.2585291887793783,-1.8222603007985596,0.0,-0.1832034069549761,Software—Application,Technology,APPS
2011Q1,2011,Q1,2010-07-15,2010-06-30,2614000.0,2858000.0,-1319000.0,0.35,2196000.0,0.7683694892,23956000.0,12297000.0,7150000.0,8102000.0,11659000.0,0.0,-84738000.0,13781250.0,14405250.0,1.5615238095238095,0.8824981486052826,0.14848054767072968,0.2892575424900382,-0.08561228597803806,1.5615238095238095,0.21257217207448972,4.821990902729182,1.318023144605968,1.1207001707733593,0.0,0.0,0.0,0.11930205376523627,0.8273265860281412,0.10911671397562198,-33.77757352941177,0.768369489153254,1.0691751554464564,53.767905243861044,0.0,48.1377443719436,1.2143903153373035,1.0639026059746737,0.9686437656008559,4.819127471263709,0.0,0.026780670899279196,Software—Application,Technology,APPS
2010Q4,2010,Q4,2010-07-15,2010-03-31,-40906000.0,-15838000.0,-42065000.0,-5.05962,-10243000.0,0.646735699,46781000.0,8074000.0,13205000.0,38707000.0,38707000.0,0.0,-87352000.0,15750000.0,41192000.0,1.0252698412698413,0.3411527630661121,0.5575340415980847,3.230369085954917,-1.212910384988668,1.0252698412698413,-5.066385930146148,-0.9944437428968305,-0.09625727277172054,1.9507059697795393,0.0,0.0,0.0,-0.3385562514696137,0.13824372852455627,-0.8744148265321391,-187.5,0.6467356989518879,-102.19239999999999,-434.3711087429971,0.0,25.93188266752059,-2.522217268539159,-70.92478632478633,-397.83962264150944,-64.80084989243838,0.0,-0.3622794058203373,Software—Application,Technology,APPS
2010Q3,2010,Q3,2010-02-16,2009-12-31,585000.0,9651000.0,106000.0,0.05,6729000.0,0.6972334473,86279000.0,48873000.0,13837000.0,37406000.0,37406000.0,0.0,-46446000.0,19925000.0,42841000.0,6.132120451693852,0.3699139175533337,0.2924118267481079,0.5162154973093528,0.0009741787183251706,6.132120451693852,0.011969799275673685,2.064552896072946,8.514957264957266,0.4076893172099114,0.0,0.0,0.0,0.11185804193372663,0.32716676469015665,0.006780328932880539,-39.145383104125735,0.6972334473111594,1.3333333333333335,1.213683408853068,1.770974679073987,3.6871693478062446,-0.05690259285213735,1.4870940882597836,1.2789473684210526,1.8580805460496148,0.0,2.635677176750113,Software—Application,Technology,APPS
2010Q2,2010,Q2,2009-11-16,2009-09-30,-1201000.0,10141000.0,-380000.0,-0.15,7135000.0,0.7035795286,87157000.0,47833000.0,14654000.0,39324000.0,39324000.0,0.0,-47031000.0,19931500.0,41630500.0,5.999673883049445,0.3726477469229987,0.2811707608109503,0.5123241276942696,-0.007684417387958465,5.999673883049445,-0.025108188907239773,1.9654373335962922,-4.148938384679433,0.4166893149081178,0.0,0.0,0.0,0.11635324758768659,0.3482097446851795,-0.01377973083057012,-15.054003021148036,0.7035795286460901,-0.4999999999999999,-2.8486176495075344,4.439622617819567,7.551715065484377,-0.012866629773104593,-0.2497398543184183,-1.7142857142857142,-0.42917410128674327,0.0,3.91951696688147,Software—Application,Technology,APPS
2010Q1,2010,Q1,2009-07-14,2009-06-30,-961000.0,10083000.0,-140000.0,-0.1,7228000.0,0.7168501438,89022000.0,48749000.0,16134000.0,16416000.0,40273000.0,0.0,-45830000.0,23884800.0,43495800.0,6.123015474276527,0.9828216374269005,0.26798993507222935,0.4893843976286693,-0.002824717838947665,6.123015474276527,-0.01971322488666434,2.3688188039274025,-6.213527575442248,0.4899546657367331,0.0,0.0,0.0,0.11326413695491003,0.9125243664717348,-0.010795084361169148,-12.026586102719033,0.7168501438064068,0.9756287775394815,-31.060609565620865,4.091956825454489,7.140034324724333,0.05920281359906213,0.9705828333537406,0.9956911144624665,-7.254702070708764,0.0,106.59654176556916,Software—Application,Technology,APPS
2009Q4,2009,Q4,2009-07-14,2009-03-31,-32668000.0,9902000.0,-32491000.0,-4.1032,6824000.0,0.6891537063,91190000.0,49024000.0,18006000.0,42139000.0,42166000.0,0.0,-44869000.0,36225280.0,53594280.0,6.157556270096463,0.4273001257742234,0.2554666081807216,0.4751958224543081,-0.4410172388966251,6.157556270096463,-0.6663674934725848,3.658380125227227,-0.27722297049100036,0.7389295039164491,0.0,0.0,0.0,0.10858646781445334,0.39564299105341844,-0.3582410352012282,320.57769911504425,0.6891537063219552,-10.723428571428572,-73.45332754764772,3.8494503484673617,5.718021586417351,-0.0349314099844435,-11.790916209866875,-28.945622119815667,-522.8010260573918,0.0,143.00187420228224,Software—Application,Technology,APPS
2009Q3,2009,Q3,2009-02-20,2008-12-31,-2554000.0,11005000.0,-1085000.0,-0.35,7071000.0,0.6425261245,125078000.0,81729000.0,19044000.0,19673000.0,43349000.0,0.0,-12201000.0,65390500.0,82071500.0,10.9362789701868,0.9680272454633254,0.1846207966229073,0.28254352800107674,-0.011980688128346365,10.9362789701868,-0.031249617638781826,5.941890049977283,-6.400792873923257,0.8000893195805651,0.0,0.0,0.0,0.08798509729928525,0.9274640370050323,-0.020419258382769152,-31.913372376769157,0.6425261244888687,0.2222222222222223,-8.449771809206734,4.056002223137811,9.749001626831271,1.2692554557124518,0.16014468924695824,0.5448825503355704,-6.87598027768686,0.0,308.81274367943934,Software—Application,Technology,APPS
2009Q2,2009,Q2,2008-11-14,2008-09-30,-3041000.0,5003000.0,-2384000.0,-0.45,3116000.0,0.6228263042,95911000.0,68621000.0,13973000.0,10139000.0,27290000.0,0.0,-9647000.0,77815200.0,87430200.0,10.582148474848102,1.378143801163823,0.17450553116952175,0.24390492706314393,-0.02862601497909718,10.582148474848102,-0.04431587997843226,15.553707775334798,-6.397171982900361,1.1339852231824077,0.0,0.0,0.0,0.05216294272815423,1.3142321727981063,-0.03170647788053508,-45.0058993637941,0.6228263042174695,0.09999999999999998,-2.110699653762748,0.47995764148794196,4.940123220384551,0.00678513731825525,0.08870242732993706,0.17821440882454326,-18.60892399177598,0.0,1344.8156524034214,Software—Application,Technology,APPS
2009Q1,2009,Q1,2008-08-14,2008-06-30,-3337000.0,5347000.0,-2901000.0,-0.5,3095000.0,0.57882925,98430000.0,71024000.0,16273000.0,9890000.0,27406000.0,0.0,-6606000.0,93757000.0,103884000.0,10.984225177853387,1.6453993933265925,0.17386975515594838,0.24096080198242847,-0.03365042812207594,10.984225177853387,-0.04698411804460464,17.53450533009164,-7.024048546598742,1.3200749042577156,0.0,0.0,0.0,0.054322869043990654,1.5670374115267947,-0.03390226556944021,-48.984848484848484,0.5788292500467552,-9.0,-2.289155298210307,0.07625576973242491,5.33305451326301,-0.0016129032258064516,0.0008982035928143712,0.0,-81.04183012237213,0.0,344.6495799944424,Software—Application,Technology,APPS
2008Q4,2008,Q4,2008-07-15,2008-03-31,-3340000.0,5350000.0,0.0,-0.05,3100000.0,0.5794392523,100100000.0,73000000.0,17600000.0,9300000.0,27100000.0,0.0,-3300000.0,129551720.0,135351720.0,16.876271499907528,1.89247311827957,0.16483516483516483,0.22602739726027396,0.0,16.876271499907528,-0.04575342465753424,24.21527476635514,-9.69698502994012,1.774681095890411,0.0,0.0,0.0,0.05344655344655345,1.8387096774193548,-0.03336663336663337,-50.21384496124031,0.5794392523364486,0.7275055861354842,-1.910379149295536,0.8764902705423528,6.696630239385812,0.0,-1.8133589062603974,1.0,-63.717728318758816,0.0,442.30745488212267,Software—Application,Technology,APPS
2008Q3,2008,Q3,2008-04-15,2007-12-31,-1187193.0,0.0,-1278023.0,-0.18349,0.0,0.0,7395920.0,6948583.0,7254662.0,447337.0,447337.0,0.0,-2971155.0,145575000.0,585657338.0,1.0739695517774344,16.2174423309496,0.0,0.0,,1.0739695517774344,-0.17085397123413507,0.0,-30.655293621171957,20.950314618102713,0.0,0.0,0.0,0.0,16.2174423309496,-0.16051998939956083,3311.9099078603117,0.0,-0.8348999999999998,-4.99986864149041,-1.0,1.8591735252257864,0.0,-1.6110230159341081,-1.3487759201504073,0.465816701875637,-1.0,1.4706264468788055,Software—Application,Technology,APPS
2008Q2,2008,Q2,2007-11-19,2007-09-30,-454685.0,0.0,-544123.0,-0.1,0.0,0.0,7387163.0,7126618.0,7387163.0,260545.0,260545.0,0.0,-1783962.0,67584000.0,320750337.0,1.73989697265625,28.35273369283617,0.0,0.0,,1.73989697265625,-0.06380095018422483,0.0,-37.15979194387323,9.48332013866886,0.0,0.0,0.0,0.0,28.32010976990539,-0.061550692735492636,-184.94831988309375,0.0,0.0,0.2636648513614431,-1.0,1.6478276579972175,0.0,-0.563485377301721,-0.4825997395137954,-2.362243493156986,-1.0,2.8999881377466976,Software—Application,Technology,APPS
2008Q1,2008,Q1,2007-08-16,2007-06-30,-290815.0,0.0,-367006.0,-0.1,0.0,0.0,5244084.0,5088583.0,5244084.0,155501.0,155501.0,0.0,-1321997.0,50190000.0,200446916.0,1.5207958756724447,33.723795988450235,0.0,0.0,,1.5207958756724447,-0.05715048767014314,0.0,-43.14598627993742,9.863256627630914,0.0,0.0,0.0,0.0,33.723795988450235,-0.05545582412486146,-289.2778715972819,0.0,0.0,-1.2171078857714104,-1.0,1.59992319222666,0.0,-0.10099644882599247,-0.38944794009192163,-22.64540002153581,-1.0,2.525022910158711,Software—Application,Technology,APPS
2007Q4,2007,Q4,2007-05-18,2007-03-31,-264138.0,0.0,-264138.0,-0.1,0.0,0.0,5417585.0,5379398.0,5417585.0,38187.0,38187.0,0.0,-1031182.0,36806000.0,31388415.0,1.6077101016138673,141.86987718333464,0.0,0.0,,1.6077101016138673,-0.049101776815918804,0.0,-34.835956961891135,6.842029535646925,0.0,0.0,0.0,0.0,141.86987718333464,-0.048755672499831565,-113.37202138932012,0.0,-0.1690437222352116,0.7024537997378636,-1.0,1.5426868121355939,0.0,0.0771407708137532,0.0771407708137532,-0.4324084304714711,-1.0,2.2318541043550435,Software—Application,Technology,APPS
2007Q3,2007,Q3,2006-12-31,2006-12-31,-286217.0,0.0,-286217.0,-0.08554,0.0,0.0,5742233.0,5643536.0,5742233.0,98697.0,98697.0,0.0,-767044.0,,,,,,,,,,,,,,,,,,,,,,,,,,,,,,,Software—Application,Technology,APPS
2007Q2,2007,Q2,2006-09-30,2006-09-30,-222357.0,0.0,-222357.0,-0.1,0.0,0.0,2756371.0,2572753.0,2756371.0,183618.0,183618.0,0.0,-438327.0,,,,,,,,,,,,,,,,,,,,,,,,,,,,,,,Software—Application,Technology,APPS
2007Q1,2007,Q1,2006-06-30,2006-06-30,-29245.0,0.0,-29245.0,-0.0146,0.0,0.0,8872.0,-115970.0,8872.0,124842.0,124842.0,0.0,-215970.0,,,,,,,,,,,,,,,,,,,,,,,,,,,,,,,Software—Application,Technology,APPS
