Quarters,Year,Quarter,FillingDate,Date,NetIncome,Revenue,OperatingIncome,EPSDiluted,GrossProfit,GrossProfitRatio,TotalAssets,CommonStockEquity,CurrentAssets,CurrentLiability,TotalLiability,Inventory,RetainedEarnings,MarketCap,EnterpriseValue,bookValuePerShare,currentRatio,debtToAssets,debtToEquity,roic,shareholdersEquityPerShare,roe,priceToSalesRatio,peRatio,pbRatio,payoutRatio,inventoryTurnover,dividendYield,assetTurnover,quickRatio,returnOnAssets,priceToFreeCashFlowsRatio,grossProfitMargin,epsdilutedGrowth,fiveYNetIncomeGrowthPerShare,fiveYRevenueGrowthPerShare,fiveYShareholdersEquityGrowthPerShare,grossProfitGrowth,netIncomeGrowth,operatingIncomeGrowth,threeYNetIncomeGrowthPerShare,threeYRevenueGrowthPerShare,threeYShareholdersEquityGrowthPerShare,Industry,Sector,Symbol
2023Q1,2023,Q1,2023-05-15,2023-03-31,-3325000.0,497000.0,-2653000.0,-0.94,-521000.0,-1.0482897384,352769000.0,326553000.0,115676000.0,16965000.0,24006000.0,0.0,0.0,330499516.2,221864516.2,92.6799281045362,6.818508694370763,0.03991847356201934,0.043123168367768784,-0.009038820762380913,92.6799281045362,-0.010182114388782219,664.9889661971831,-24.849587684210526,1.0120853772588216,0.0,0.0,0.0,0.0014088539525865368,6.818508694370763,-0.009425431372938099,-238.45563939393938,-1.0482897384305836,-0.17499999999999988,-1.9884441488305376,0.45005754546486654,-0.025461682655740503,0.12141652613827993,-0.2121764491432738,0.04842180774748924,-1.9884441488305376,0.45005754546486654,-0.025461682655740503,Real Estate—Development,Real Estate,OZ
2022Q4,2022,Q4,2023-03-31,2022-12-31,-2743000.0,412000.0,-2788000.0,-0.8,-593000.0,-1.4393203883,353995000.0,329482000.0,143467000.0,14217000.0,21343000.0,0.0,0.0,341652700.0,205311700.0,96.43769828249565,10.091228810578885,0.040260455656153334,0.04325577725035055,-0.0073462748309652,96.43769828249565,-0.008325189236437802,829.2541262135923,-31.138598250091142,1.036938891957679,0.0,0.0,0.0,0.0011638582465854038,10.091228810578885,-0.007748697015494569,-157.58888376383763,-1.4393203883495145,-1.0512820512820513,0.0,0.0,0.0,0.06614173228346457,-1.062406015037594,-0.6134259259259259,0.0,0.0,0.0,Real Estate—Development,Real Estate,OZ
2022Q3,2022,Q3,2022-11-10,2022-09-30,-1330000.0,338000.0,-1728000.0,-0.39,-635000.0,-1.8786982249,341753000.0,325379000.0,175843000.0,11575000.0,13406000.0,0.0,0.0,289671100.5,150176100.5,94.86019317277389,15.191619870410367,0.0,0.0,-0.005314725983341378,94.86019317277389,-0.004087540990660122,857.0150902366864,-54.449454981203004,0.8902575166190811,0.0,0.0,0.0,0.0009890183846228125,15.07023758099352,-0.0038916995607939067,-189.45134107259648,-1.878698224852071,0.31578947368421045,0.0,0.0,0.0,-0.03758169934640523,0.3115942028985507,0.25,0.0,0.0,0.0,Real Estate—Development,Real Estate,OZ
2022Q2,2022,Q2,2022-08-11,2022-06-30,-1932000.0,312000.0,-2304000.0,-0.57,-612000.0,-1.9615384615,337243000.0,322544000.0,182077000.0,9560000.0,11446000.0,0.0,-1886000.0,331059529.36,183932529.36,95.2064413941871,19.04571129707113,0.0,0.0,-0.007578629630843362,95.2064413941871,-0.005989880450419168,1061.0882351282053,-42.838966014492755,1.026401140185525,0.0,0.0,0.0,0.000925148928220897,19.04571129707113,-0.0057288068247524785,-279.6110889864865,-1.9615384615384615,-0.7812499999999998,0.0,0.0,0.0,-0.058823529411764705,-0.8089887640449438,0.06188925081433225,0.0,0.0,0.0,Real Estate—Development,Real Estate,OZ
2022Q1,2022,Q1,2022-05-16,2022-03-31,-1068000.0,329000.0,-2456000.0,-0.32,-578000.0,-1.7568389058,349033000.0,321647000.0,209957000.0,14447000.0,27187000.0,0.0,0.0,337876685.1,177129685.10000002,95.10136898167407,14.53291340762788,0.030934037755742293,0.033567855444011606,-0.0039273642206825434,95.10136898167407,-0.0033204102634254323,1026.980805775076,-79.09098433988764,1.0504580645863324,0.0,0.0,0.0,0.0009426042809705672,14.53291340762788,-0.0030598825898983766,-190.8907825423729,-1.756838905775076,0.0,0.0,0.0,0.0,0.0,0.0,0.0,0.0,0.0,0.0,Real Estate—Development,Real Estate,OZ
2021Q3,2021,Q3,2021-11-15,2021-09-30,51000.0,278000.0,-209000.0,0.036927,130000.0,0.4676258992805755,119928000.0,73769000.0,52114000.0,3920000.0,3920000.0,0.0,0.0,221665587.0,197786587.0,53.41345339274517,13.29438775510204,0.0,0.0,-0.002833168404072171,53.41345339274517,0.000691347313912348,797.3582266187051,1086.5960147058825,3.004860944299096,,0.0,,0.0023180575011673673,13.29438775510204,0.0004252551530918551,0.0,0.4676258992805755,0.0,0.0,0.0,0.0,0.0,0.0,0.0,0.0,0.0,0.0,Real Estate—Development,Real Estate,OZ
2020Q3,2020,Q3,2020-09-30,2020-09-30,0.0,0.0,0.0,0.0,0.0,0.0,,,,,,,,138247509.4,,,0.0,0.0,0.0,0.0,,0.0,0.0,0.0,0.0,0.0,0.0,,0.0,0.0,0.0,0.0,0.0,0.0,0.0,0.0,0.0,0.0,0.0,0.0,0.0,0.0,0.0,Real Estate—Development,Real Estate,OZ
2021Q4,2021,Q4,2022-03-11,2021-12-31,,,,,,,341426000.0,323683000.0,219901000.0,4761000.0,17551000.0,4013000.0,0.0,0.0,-181341000.0,0.0,46.18798571728628,0.03160274847258264,0.033335084017387384,,0.0,,0.0,0.0,0.0,0.0,,,,45.34509556815795,,0.0,0.0,0.0,0.0,0.0,0.0,0.0,0.0,0.0,0.0,0.0,0.0,Real Estate—Development,Real Estate,OZ
