Quarters,Year,Quarter,FillingDate,Date,NetIncome,Revenue,OperatingIncome,EPSDiluted,GrossProfit,GrossProfitRatio,TotalAssets,CommonStockEquity,CurrentAssets,CurrentLiability,TotalLiability,Inventory,RetainedEarnings,MarketCap,EnterpriseValue,bookValuePerShare,currentRatio,debtToAssets,debtToEquity,roic,shareholdersEquityPerShare,roe,priceToSalesRatio,peRatio,pbRatio,payoutRatio,inventoryTurnover,dividendYield,assetTurnover,quickRatio,returnOnAssets,priceToFreeCashFlowsRatio,grossProfitMargin,epsdilutedGrowth,fiveYNetIncomeGrowthPerShare,fiveYRevenueGrowthPerShare,fiveYShareholdersEquityGrowthPerShare,grossProfitGrowth,netIncomeGrowth,operatingIncomeGrowth,threeYNetIncomeGrowthPerShare,threeYRevenueGrowthPerShare,threeYShareholdersEquityGrowthPerShare,Industry,Sector,Symbol
2023Q1,2023,Q1,2023-05-04,2023-03-31,28070000.0,40167000.0,21429000.0,0.71,30808000.0,0.7669977843,169295000.0,164538000.0,62172000.0,3513000.0,4757000.0,-12562000.0,0.0,1162287880.0,1118811880.0,4.287970395079745,17.697694278394536,0.008996131013910629,0.009256220447556187,0.15812264323880282,4.287970395079745,0.17059888901044135,28.936387581845793,10.351691129319557,7.063948024164631,1.2486640541503384,-0.7450246775991084,0.030156040171390244,0.23726040343778612,17.697694278394536,0.16580525118875336,29.998396696347918,0.7669977842507532,-0.06578947368421058,1.1539324976987548,1.127433289264555,0.0,0.004958246346555324,-0.013634127486119895,-0.2469955724225174,1.8956987943723427,1.3457154495002694,0.0,Oil & Gas E&P,Energy,DMLP
2022Q4,2022,Q4,2023-02-23,2022-12-31,28458000.0,38883000.0,28458000.0,0.76,30656000.0,0.7884165316,176243000.0,0.0,62467000.0,3412000.0,4725000.0,0.0,0.0,1126086320.0,1086926320.0,0.0,18.308030480656505,0.009044330838671608,0.0,8.92659974905897,0.0,0.0,28.96089087776149,9.892528638695621,0.0,1.5871811090027408,0.0,0.04011060182313555,0.22062152823090847,18.308030480656505,0.16147024278978456,33.44479714879715,0.7884165316462207,-0.13636363636363635,0.716457580267914,0.708591984372467,0.0,-0.16299896248566592,-0.16791906669395631,-0.049943246311010214,1.12520192150923,0.8257366166548935,0.0,Oil & Gas E&P,Energy,DMLP
2022Q3,2022,Q3,2022-11-03,2022-09-30,34201000.0,44057000.0,29954000.0,0.88,36626000.0,0.8313321379,195113000.0,188228000.0,75578000.0,5504000.0,6885000.0,-17635000.0,0.0,938348720.0,888025720.0,5.010861463102971,13.731468023255815,0.008533516475068293,0.008845655269141679,0.1757881033241338,5.010861463102971,0.18169985336931807,21.298516013346347,6.859073711294991,4.985170750366576,1.1037104178240402,-0.4213779415934222,0.040228114767396926,0.22580248368893924,13.731468023255815,0.17528816634463107,20.42641647437851,0.83133213791225,-0.0833333333333333,3.0683917166750807,2.0336259450537746,0.0,-0.05794902132256488,-0.08367270389025828,-0.07978249516143897,1.4539672390378677,1.0785168273210264,0.0,Oil & Gas E&P,Energy,DMLP
2022Q2,2022,Q2,2022-08-04,2022-06-30,37324000.0,47459000.0,32551000.0,0.96,38879000.0,0.8192123728,177195000.0,171373000.0,72648000.0,4370000.0,5822000.0,-20341000.0,0.0,895686750.0,854448750.0,4.563253894288377,16.62425629290618,0.009808403171647056,0.010141620908777928,0.20997333630838227,4.563253894288377,0.21779393486721946,18.872853410312057,5.9994021942985745,5.226533642989269,0.7844282499196228,-0.4218081706897399,0.03268776723558767,0.26783487118711025,16.62425629290618,0.21063799768616495,22.949262087165952,0.8192123727849302,0.1566265060240964,2.6103927109612335,2.089887214252045,0.0,0.19016132488443996,0.2187826541274817,0.06292450365726228,1.5350606107218092,1.1274662792305914,0.0,Oil & Gas E&P,Energy,DMLP
2022Q1,2022,Q1,2022-05-05,2022-03-31,30624000.0,40401000.0,30624000.0,0.83,32667000.0,0.8085690948,168005000.0,0.0,58601000.0,3155000.0,4678000.0,0.0,0.0,959916450.0,928758450.0,0.0,18.574009508716323,0.010779441088062855,0.0,8.454997239094423,0.0,0.0,23.759720056434247,7.8363085325235105,0.0,0.7999934691745036,0.0,0.025522012879350076,0.24047498586351596,18.574009508716323,0.18228028927710485,33.78203237726553,0.8085690948243855,0.2388059701492536,1.9799493716007,1.6324162927919266,0.0,0.29533288393671436,0.28494104812654725,0.28494104812654725,0.9164533497396367,0.8571327405196124,0.0,Oil & Gas E&P,Energy,DMLP
2021Q4,2021,Q4,2022-02-24,2021-12-31,23833000.0,30304000.0,23833000.0,0.67,25219000.0,0.8322003696,146807000.0,0.0,46661000.0,2803000.0,4397000.0,0.0,0.0,700664950.0,674243950.0,0.0,16.646806992508026,0.012839987194071128,0.0,6.321750663129974,0.0,0.0,23.12120347148891,7.349735136155751,0.0,0.7812277094784542,0.0,0.02657332866443512,0.20642067476346496,16.646806992508026,0.16234239511739904,30.671727805988443,0.8322003695881732,0.36734693877551033,2.0057269201173002,1.444359830712768,0.0,0.33145029301515233,0.321779158116577,0.321779158116577,0.25596181048217426,0.23709306655816687,0.0,Oil & Gas E&P,Energy,DMLP
2021Q3,2021,Q3,2021-11-04,2021-09-30,18031000.0,23969000.0,18031000.0,0.49,18941000.0,0.7902290458508907,110306000.0,0.0,36551000.0,2712000.0,4378000.0,0.0,0.0,678713850.0000001,658347850.0000001,0.0,13.47750737463127,0.017759686689753956,0.0,4.6020929045431345,0.0,0.0,28.316318995369024,9.410374493927128,0.0,0.976928622927181,0.0,0.02595350013853408,0.2172955233622831,13.47750737463127,0.16346345620365166,35.257862337662345,0.7902290458508907,0.06521739130434775,1.3502502485424783,0.9446403891221721,0.0,0.09911216851389776,0.0921921376219032,0.0921921376219032,0.7716893150812776,0.5679000809950027,0.0,Oil & Gas E&P,Energy,DMLP
2021Q2,2021,Q2,2021-08-05,2021-06-30,16509000.0,21361000.0,16509000.0,0.46,17233000.0,0.8067506202893123,109414000.0,0.0,32343000.0,2164000.0,3902000.0,0.0,0.0,584492800.0,566046800.0,0.0,14.945933456561923,0.01858080318789186,0.0,4.060255779636006,0.0,0.0,27.362614109826318,8.851123629535406,0.0,0.6600642074020231,0.0,0.018643514513780154,0.19523095764710183,14.945933456561923,0.1508856270678341,33.018461190825896,0.8067506202893123,0.3939393939393939,1.4532179184666785,0.8872794092097557,0.0,0.23357193987115246,0.3989492415896958,0.3989492415896958,-0.0611730191871095,-0.05893364563172685,0.0,Oil & Gas E&P,Energy,DMLP
2021Q1,2021,Q1,2021-05-06,2021-03-31,11801000.0,17789000.0,11801000.0,0.33,13970000.0,0.7853167687897015,91278000.0,0.0,23570000.0,1783000.0,3594000.0,0.0,0.0,473728800.0,462515800.0,0.0,13.2192933258553,0.023105238940379937,0.0,2.7977714556661923,0.0,0.0,26.63043453819776,10.03577662909923,0.0,0.7356156257944242,0.0,0.018324830578170463,0.1948881439120051,13.2192933258553,0.12928635596748395,45.07838995147017,0.7853167687897015,0.8180142970611599,5.968069594522801,1.5685026920257066,0.0,0.6851628468033776,0.8746624305003972,0.8746624305003972,0.0019448872852283303,0.042493693612046704,0.0,Oil & Gas E&P,Energy,DMLP
2020Q4,2020,Q4,2021-02-25,2020-12-31,6295000.0,12112000.0,6295000.0,0.18151672433679353,8290000.0,0.684445178335535,88327000.0,0.0,18221000.0,1878000.0,3763000.0,0.0,0.0,378358800.0,369311800.0,0.0,9.70234291799787,0.02473762269747642,0.0,1.4405034324942791,0.0,0.0,31.238342140026422,15.026163621922162,0.0,1.841143764892772,0.0,0.030632299288400323,0.13712681286582812,9.70234291799787,0.07126926081492635,51.42141886382169,0.684445178335535,0.13447952710495953,1.0436451752854405,0.4495398872561503,0.0,0.05578196637799287,0.1203061042890194,0.1203061042890194,-0.588082435249486,-0.4225952685043272,0.0,Oil & Gas E&P,Energy,DMLP
2020Q3,2020,Q3,2020-11-05,2020-09-30,5619000.0,12545000.0,5619000.0,0.16,7852000.0,0.6259067357512953,94629000.0,0.0,21348000.0,2812000.0,4770000.0,0.0,0.0,358244400.0,345651400.0,0.0,7.591749644381223,0.023893309661942957,0.0,1.242591773551526,0.0,0.0,28.5567477082503,15.938974906567005,0.0,1.4328172272646378,0.0,0.02247348458203394,0.1325703536970696,7.591749644381223,0.059379260057699015,63.563591199432224,0.6259067357512953,4.333333333333334,0.8524386854564238,0.502131831240049,0.0,2.1345309381237523,3.713926174496644,3.713926174496644,-0.2760047247353113,-0.06435625720876596,0.0,Oil & Gas E&P,Energy,DMLP
2020Q2,2020,Q2,2020-08-06,2020-06-30,1192000.0,6795000.0,1192000.0,0.03,2505000.0,0.3686534216335541,97393000.0,0.0,15211000.0,3069000.0,5102000.0,0.0,0.0,443210400.0,433795400.0,0.0,4.956337569240795,0.02400583204131714,0.0,0.2549187339606501,0.0,0.0,65.22596026490066,92.95520134228187,0.0,14.299496644295303,0.0,0.03845803257324287,0.06976887455977329,4.956337569240795,0.012239072623289148,51.70443303779748,0.3686534216335541,-0.88,-0.7237047797291317,-0.274120373852866,0.0,-0.7654274744826295,-0.8639424723205114,-0.8639424723205114,-0.8751377387057947,-0.5209264621120635,0.0,Oil & Gas E&P,Energy,DMLP
2020Q1,2020,Q1,2020-05-07,2020-03-31,8761000.0,15476000.0,8761000.0,0.25,10679000.0,0.6900361850607392,113364000.0,0.0,28181000.0,3111000.0,5220000.0,0.0,0.0,322870800.0,305061800.0,0.0,9.058502089360335,0.021320701457252744,0.0,1.8123707074886222,0.0,0.0,20.862677694494703,9.213297568770688,0.0,1.4784841913023627,0.0,0.04011821446844992,0.13651600155252108,9.058502089360335,0.0772820295684697,18.098139013452915,0.6900361850607392,-0.2975752296928999,0.9224115398052636,0.5548345042910662,0.0,-0.2530600825347975,-0.2890529903432606,-0.2890529903432606,-0.09067813694496389,0.07556871028353485,0.0,Oil & Gas E&P,Energy,DMLP
2019Q4,2019,Q4,2020-02-27,2019-12-31,12323000.0,19599000.0,12323000.0,0.35591,14297000.0,0.7294759936731466,116883000.0,0.0,28282000.0,2362000.0,4547000.0,0.0,0.0,675514240.0,662670240.0,0.0,11.973751058425064,0.02134613245724357,0.0,2.4695390781563127,0.0,0.0,34.46677075360988,13.704338229327275,0.0,1.4550028402174795,0.0,0.026542741719256722,0.16768050101383436,11.973751058425064,0.10543021654132766,59.50094600546111,0.7294759936731466,0.01688571428571436,0.25451449118088765,0.22800800031682875,0.0,-0.018130622896779067,-0.042278697443071424,-0.042278697443071424,0.5891855816094378,0.6165399925980259,0.0,Oil & Gas E&P,Energy,DMLP
2019Q3,2019,Q3,2019-10-31,2019-09-30,12867000.0,19569000.0,12867000.0,0.35,14561000.0,0.744085032449282,123974000.0,0.0,31903000.0,3770000.0,6031000.0,0.0,0.0,646782000.0,627436000.0,0.0,8.462334217506632,0.02073015309661703,0.0,2.503307392996109,0.0,0.0,33.051356737697375,12.566682210305432,0.0,1.4341338307297737,0.0,0.028530478584747256,0.15784761320922128,8.462334217506632,0.10378789100940519,33.243318256578945,0.744085032449282,-0.0789473684210527,0.03756603621214997,0.10136709134719132,0.0,-0.0215039311874202,-0.05361871138570168,-0.05361871138570168,0.7122102980609406,0.6208526273632792,0.0,Oil & Gas E&P,Energy,DMLP
2019Q2,2019,Q2,2019-08-01,2019-06-30,13596000.0,20600000.0,13596000.0,0.38,14881000.0,0.722378640776699,128387000.0,0.0,32535000.0,2519000.0,4858000.0,0.0,0.0,628748400.0,610568400.0,0.0,12.915839618896387,0.020593985372350784,0.0,2.5711043872919817,0.0,0.0,30.521766990291262,11.561275375110325,0.0,1.270888496616652,0.0,0.027481580867641176,0.16045238225053937,12.915839618896387,0.105898572285356,35.70202714212708,0.722378640776699,-0.09523809523809519,-0.05076377753396912,0.013799630626254644,0.0,-0.015285865537321334,-0.02739824021746906,-0.02739824021746906,1.0208156112287257,0.8204636588316191,0.0,Oil & Gas E&P,Energy,DMLP
2019Q1,2019,Q1,2019-05-02,2019-03-31,13979000.0,19031000.0,13979000.0,0.42,15112000.0,0.7940728285429037,132187000.0,0.0,31986000.0,2558000.0,4975000.0,0.0,0.0,606750000.0,589563000.0,0.0,12.504300234558249,0.02056177990271358,0.0,2.571559970566593,0.0,0.0,31.882192212705586,10.851098075684956,0.0,1.233135417411832,0.0,0.028410383189122375,0.14397028452117078,12.504300234558249,0.1057517002428378,34.300978008932105,0.7940728285429037,-0.21637405078642458,0.02745654622298397,0.04043180841349462,0.0,-0.19221723326918966,-0.19201202242644932,-0.19201202242644932,7.84586587225489,1.9448330274374113,0.0,Oil & Gas E&P,Energy,DMLP
2018Q4,2018,Q4,2019-02-28,2018-12-31,17301000.0,22334000.0,17301000.0,0.53597,18708000.0,0.8376466374138085,87923000.0,0.0,30118000.0,486000.0,1276000.0,0.0,0.0,472579200.0,454294200.0,0.0,61.97119341563786,0.0,0.0,0.0,0.0,0.0,21.15963105578938,6.828784463325819,0.0,0.7666030865267903,0.0,0.028065137018302964,0.2540177200504987,61.97119341563786,0.19677445037134766,29.82513095613758,0.8376466374138085,0.9850740740740738,0.2500724898584852,0.12217098589918031,0.0,0.84387936132466,0.8645328160362108,0.8645328160362108,5.034294873981105,1.8716161213837792,0.0,Oil & Gas E&P,Energy,DMLP
2018Q3,2018,Q3,2018-11-01,2018-09-30,9279000.0,13938000.0,9279000.0,0.27,10146000.0,0.7279380111924236,85472000.0,0.0,25584000.0,2139000.0,2863000.0,0.0,0.0,639466800.0,623763800.0,0.0,11.960729312762973,0.0,0.0,0.0,0.0,0.0,45.879380111924235,17.22887164565147,0.0,1.9240219851277078,0.0,0.02791857216043116,0.16307094721078247,11.960729312762973,0.10856186821415201,45.84648695153427,0.7279380111924236,-0.44897959183673464,-0.17967838107876208,-0.1943439136569615,0.0,-0.4209895565827769,-0.43296260083109267,-0.43296260083109267,2.286484190005362,0.7930128684824089,0.0,Oil & Gas E&P,Energy,DMLP
2018Q2,2018,Q2,2018-08-06,2018-06-30,16364000.0,21123000.0,16364000.0,0.49,17523000.0,0.8295696634000852,93487000.0,0.0,31197000.0,1645000.0,2304000.0,0.0,0.0,664968000.0,645360000.0,0.0,18.964741641337387,0.0,0.0,0.0,0.0,0.0,31.48075557449226,10.159007577609387,0.0,0.852603275482767,0.0,0.02098146076202163,0.22594585343416732,18.964741641337387,0.17504037994587482,36.49659714599341,0.8295696634000852,0.48484848484848475,0.29316943480512264,0.1606093849244091,0.0,0.40826167322992846,0.49265711940162366,0.49265711940162366,3.0750425716801884,1.4242438782931952,0.0,Oil & Gas E&P,Energy,DMLP
2018Q1,2018,Q1,2018-05-03,2018-03-31,10963000.0,15883000.0,10963000.0,0.33,12443000.0,0.7834162311905811,90829000.0,0.0,26255000.0,1410000.0,2058000.0,0.0,0.0,519708000.00000006,504316000.00000006,0.0,18.620567375886523,0.0,0.0,0.0,0.0,0.0,32.72102247686206,11.851409285779441,0.0,1.1801514184073703,0.0,0.024894748589592616,0.1748670578779905,18.620567375886523,0.12069933611511742,35.96346273614283,0.7834162311905811,-0.25117429485579434,0.36217397993109457,0.14187307805453983,0.0,-0.1917505683663527,-0.22953123901890504,-0.22953123901890504,1.5844471839526202,0.7143660092827017,0.0,Oil & Gas E&P,Energy,DMLP
2017Q4,2017,Q4,2018-03-08,2017-12-31,14229000.0,19531000.0,14229000.0,0.44069,15395000.0,0.7882340893963443,92047000.0,0.0,25355000.0,637000.0,1301000.0,0.0,0.0,490808000.0,476981000.0,0.0,39.803767660910516,0.0,0.0,0.0,0.0,0.0,25.12969126004813,8.623374797947852,0.0,0.6702508960573477,0.0,0.019431223614937,0.21218507936163047,39.803767660910516,0.15458407118102707,41.57980345645544,0.7882340893963443,1.0031363636363637,-0.028420195303810493,-0.17783120465026103,0.0,0.840406455469217,0.9696843853820598,0.9696843853820598,0.5532551680086714,0.31220279167295695,0.0,Oil & Gas E&P,Energy,DMLP
2017Q3,2017,Q3,2017-11-03,2017-09-30,7224000.0,12480000.0,7224000.0,0.22,8365000.0,0.6702724358974359,88305000.0,0.0,19088000.0,1789000.0,2251000.0,0.0,0.0,485814000.0,474257000.0,0.0,10.669647847959753,0.0,0.0,0.0,0.0,0.0,38.927403846153844,16.8125,0.0,1.494186046511628,0.0,0.022218379873778855,0.14132835060302362,10.669647847959753,0.08180737217598097,48.93372280419017,0.6702724358974359,-0.15384615384615388,-0.15551554602115236,-0.06632974697659054,0.0,-0.12946196274326152,-0.14498757249378624,-0.14498757249378624,-0.3741622639808504,-0.2453881678605658,0.0,Oil & Gas E&P,Energy,DMLP
2017Q2,2017,Q2,2017-08-03,2017-06-30,8449000.0,12553000.0,8449000.0,0.26,9609000.0,0.7654743885923684,91341000.0,0.0,19818000.0,1657000.0,1717000.0,0.0,0.0,443513850.0,430919850.0,0.0,11.96016898008449,0.0,0.0,0.0,0.0,0.0,35.331303274117744,13.12326458752515,0.0,1.157060007101432,0.0,0.022042152685874408,0.13743006973867158,11.96016898008449,0.09249953471058998,39.76276223776224,0.7654743885923684,-0.03703703703703707,-0.027183748947695343,-0.15936489839989726,0.0,-0.037656484727090635,-0.008566064304153954,-0.008566064304153954,-0.33348764234477823,-0.301973056458024,0.0,Oil & Gas E&P,Energy,DMLP
2017Q1,2017,Q1,2017-05-04,2017-03-31,8522000.0,12727000.0,8522000.0,0.27,9985000.0,0.7845525261255598,68522000.0,0.0,17798000.0,754000.0,754000.0,0.0,0.0,527610000.0,517002000.0,0.0,23.604774535809018,0.0,0.0,0.0,0.0,0.0,41.455959770566515,15.477880779159822,0.0,0.9023703356019713,0.0,0.014575159682341125,0.18573596801027406,23.604774535809018,0.12436881585476198,52.311124330755504,0.7845525261255598,0.20578778135048234,0.16771718278980535,-0.02152687014684408,0.0,0.2648847225741069,0.24028525687672828,0.24028525687672828,-0.3392261766302242,-0.26598996481919374,0.0,Oil & Gas E&P,Energy,DMLP
2016Q4,2016,Q4,2017-03-02,2016-12-31,6871000.0,10743000.0,6871000.0,0.22392,7894000.0,0.7348040584566694,67211000.0,0.0,14769000.0,275000.0,275000.0,0.0,0.0,538434000.0,530222000.0,0.0,53.70545454545454,0.0,0.0,0.0,0.0,0.0,50.1195196872382,19.590816475040025,0.0,1.1641682433415805,0.0,0.014856045494898166,0.1598399071580545,53.70545454545454,0.10223028968472422,80.18376768428891,0.7348040584566694,0.06628571428571436,-0.47943025986817184,-0.19906061283829116,0.0,0.02559438742367156,0.033699413269143975,0.033699413269143975,-0.47764938421772846,-0.4320680905053923,0.0,Oil & Gas E&P,Energy,DMLP
2016Q3,2016,Q3,2016-11-03,2016-09-30,6647000.0,10679000.0,6647000.0,0.21,7697000.0,0.7207603708212379,69296000.0,0.0,14904000.0,1232000.0,1232000.0,0.0,0.0,472701750.0,463205750.0,0.0,12.097402597402597,0.0,0.0,0.0,0.0,0.0,44.26460810937353,17.778762975778548,0.0,1.2289754776590944,0.0,0.017281509958446316,0.15410701916416533,12.097402597402597,0.0959218425305934,58.05007368291784,0.7207603708212379,0.1052631578947368,-0.4223014079610638,-0.23288556856547668,0.0,0.10224831734211656,0.1169551335909931,0.1169551335909931,-0.38161689459484605,-0.350425790754258,0.0,Oil & Gas E&P,Energy,DMLP
2016Q2,2016,Q2,2016-08-04,2016-06-30,5951000.0,10009000.0,5951000.0,0.19,6983000.0,0.6976720951143971,70738000.0,0.0,14252000.0,1152000.0,1152000.0,0.0,0.0,442333500.0,432811500.0,0.0,12.371527777777779,0.0,0.0,0.0,0.0,0.0,44.19357578179638,18.58231809779869,0.0,0.7889430347840699,0.0,0.010614163295341636,0.14149396364047612,12.371527777777779,0.08412734315360909,49.4227374301676,0.6976720951143971,2.8000000000000003,-0.3908904810644831,-0.30589459084604725,0.0,1.0641442506650902,2.972630173564753,2.972630173564753,-0.5051143451143452,-0.42127782596126057,0.0,Oil & Gas E&P,Energy,DMLP
2016Q1,2016,Q1,2016-05-05,2016-03-31,1498000.0,6126000.0,1498000.0,0.05,3383000.0,0.5522363695723147,68946000.0,0.0,10203000.0,607000.0,616000.0,0.0,0.0,349388250.0,344121250.0,0.0,16.808896210873147,0.0,0.0,0.0,0.0,0.0,57.033667972575905,58.30912049399199,0.0,4.231642189586115,0.0,0.018143140188601074,0.08885214515707945,16.808896210873147,0.02172714878310562,78.16291946308725,0.5522363695723147,-0.4380759721285682,-0.8064599483204135,-0.4982800982800982,0.0,-0.1949071870537839,-0.4502752293577982,-0.4498714652956298,-0.8041317991631799,-0.536541080344984,0.0,Oil & Gas E&P,Energy,DMLP
2015Q4,2015,Q4,2016-02-25,2015-12-31,2725000.0,7392000.0,2723000.0,0.08898,4202000.0,0.5684523809523809,73729000.0,0.0,12780000.0,535000.0,558000.0,0.0,0.0,303425200.0,296289200.0,0.0,23.88785046728972,0.0,0.0,0.0,0.0,0.0,41.04778138528138,27.837174311926606,0.0,2.273394495412844,0.0,0.020416893521039123,0.10025905681617817,23.88785046728972,0.03695967665369122,58.172009202453985,0.5684523809523809,0.11225000000000002,-0.6789963482153375,-0.316504854368932,0.0,0.12172984516817939,0.015654118524040254,0.015665796344647518,-0.8041681638519583,-0.6725001107615968,0.0,Oil & Gas E&P,Energy,DMLP
2015Q3,2015,Q3,2015-11-05,2015-09-30,2683000.0,7387000.0,2681000.0,0.08,3746000.0,0.5071070800054149,78460000.0,0.0,15314000.0,1783000.0,1819000.0,0.0,0.0,443560500.0,435447500.0,0.0,8.588895120583286,0.0,0.0,0.0,0.0,0.0,60.04609449032083,41.330646664181884,0.0,1.989563920983973,0.0,0.01203443498688454,0.09414988529186846,8.570947840717892,0.03419576854448127,69.27385600499765,0.5071070800054149,-0.3333333333333333,-0.7186451342281879,-0.47643348217449855,0.0,-0.24506247480854493,-0.2969077568134172,-0.2970634504457263,-0.6699471029646943,-0.41843804125334594,0.0,Oil & Gas E&P,Energy,DMLP
2015Q2,2015,Q2,2015-08-06,2015-06-30,3816000.0,8280000.0,3814000.0,0.12,4962000.0,0.5992753623188406,81125000.0,0.0,14912000.0,1779000.0,1829000.0,0.0,0.0,656138250.0,649110250.0,0.0,8.382237211916808,0.0,0.0,0.0,0.0,0.0,79.24375,42.985996462264154,0.0,2.5469077568134173,0.0,0.014812427106634921,0.10206471494607088,8.356942102304666,0.047038520801232664,108.93877635729703,0.5992753623188406,-0.07692307692307698,-0.518910741301059,-0.4191919191919191,0.0,-0.0646559849198869,-0.05333664103200198,-0.05359801488833747,-0.5603686635944701,-0.4451889573840793,0.0,Oil & Gas E&P,Energy,DMLP
2015Q1,2015,Q1,2015-05-07,2015-03-31,4031000.0,8804000.0,4030000.0,0.13,5305000.0,0.6025670149931849,86497000.0,0.0,18004000.0,1298000.0,1298000.0,0.0,0.0,697549500.0,686876500.0,0.0,13.870570107858244,0.0,0.0,0.0,0.0,0.0,79.23097455701954,43.26156660878194,0.0,3.809476556685686,0.0,0.022014208310664692,0.10178387689746465,13.825885978428351,0.04660277235048614,69.4079104477612,0.6025670149931849,-0.5415594033219311,-0.5605584374722088,-0.4486819875830474,0.0,-0.5110599078341014,-0.5368795955882353,-0.5369944852941176,-0.4476568922992601,-0.32313369723994767,0.0,Oil & Gas E&P,Energy,DMLP
2014Q4,2014,Q4,2015-02-19,2014-12-31,8704000.0,14142000.0,8704000.0,0.28357,10850000.0,0.7672182152453684,97509000.0,0.0,26465000.0,985000.0,985000.0,0.0,0.0,783260400.0,767348400.0,0.0,26.868020304568528,0.0,0.0,0.0,0.0,0.0,55.385405176071274,22.497139246323528,0.0,1.6376378676470589,0.0,0.018198290121650473,0.14503276620619635,26.868020304568528,0.08926355515901097,73.5386724251244,0.7672182152453684,-0.18979999999999997,-0.034297750624719056,-0.045644094655384215,0.0,-0.07745939971090894,-0.20649102014768894,-0.2062015503875969,-0.3405561027350556,0.054350257213151495,0.0,Oil & Gas E&P,Energy,DMLP
2014Q3,2014,Q3,2014-11-07,2014-09-30,10969000.0,15716000.0,10965000.0,0.35,11761000.0,0.748345635021634,103521000.0,0.0,30443000.0,1447000.0,1447000.0,0.0,0.0,907059750.0,891160750.0,0.0,21.038700760193503,0.0,0.0,0.0,0.0,0.0,57.715687834054464,20.673255310420277,0.0,1.4231014677728142,0.0,0.01720945064534062,0.15181460766414545,21.03040774015204,0.10595917736497909,61.59161743735995,0.748345635021634,-0.10256410256410266,1.416854891036983,0.42800269970254834,0.0,-0.13964886613021216,-0.13418580787749626,-0.13052097375307273,-0.04667130192942818,0.1289418863587385,0.0,Oil & Gas E&P,Energy,DMLP
2014Q2,2014,Q2,2014-08-07,2014-06-30,12669000.0,17973000.0,12611000.0,0.39,13670000.0,0.7605853224280865,108013000.0,0.0,28736000.0,1298000.0,1298000.0,0.0,0.0,936814500.0,920005500.0,0.0,22.138674884437595,0.0,0.0,0.0,0.0,0.0,52.123435152729094,18.48635448733128,0.0,1.242481648117452,0.0,0.016802686124093937,0.16639663744178942,22.119414483821263,0.11729143714182552,58.580196348174084,0.7605853224280865,-0.04878048780487796,1.5599388618981447,0.7097107521897333,0.0,0.02144511693940073,-0.01767852989067225,0.02972156446476688,0.29672466734902775,0.24639389736477105,0.0,Oil & Gas E&P,Energy,DMLP
2014Q1,2014,Q1,2014-05-08,2014-03-31,12897000.0,17339000.0,12247000.0,0.41,13383000.0,0.7718438202895207,110902000.0,0.0,28832000.0,1114000.0,1115000.0,0.0,0.0,803685000.0,787154000.0,0.0,25.881508078994614,0.0,0.0,0.0,0.0,0.0,46.351289001672534,15.578913700860664,0.0,1.1579437078390324,0.0,0.018581907090464547,0.15634524174496403,25.848294434470375,0.11629186128293448,49.33609576427256,0.7718438202895207,-0.04344174326909623,2.1435605935552533,0.809000421906322,0.0,-0.08579821026026369,-0.01953778318382241,-0.06866920152091255,0.6662790697674418,0.42006552006552017,0.0,Oil & Gas E&P,Energy,DMLP
2013Q4,2013,Q4,2014-02-20,2013-12-31,13154000.0,18916000.0,13150000.0,0.42862,14639000.0,0.7738951152463523,112785000.0,0.0,28198000.0,950000.0,961000.0,0.0,0.0,797066400.0,781891400.0,0.0,29.682105263157894,0.0,0.0,0.0,0.0,0.0,42.13715373229012,15.148745628706099,0.0,1.1008058385282042,0.0,0.018166616984482097,0.1677173382985326,29.682105263157894,0.11662898435075586,57.384190064794815,0.7738951152463523,0.26064705882352934,0.25900530066880956,0.14716026060501003,0.0,0.26711676620791136,0.22374174341799238,0.22690800522485538,0.5495346919542937,0.749052242256126,0.0,Oil & Gas E&P,Energy,DMLP
2013Q3,2013,Q3,2013-11-07,2013-09-30,10749000.0,16440000.0,10718000.0,0.34,11553000.0,0.7027372262773722,114700000.0,0.0,27171000.0,1530000.0,1550000.0,0.0,0.0,733132500.0,717367500.0,0.0,17.758823529411764,0.0,0.0,0.0,0.0,0.0,44.59443430656934,17.051179179458554,0.0,1.1700623313796632,0.0,0.01715515271796026,0.14333042720139494,17.750326797385622,0.09371403661726242,49.435772083614296,0.7027372262773722,-0.1052631578947368,-0.4676848898703328,-0.381917634455606,-1.0,-0.10142334914832388,-0.10611226611226611,-0.0981151127566476,0.12720218120805377,0.16521369338719982,0.0,Oil & Gas E&P,Energy,DMLP
2013Q2,2013,Q2,2013-08-07,2013-06-30,12025000.0,17295000.0,11884000.0,0.38,12857000.0,0.743394044521538,116625000.0,0.0,25549000.0,1617000.0,1647000.0,0.0,0.0,747856500.0,734344500.0,0.0,15.800247371675944,0.0,0.0,0.0,0.0,0.0,43.24119687771032,15.547952182952184,0.0,1.1783783783783783,0.0,0.01894748524616688,0.14829581993569133,15.782312925170068,0.10310825294748124,57.33776738480411,0.743394044521538,0.5833333333333334,-0.5221251727635863,-0.4507343566497291,-1.0,0.5042705042705042,0.5723064853556485,0.5538702928870293,0.5160110943015633,0.21317340067340085,0.0,Oil & Gas E&P,Energy,DMLP
2013Q1,2013,Q1,2013-05-09,2013-03-31,7648000.0,13218000.0,7648000.0,0.24,8547000.0,0.6466182478438492,117994000.0,0.0,23650000.0,831000.0,871000.0,0.0,0.0,723009750.0,708370750.0,0.0,28.459687123947052,0.0,0.0,0.0,0.0,0.0,54.69887653200182,23.63394841788703,0.0,1.8028242677824269,0.0,0.019070282247231108,0.11202264521924844,28.409145607701564,0.06481685509432683,49.40278442090878,0.6466182478438492,-0.4710394075641365,-0.5430955777083541,-0.4279453183403508,-1.0,0.7593659942363112,-0.45037729069349625,-0.45037729069349625,-0.16624930036900337,-0.172271525655693,0.0,Oil & Gas E&P,Energy,DMLP
2012Q4,2012,Q4,2013-02-21,2012-12-31,13915000.0,22571000.0,13915000.0,0.45372,4858000.0,0.21523193478357183,123800000.0,0.0,26070000.0,487000.0,537000.0,0.0,0.0,623663040.0,609871040.0,0.0,53.53182751540041,0.0,0.0,0.0,0.0,0.0,27.631165655044082,11.204869565217392,0.0,0.7863456701401366,0.0,0.01754473056476138,0.18231825525040388,53.53182751540041,0.11239903069466882,50.344126574103974,0.21523193478357183,0.7450769230769231,0.035518729110280464,0.13393264657004278,-1.0,-0.5688675896343628,0.7117726657645467,0.7115621156211562,0.5438587775800819,0.5231768589685563,0.0,Oil & Gas E&P,Energy,DMLP
2012Q3,2012,Q3,2012-11-08,2012-09-30,8129000.0,12702000.0,8130000.0,0.26,11268000.0,0.8871043930089749,121955000.0,0.0,20435000.0,1605000.0,1665000.0,0.0,0.0,675156750.0,662810750.0,0.0,12.73208722741433,0.0,0.0,0.0,0.0,0.0,53.15357817666509,20.763831652109733,0.0,1.7895190060278017,0.0,0.021546107626117934,0.1041531712516912,12.724610591900312,0.06665573367225616,58.49057870570909,0.8871043930089749,-0.03703703703703707,-0.21007862809535438,-0.2053745868808031,-1.0,-0.17901639344262296,-0.06347926267281107,-0.06336405529953917,0.7911034195678397,0.15414165764964177,0.0,Oil & Gas E&P,Energy,DMLP
2012Q2,2012,Q2,2012-08-08,2012-06-30,8680000.0,14924000.0,8680000.0,0.27,13725000.0,0.9196596086839989,127772000.0,0.0,22253000.0,994000.0,1064000.0,0.0,0.0,673316250.0,657966250.0,0.0,22.387323943661972,0.0,0.0,0.0,0.0,0.0,45.1163394532297,19.392749135944698,0.0,1.9754608294930875,0.0,0.02546648770173006,0.11680180321197133,22.362173038229376,0.06793350655855743,45.04992974708952,0.9196596086839989,0.1739130434782609,-0.3386048365239054,-0.21993278377445044,-1.0,0.14613778705636743,0.18936694984927377,0.19132583035959375,0.7539087000770304,0.41966968595557685,0.0,Oil & Gas E&P,Energy,DMLP
2012Q1,2012,Q1,2012-05-09,2012-03-31,7298000.0,13007000.0,7286000.0,0.23,11975000.0,0.9206581071730606,135914000.0,0.0,25913000.0,659000.0,739000.0,0.0,0.0,805218750.0,787667750.0,0.0,39.3216995447648,0.0,0.0,0.0,0.0,0.0,61.906569539478745,27.583541723759936,0.0,1.9503973691422307,0.0,0.017677183995032406,0.09570022219933193,39.26555386949924,0.05369571935194314,45.88925457343136,0.9206581071730606,-0.4654270772806508,-0.26354484724342797,-0.18618346503211078,-1.0,-0.02028961793340424,-0.4470793241912266,-0.4479884839760588,0.778840444426319,0.3570372275065189,0.0,Oil & Gas E&P,Energy,DMLP
2011Q4,2011,Q4,2012-02-24,2011-12-31,13199000.0,13413000.0,13199000.0,0.43025,12223000.0,0.9112801013941698,142769000.0,0.0,28456000.0,568000.0,658000.0,0.0,0.0,695208800.0,680970800.0,0.0,50.098591549295776,0.0,0.0,0.0,0.0,0.0,51.830969954521734,13.167830896280021,0.0,1.0978862035002652,0.0,0.020844097485532405,0.09394896651233811,50.098591549295776,0.09245004167571391,53.51876828329484,0.9112801013941698,0.195138888888889,0.21870549681849458,-0.20973849189854069,-1.0,-0.03824061688567157,0.14714062228402572,0.1508413985526201,0.26331237369071137,-0.1865690116570629,0.0,Oil & Gas E&P,Energy,DMLP
2011Q3,2011,Q3,2011-11-02,2011-09-30,11506000.0,13921000.0,11469000.0,0.36,12709000.0,0.9129372889878601,144996000.0,0.0,25975000.0,1494000.0,1593000.0,0.0,0.0,729451500.0,713712500.0,0.0,17.386211512717537,0.0,0.0,0.0,0.0,0.0,52.3993606781122,15.849372066747785,0.0,1.1525291152442203,0.0,0.01817941288762858,0.09600954509089905,17.37817938420348,0.07935391321139894,48.989355271994626,0.9129372889878601,0.16129032258064513,0.019307811852010744,-0.24152555931308053,-1.0,-0.02969919071613987,0.17768679631525078,0.17389969293756397,-0.4301965152896129,-0.4766225905873778,-1.0,Oil & Gas E&P,Energy,DMLP
2011Q2,2011,Q2,2011-08-05,2011-06-30,9770000.0,14420000.0,9770000.0,0.31,13098000.0,0.9083217753120666,146293000.0,0.0,22457000.0,1026000.0,1135000.0,0.0,0.0,825464250.0,811354250.0,0.0,21.887914230019494,0.0,0.0,0.0,0.0,0.0,57.24440013869626,21.122421954964178,0.0,1.3821903787103378,0.0,0.01635927903600913,0.09856930953634145,21.8635477582846,0.06678378322954619,60.32331555100848,0.9083217753120666,0.2916666666666667,-0.46426520294582996,-0.42600606609557745,-1.0,0.18437471742472195,0.2622739018087855,0.2622739018087855,-0.6117391216549054,-0.5420404407568138,-1.0,Oil & Gas E&P,Energy,DMLP
2011Q1,2011,Q1,2011-05-05,2011-03-31,7740000.0,12210000.0,7740000.0,0.24,11059000.0,0.9057330057330057,150064000.0,0.0,21647000.0,1053000.0,1172000.0,0.0,0.0,896937000.0,883007000.0,0.0,20.557454890788225,0.0,0.0,0.0,0.0,0.0,73.45921375921375,28.970833333333328,0.0,1.453359173126615,0.0,0.012541572039061831,0.08136528414543129,20.522317188983855,0.05157799338948715,64.40736751400259,0.9057330057330057,-0.13272865247714374,-0.4543955488492082,-0.4165794967464671,-1.0,0.1180871499342837,-0.08823182942631641,-0.08293838862559241,-0.537599342502963,-0.4715700058205238,-1.0,Oil & Gas E&P,Energy,DMLP
2010Q4,2010,Q4,2011-02-24,2010-12-31,8489000.0,10815000.0,8440000.0,0.27673,9891000.0,0.9145631067961165,153111000.0,0.0,20452000.0,581000.0,710000.0,0.0,0.0,842779600.0,831526600.0,0.0,35.2013769363167,0.0,0.0,0.0,0.0,0.0,77.92691631992602,24.819754977029095,0.0,1.7636941924843916,0.0,0.01776502421273605,0.07063502948841037,35.2013769363167,0.05544343646112951,85.37935366224293,0.9145631067961165,-0.07756666666666671,-0.5731295052291909,-0.5978315298829094,-1.0,-0.23968022138519487,-0.10979446308724833,-0.1131659136282442,-0.3682703204155824,-0.45667087977249515,-1.0,Oil & Gas E&P,Energy,DMLP
2010Q3,2010,Q3,2010-11-05,2010-09-30,9536000.0,14109000.0,9517000.0,0.3,13009000.0,0.9220355801261606,160641000.0,0.0,23840000.0,1618000.0,1757000.0,0.0,0.0,824850750.0,808496750.0,0.0,14.73423980222497,0.0,0.0,0.0,0.0,0.0,58.462736551137574,21.624652632130875,0.0,1.3724832214765101,0.0,0.015867112929217803,0.08782938353222403,14.726823238566132,0.05936218026531209,53.79929232976781,0.9220355801261606,0.19999999999999996,-0.4647914059094583,-0.4508510941147151,-1.0,-0.023275020647195735,0.2022188603126576,0.20073176886197325,-0.07335586142419724,-0.11735396365149196,-1.0,Oil & Gas E&P,Energy,DMLP
2010Q2,2010,Q2,2010-08-05,2010-06-30,7932000.0,14256000.0,7926000.0,0.25,13319000.0,0.934273288439955,163782000.0,0.0,21913000.0,1197000.0,1346000.0,0.0,0.0,783132750.0,769022750.0,0.0,18.306599832915623,0.0,0.0,0.0,0.0,0.0,54.933554292929294,24.68270139939486,0.0,1.7907211296016137,0.0,0.018137410292188648,0.08704253214638971,18.285714285714285,0.04843023042825219,58.79375,0.934273288439955,-0.13793103448275856,-0.28345078439459154,-0.22624984540446957,-1.0,-0.07048642612882965,-0.1113600717006498,-0.11183325862841775,-0.3956006409340574,-0.25484868436669567,-1.0,Oil & Gas E&P,Energy,DMLP
2010Q1,2010,Q1,2010-05-06,2010-03-31,8926000.0,15539000.0,8924000.0,0.29,14329000.0,0.9221314112877277,169843000.0,0.0,23435000.0,976000.0,1135000.0,0.0,0.0,632201820.0,617483820.0,0.0,24.01127049180328,0.0,0.0,0.0,0.0,0.0,40.684845871677716,17.706750504145194,0.0,1.1129285234147435,0.0,0.01571333660507336,0.09149037640644596,23.973360655737704,0.05255441790359332,44.77032929679201,0.9221314112877277,-0.012862356026913093,0.07222537627643684,0.021141598282422874,-1.0,0.04935920908092274,0.017903979929296383,0.08025662752693379,-0.07433442249772916,-0.000857986239497051,-1.0,Oil & Gas E&P,Energy,DMLP
2009Q4,2009,Q4,2010-02-25,2009-12-31,8769000.0,14417000.0,8261000.0,0.2937786860531341,13655000.0,0.9471457307345494,152768000.0,0.0,19246000.0,568000.0,737000.0,0.0,0.0,635186720.0,625062720.0,0.0,33.88380281690141,0.0,0.0,0.0,0.0,0.0,44.0581757647222,18.10886988254077,0.0,1.011517846960885,0.0,0.013964397744335713,0.09437185798072895,33.88380281690141,0.05740076455802262,73.02675557599449,0.9471457307345494,1.0984191860938148,0.008792569812804825,-0.12074668912449059,-1.0,0.4093301682320157,0.9861834654586636,0.8800637232589895,-0.16778913691037137,-0.12693742484722667,-1.0,Oil & Gas E&P,Energy,DMLP
2009Q3,2009,Q3,2009-11-05,2009-09-30,4415000.0,10706000.0,4394000.0,0.14,9689000.0,0.905006538389688,153769000.0,0.0,15951000.0,1459000.0,1637000.0,0.0,0.0,673488800.0,663476800.0,0.0,10.932830705962989,0.0,0.0,0.0,0.0,0.0,62.9076032131515,38.1363986409966,0.0,1.8994337485843715,0.0,0.012451580486564886,0.06962391639407163,10.919122686771761,0.028711899017357205,73.35680209127545,0.905006538389688,-0.12499999999999993,-0.4928864455184609,-0.32750781599882156,-1.0,0.09604072398190046,-0.031585874095196316,-0.03428571428571429,-0.5979339128676008,-0.40036978501347303,-1.0,Oil & Gas E&P,Energy,DMLP
2009Q2,2009,Q2,2009-08-06,2009-06-30,4559000.0,9684000.0,4550000.0,0.16,8840000.0,0.9128459314332921,157340000.0,0.0,14998000.0,1049000.0,1237000.0,0.0,0.0,644423690.0,635206690.0,0.0,14.297426120114395,0.0,0.0,0.0,0.0,0.0,66.54519723254853,35.337995722746214,0.0,2.554068874753235,0.0,0.01806885777274886,0.06154823948137791,14.273593898951383,0.02897546714122283,82.03993507320179,0.9128459314332921,0.23076923076923075,-0.4030522494601022,-0.30742958777973745,-1.0,0.09338280766852196,0.2070426264230871,0.21333333333333335,-0.7286261258668261,-0.581553467201055,-1.0,Oil & Gas E&P,Energy,DMLP
2009Q1,2009,Q1,2009-05-07,2009-03-31,3777000.0,8824000.0,3750000.0,0.13,8085000.0,0.9162511332728921,127507000.0,0.0,16858000.0,778000.0,976000.0,0.0,0.0,461159199.99999994,449120199.99999994,0.0,21.668380462724937,0.0,0.0,0.0,0.0,0.0,52.26192203082502,30.524172623775478,0.0,4.190627482128674,0.0,0.03432220369885281,0.0692040436995616,21.62082262210797,0.029621903111201737,39.56410432395332,0.9162511332728921,-0.6182593324321514,-0.456246541979885,-0.37139777599004187,-1.0,-0.4398254001247142,-0.6072579806592493,-0.6076174531756827,-0.7107963246554364,-0.5420148440338403,-1.0,Oil & Gas E&P,Energy,DMLP
2008Q4,2008,Q4,2009-02-26,2008-12-31,9617000.0,15178000.0,9557000.0,0.34054532577903684,14433000.0,0.950915799183028,139562000.0,0.0,25692000.0,772000.0,980000.0,0.0,0.0,448168800.0,431957800.0,0.0,33.27979274611399,0.0,0.0,0.0,0.0,0.0,29.52752668335749,11.650431527503379,0.0,2.872725382135801,0.0,0.06164418406636071,0.10875453203594102,33.27979274611399,0.06890844212608016,29.997911646586346,0.950915799183028,-0.46789792847025496,0.9009796880811636,0.2725956648789709,-1.0,-0.3723691076708993,-0.4826788596019365,-0.48276235319586513,-0.4746244195574979,-0.38682179937785316,-1.0,Oil & Gas E&P,Energy,DMLP
2008Q3,2008,Q3,2008-11-06,2008-09-30,18590000.0,24487000.0,18477000.0,0.64,22996000.0,0.9391105484542819,158154000.0,156592000.0,40758000.0,1344000.0,1562000.0,0.0,0.0,652344000.0,623446000.0,5.5450424929178475,30.325892857142858,0.0,0.0,,5.5450424929178475,0.11871615408194544,26.640421448115326,8.772781065088758,4.165883314601001,1.2027434104357182,0.0,0.03427486111622089,0.15483010230534794,30.316964285714285,0.11754365997698446,23.229969375400614,0.9391105484542819,-0.20000000000000004,2.0667659509303484,0.8685428690372877,-0.2697388527793134,-0.16810765835835473,-0.19753086419753085,-0.2013399610979036,0.13332926903615203,0.035259797911469964,-0.2105348068080987,Oil & Gas E&P,Energy,DMLP
2008Q2,2008,Q2,2008-08-07,2008-06-30,23166000.0,28988000.0,23135000.0,0.8,27643000.0,0.9536014902718366,161553000.0,160361000.0,40382000.0,965000.0,1192000.0,0.0,0.0,898032000.0,874857000.0,5.67850566572238,41.84663212435233,0.0,0.0,,5.67850566572238,0.14446155860838983,30.979439768179937,9.691271691271691,5.600064853673898,0.7194163860830527,0.0,0.01855835872218362,0.1794333748057913,41.82072538860103,0.14339566581864774,39.590530353127896,0.9536014902718366,0.5094339622641509,2.1718939700526105,1.4563022387124271,-0.34581323141724335,0.3765748717693342,0.5033095392602206,0.5140706806282722,1.2731822196055342,0.7089965805919114,-0.1855299913657372,Oil & Gas E&P,Energy,DMLP
2008Q1,2008,Q1,2008-05-09,2008-03-31,15410000.0,21272000.0,15280000.0,0.53,20081000.0,0.9440109063557729,154933000.0,153861000.0,30064000.0,835000.0,1072000.0,0.0,0.0,593040000.0,575882000.0,5.448335694050992,36.00479041916168,0.0,0.0,,5.448335694050992,0.10015533501017151,27.878901842798044,9.621025308241402,3.8543880515530247,0.9731343283582089,0.0,0.025286658572777555,0.13729805787017615,35.960479041916166,0.0994623482408525,34.57354398647467,0.9440109063557729,0.21005740156843733,1.9904328944901104,0.16628734472648568,-0.5461348632272482,0.16182596621152512,0.24585657692618643,0.24551679165308118,0.9565769426104622,0.47753004098076,-0.23319860654961547,Oil & Gas E&P,Energy,DMLP
2007Q4,2007,Q4,2008-03-06,2007-12-31,12369000.0,18322000.0,12268000.0,0.4379957507082153,17284000.0,0.943346796201288,154251000.0,153447000.0,25630000.0,556000.0,804000.0,0.0,0.0,568471200.0,553470200.0,5.433675637393768,46.097122302158276,0.0,0.0,,5.433675637393768,0.0806076365129328,31.026700141905906,11.489837496968226,3.7046745781931216,1.3174872665534805,0.0,0.02866635987891735,0.11878042930029627,46.097122302158276,0.08018748662893596,41.03596332924276,0.943346796201288,0.32725985063095536,-0.1819001108510901,0.18504581719373306,0.5001973353627011,0.24542441273958784,0.3055731475617479,0.3422319474835886,0.5040126459143968,0.18107393798749424,-0.25198159287894,Oil & Gas E&P,Energy,DMLP
2007Q3,2007,Q3,2007-11-06,2007-09-30,9474000.0,14716000.0,9140000.0,0.33,13878000.0,0.9430551780375102,158855000.0,157374000.0,26263000.0,1224000.0,1481000.0,0.0,0.0,580049600.0,562622600.0,5.5727337110481585,21.45669934640523,0.0,0.0,,5.5727337110481585,0.060200541385489345,39.41625441696113,15.30635423263669,3.68580324577122,1.4546126240236437,0.0,0.02375831308219159,0.09263794025998552,21.4468954248366,0.05963929369550848,34.81899273665886,0.9430551780375102,-0.21428571428571422,1.5436546863428793,0.12294184100758475,-0.26609202396860426,-0.16347197106690778,-0.2158583016056944,-0.23514644351464434,0.1498521926948574,-0.023248902960617674,-0.2845725487837959,Oil & Gas E&P,Energy,DMLP
2007Q2,2007,Q2,2007-08-07,2007-06-30,12082000.0,17613000.0,11950000.0,0.42,16590000.0,0.9419179015499914,162836000.0,161681000.0,26297000.0,888000.0,1155000.0,0.0,0.0,621280000.0,606743000.0,5.725247875354108,29.61373873873874,0.0,0.0,,5.725247875354108,0.07472739530309684,35.27394538125248,12.855487502069195,3.8426283855245824,1.1129779837775202,0.0,0.021644025238217873,0.10816404234935764,29.585585585585587,0.07419735193691812,43.92844516722053,0.9419179015499914,0.3548387096774193,1.6111898016997168,0.49244002105843704,-0.3404283402371607,0.20689655172413793,0.32434506193138224,0.33043865508795367,0.5830050036360478,0.2604314079193078,-0.18532688577696405,Oil & Gas E&P,Energy,DMLP
2007Q1,2007,Q1,2007-05-04,2007-03-31,9123000.0,14714000.0,8982000.0,0.31,13746000.0,0.9342123148022292,164084000.0,163002000.0,23672000.0,805000.0,1082000.0,0.0,0.0,621562400.0,607734400.0,5.772025495750708,29.406211180124224,0.0,0.0,,5.772025495750708,0.05596863842161446,42.242925105341854,17.032840074536885,3.8132194696997583,1.5211005151814097,0.0,0.022325996553202058,0.08967358182394383,29.36024844720497,0.05559957095146389,45.15527787867781,0.9342123148022292,-0.12183769686026678,0.7703906097620556,-0.19327040286265934,-0.5191703874001073,-0.06483434247227703,-0.08486307553415588,-0.08496332518337409,0.3133870260835343,0.04819278378088446,-0.1964683896214462,Oil & Gas E&P,Energy,DMLP
