Year,Date,FillingDate,NetIncome,Revenue,OperatingIncome,EPSDiluted,GrossProfit,GrossProfitRatio,TotalAssets,CommonStockEquity,CurrentAssets,CurrentLiability,TotalLiability,Inventory,RetainedEarnings,EnterpriseValue,bookValuePerShare,currentRatio,debtToAssets,debtToEquity,roic,shareholdersEquityPerShare,roe,priceToSalesRatio,peRatio,pbRatio,payoutRatio,inventoryTurnover,dividendYield,assetTurnover,quickRatio,returnOnAssets,priceToFreeCashFlowsRatio,grossProfitMargin,epsdilutedGrowth,fiveYNetIncomeGrowthPerShare,fiveYRevenueGrowthPerShare,fiveYShareholdersEquityGrowthPerShare,grossProfitGrowth,netIncomeGrowth,operatingIncomeGrowth,threeYNetIncomeGrowthPerShare,threeYRevenueGrowthPerShare,threeYShareholdersEquityGrowthPerShare,Industry,Sector,Price,MarketCap,AvgVolume,Symbol
2022,2022-12-31,2022-12-31,3317000000.0,17316000000.0,6986000000.0,6.19,8571000000.0,0.494975745,52359000000.0,25473000000.0,8293000000.0,5864000000.0,25848000000.0,2685000000.0,18065000000.0,35101417117.2,48.36339472185305,1.4142223738062756,0.1913138142439695,0.393239901071723,0.12010207042551851,48.36339472185305,0.13021630746280374,1.5573698958881956,8.130062441121494,1.0586667105248693,0.16038589086523966,3.2569832402234637,0.019727510339159877,0.330716782215092,0.4092769440654843,0.06335109532267615,10.709855884511516,0.494975744975745,0.16572504708097943,0.4495509350314566,0.5758732678929244,0.44094621327297817,0.6868726628616414,0.15655509065550907,0.4404123711340206,6.995669997636418,0.5421659835378998,0.27083310013581186,Other Industrial Metals & Mining,Basic Materials,41.59,21094448000,4730121,TECK
2021,2021-12-31,2021-12-31,2868000000.0,13481000000.0,4850000000.0,5.31,5081000000.0,0.3769008234,47368000000.0,23005000000.0,6103000000.0,3760000000.0,23595000000.0,2390000000.0,16343000000.0,27455038753.84,43.21811008829607,1.6231382978723403,0.19698952879581152,0.405607476635514,0.09444562019229356,43.21811008829607,0.12466855031514888,1.4502662082812847,6.816959119191075,0.8498604109471855,0.03695955369595537,3.514644351464435,0.005421706812339095,0.28460141867927713,0.9079787234042553,0.06054720486404323,782.0415501536,0.3769008233810548,4.0,1.9861616497348227,0.569663885067641,0.4282145771639637,2.8117029257314328,4.038135593220339,10.073059360730594,-0.004783306117140457,0.15684171212095935,0.0838521840444466,Other Industrial Metals & Mining,Basic Materials,41.59,21094448000,4730121,TECK
2020,2020-12-31,2020-12-31,-944000000.0,8948000000.0,438000000.0,-1.77,1333000000.0,0.1489718373,41278000000.0,20039000000.0,4000000000.0,3245000000.0,20570000000.0,1872000000.0,13410000000.0,19798362955.199997,37.49812874251497,1.2326656394453004,0.19092494791414313,0.39328309795898,0.012720950335031298,37.49812874251497,-0.04710813912869904,1.382137120607957,-13.101020079661014,0.6171646766405507,-0.11228813559322035,4.067841880341881,0.008570945995842315,0.21677406851107128,0.5473035439137134,-0.022869325064198847,-5.989037750702178,0.1489718372820742,-0.6857142857142856,0.5902422208722652,0.16816802283554938,0.31690265017596914,-0.6008982035928143,-0.6054421768707483,-0.8179551122194514,-1.406590167612165,-0.19740480443495478,0.11722485419194123,Other Industrial Metals & Mining,Basic Materials,41.59,21094448000,4730121,TECK
2019,2019-12-31,2019-12-31,-588000000.0,11934000000.0,2406000000.0,-1.05,3340000000.0,0.2798726328,39350000000.0,21304000000.0,4495000000.0,2776000000.0,17276000000.0,1981000000.0,14447000000.0,17419769579.56,38.05644873168989,1.619236311239193,0.14602287166454891,0.26971460758543,0.10904419150577437,38.05644873168989,-0.02760045061960195,1.06416705040724,-21.598247584285716,0.5961213659200151,-0.18877551020408162,4.338213023725391,0.008740316058856064,0.3032782719186785,0.7863832853025937,-0.0149428208386277,793.7355987225001,0.2798726328138093,-1.196629213483146,-2.6718954480586006,0.4284940782391134,0.17855131458667725,-0.2772127245185025,-1.1892500804634696,-0.36916622968012586,-1.5821502184846237,0.3212778757390311,0.25763886302866945,Other Industrial Metals & Mining,Basic Materials,41.59,21094448000,4730121,TECK
2018,2018-12-31,2018-12-31,3107000000.0,12564000000.0,3814000000.0,5.34,4621000000.0,0.36779688,39626000000.0,22884000000.0,5317000000.0,2516000000.0,16608000000.0,2065000000.0,15495000000.0,20624252133.2,39.87454260324098,2.113275039745628,0.13927724221470753,0.24117287187554623,0.09253859937721948,39.87454260324098,0.13577171823107848,1.34027794756447,5.419778607402639,0.735852653959098,0.05535886707434825,3.846489104116223,0.01021423033751526,0.317064553575935,1.1891891891891893,0.07840811588351082,9.226987470246575,0.3677968799745304,0.24766355140186905,2.2578781214535377,0.34942722119287695,0.23995526092672262,-0.0017282350399654353,0.23834196891191708,-0.11977844449573044,2.2558179633151036,0.5273462073119302,0.4003603003588379,Other Industrial Metals & Mining,Basic Materials,41.59,21094448000,4730121,TECK
2017,2017-12-31,2017-12-31,2509000000.0,12048000000.0,4333000000.0,4.28,4629000000.0,0.3842131474,37058000000.0,19383000000.0,4778000000.0,2641000000.0,17533000000.0,1637000000.0,12308000000.0,24911837054.0,33.56363636363636,1.809163195759182,0.17186572400021588,0.32858690605169477,0.10611485911440251,33.56363636363636,0.12944332662642521,1.6180973650398407,7.7699629549621365,1.005769852654388,0.137106416899163,4.532070861331705,0.0176456976299485,0.3251119866155756,1.0567966679288148,0.0677046791516002,7.045477793277918,0.38421314741035856,1.4044943820224718,2.1365680763954495,0.18098218131090615,0.103955344694629,0.9319699499165276,1.4125,1.5118840579710144,5.915337112243189,0.3979391744434192,0.039415633275678486,Other Industrial Metals & Mining,Basic Materials,41.59,21094448000,4730121,TECK
2016,2016-12-31,2016-12-31,1040000000.0,9300000000.0,1725000000.0,1.78,2396000000.0,0.2576344086,35629000000.0,17442000000.0,4762000000.0,2200000000.0,18028000000.0,1673000000.0,10183000000.0,22413733908.120003,30.26023594725885,2.1645454545454546,0.2341631816778467,0.47832817337461303,0.04277778492438178,30.26023594725885,0.05962618965714941,1.66427246323871,14.882436450115387,0.8873829783350534,0.05576923076923077,4.126718469814704,0.0037473185896788005,0.2610233236969884,1.404090909090909,0.0291897050155772,13.308455638968189,0.25763440860215053,1.4129930394431556,-0.60072704799578,-0.17266937621845752,0.008162254007201861,0.8733385457388585,1.4186795491143318,2.242481203007519,0.08577333494126592,-0.0054726290143794,-0.05901519340217278,Other Industrial Metals & Mining,Basic Materials,41.59,21094448000,4730121,TECK
2015,2015-12-31,2015-12-31,-2484000000.0,8259000000.0,532000000.0,-4.31,1279000000.0,0.1548613634,34688000000.0,16407000000.0,4805000000.0,1726000000.0,18051000000.0,1620000000.0,9174000000.0,10832315910.4,28.474488024991324,2.7838933951332563,0.2777329335793358,0.5871883951971719,0.015285071779765272,28.474488024991324,-0.15139879319802524,0.3735701550308754,-1.2420756483091786,0.18804875421466444,-0.15056360708534622,4.308641975308642,0.12121935349936737,0.23809386531365315,1.8453070683661645,-0.07160977859778597,-10.530088431399315,0.15486136336118175,-7.84126984126984,-2.366309861047351,-0.09523113706302451,0.0457083659813348,-0.16295811518324607,-7.861878453038674,-0.49236641221374045,-4.112320997598535,-0.18860077810784628,-0.06343392289015108,Other Industrial Metals & Mining,Basic Materials,41.59,21094448000,4730121,TECK
2014,2014-12-31,2014-12-31,362000000.0,8599000000.0,1048000000.0,0.63,1528000000.0,0.1776950808,36839000000.0,18606000000.0,4917000000.0,2409000000.0,18003000000.0,1752000000.0,11723000000.0,15568242313.68,32.290871225269,2.041095890410959,0.22913216971144712,0.45367085886273245,0.02044405206651732,32.290871225269,0.01945608943351607,1.0648031531201303,25.293487054364643,0.4921123462151995,1.430939226519337,4.035958904109589,0.056573426330807725,0.23342110263579358,1.3138231631382316,0.009826542522869785,140.8652663643077,0.17769508082335156,-0.6204819277108433,-0.7978675709383177,0.14562352428630887,0.3128055375297425,-0.37015663643858204,-0.6233090530697191,-0.469903894790086,-0.8609740600022793,-0.23476501178680695,0.07581571984644309,Other Industrial Metals & Mining,Basic Materials,41.59,21094448000,4730121,TECK
2013,2013-12-31,2013-12-31,961000000.0,9382000000.0,1977000000.0,1.66,2426000000.0,0.2585802601,36183000000.0,18597000000.0,5770000000.0,2163000000.0,17372000000.0,1695000000.0,11853000000.0,20945768114.71,32.15804945530002,2.6675913083680074,0.21344277699472128,0.4152820347367855,0.04617475446168418,32.15804945530002,0.05167500134430284,1.7048356549467063,16.643879411768992,0.860072490977577,0.5421436004162331,4.103834808259587,0.03257315118690898,0.25929303816709504,1.8839574664817382,0.026559433988337065,57.95205838663043,0.2585802600724792,0.20289855072463772,0.1395180557582424,0.062395508440969014,0.3338571422062206,-0.20874103065883887,0.18495684340320592,-0.2901256732495512,-0.47332699291025426,0.024060630760908117,0.18098493358456022,Other Industrial Metals & Mining,Basic Materials,41.59,21094448000,4730121,TECK
2012,2012-12-31,2012-12-31,811000000.0,10343000000.0,2785000000.0,1.38,3066000000.0,0.2964323697,34617000000.0,17801000000.0,6573000000.0,1820000000.0,16640000000.0,1880000000.0,11017000000.0,24946378242.25,30.403074295473953,3.6115384615384616,0.2078458560822717,0.4041907757991124,0.06527509047912312,30.403074295473953,0.04555923824504241,2.0321355740355798,25.91661928760789,1.1807414326301895,0.5782983970406905,3.8707446808510637,0.022313805308596155,0.2987838345321663,2.5785714285714287,0.023427795591761273,21.31681363311359,0.2964323697186503,-0.6933333333333334,-0.6298817035622086,0.1964377446368177,0.6996200658991991,-0.37133483698995284,-0.6960269865067467,-0.375,-0.5543492587336137,0.35608481576416595,0.23605597429011085,Other Industrial Metals & Mining,Basic Materials,41.59,21094448000,4730121,TECK
2011,2011-12-31,2011-12-31,2668000000.0,11514000000.0,4456000000.0,4.5,4877000000.0,0.4235713045,34219000000.0,17721000000.0,7389000000.0,2122000000.0,16326000000.0,1641000000.0,10858000000.0,23716779831.2,30.015243902439025,3.4820923656927425,0.20558753908647243,0.3969866260369054,0.1195945883575982,30.015243902439025,0.1505558377066757,1.8314034941115165,7.90359064137931,1.1899317099035043,0.13268365817091454,4.04448507007922,0.016787769533033278,0.3364797334813992,2.708765315739868,0.07796838013968847,7.74964345137817,0.4235713044988709,0.4331210191082802,-0.21712017938901643,0.2562119070765543,0.9303190956562513,0.3718706047819972,0.4344086021505376,0.7014127529591447,2.098778200265711,0.2770969447828877,0.24497748254229407,Other Industrial Metals & Mining,Basic Materials,41.59,21094448000,4730121,TECK
2010,2010-12-31,2010-12-31,1860000000.0,9339000000.0,2619000000.0,3.14,3555000000.0,0.3806617411,29209000000.0,16052000000.0,3306000000.0,1740000000.0,13033000000.0,1380000000.0,8872000000.0,40550205486.0,27.22985581000848,1.9,0.16939984251429355,0.30824819337154247,0.08483994119088459,27.22985581000848,0.11587341141290805,3.9012962293607454,19.588282519354838,2.269761119237478,0.11129032258064517,4.191304347826087,0.005681474242097598,0.3197302201376288,1.106896551724138,0.06367900304700606,18.848528445938953,0.38066174108576933,-0.0818713450292397,-0.049916285933198974,0.45325183923646833,1.5161057729987302,0.30029261155815656,0.015838339705079193,0.045091779728651235,-0.15690651261513816,0.0729686827301223,0.5222279456496273,Other Industrial Metals & Mining,Basic Materials,41.59,21094448000,4730121,TECK
2009,2009-12-31,2009-12-31,1831000000.0,7674000000.0,2506000000.0,3.42,2734000000.0,0.3562679176,29873000000.0,14490000000.0,3676000000.0,2373000000.0,15292000000.0,1375000000.0,7307000000.0,28351190169.4,24.596842641317263,1.549093973872735,0.26793425501288787,0.5523809523809524,0.08207862163917112,24.596842641317263,0.12636300897170463,2.8246273350794895,11.838443566029492,1.4959413505452037,0.037684325505188423,3.5927272727272728,0.003183216213770186,0.25688749037592473,0.9313105773282765,0.06129280621296823,9.119137639629786,0.3562679176439927,1.3586206896551725,0.9444004383248684,0.46677504220487814,1.9475432796496384,-0.05548557062922509,1.7771852686123093,0.24709462161441764,-0.4615381437261838,-0.16089598063739058,0.5818547134820542,Other Industrial Metals & Mining,Basic Materials,41.59,21094448000,4730121,TECK
2008,2008-12-31,2008-12-31,659300631.0,6903836814.0,2009470618.0,1.45,2894609034.0,0.4192754134,31533511413.0,10899708596.0,4099077222.0,9277561923.0,20529383196.0,1339242351.0,5475959203.0,14728606075.8,24.109065684583058,0.4418269860142867,0.4082630626633157,1.1811295533831536,0.03365199359942021,24.109065684583058,0.06048791352476631,0.39174814696018395,4.102173047669964,0.2481318885710878,0.6703499090083535,2.993653670679057,0.16341336682252167,0.21893650610549592,0.29747415257429805,0.020907935762846785,2.1967258033776154,0.4192754133658177,-0.610215053763441,2.61783475840004,1.3422054046977123,2.55761265231273,-0.057379742351686025,-0.5917282868979962,-0.2661095518792061,-0.560881511138849,0.40081352313589813,1.22773707557749,Other Industrial Metals & Mining,Basic Materials,41.59,21094448000,4730121,TECK
TTM,,,,,,,,,,,,,,,,35875877933.119995,51.18848473059716,1.2779225290950147,0.18959038654711857,0.38729290165678676,0.10199085412998961,51.18848473059716,0.11163390015813826,1.6080132289925781,9.90874336826163,1.0764970850379998,0.18048268625393493,3.379632961496941,0.013356500425286579,0.32331931991517543,0.7062706270627063,0.05318278209754827,39.089929821090905,0.4596398366031874,,,,,,,,,,,Other Industrial Metals & Mining,Basic Materials,41.59,21094448000,4730121,TECK
