Quarters,Year,Quarter,FillingDate,Date,NetIncome,Revenue,OperatingIncome,EPSDiluted,GrossProfit,GrossProfitRatio,TotalAssets,CommonStockEquity,CurrentAssets,CurrentLiability,TotalLiability,Inventory,RetainedEarnings,MarketCap,EnterpriseValue,bookValuePerShare,currentRatio,debtToAssets,debtToEquity,roic,shareholdersEquityPerShare,roe,priceToSalesRatio,peRatio,pbRatio,payoutRatio,inventoryTurnover,dividendYield,assetTurnover,quickRatio,returnOnAssets,priceToFreeCashFlowsRatio,grossProfitMargin,epsdilutedGrowth,fiveYNetIncomeGrowthPerShare,fiveYRevenueGrowthPerShare,fiveYShareholdersEquityGrowthPerShare,grossProfitGrowth,netIncomeGrowth,operatingIncomeGrowth,threeYNetIncomeGrowthPerShare,threeYRevenueGrowthPerShare,threeYShareholdersEquityGrowthPerShare,Industry,Sector,Symbol
2019Q4,2019,Q4,2019-12-31,2019-12-31,-2147000.0,46769000.0,-401000.0,-0.15838146447926446,24431000.0,0.522375932775984,503349000.0,353612000.0,108495000.0,19889000.0,141335000.0,2388000.0,1009000.0,186493419.4402158,148770419.4402158,26.08550873019743,5.455025390919603,0.08056239309107598,0.11467653812653417,-0.005267066639292115,26.08550873019743,-0.006071626528511476,3.9875434463045134,-21.71558214254958,0.5273956184750964,0.0,9.35427135678392,0.0,0.09291565096980425,4.954296344713158,-0.0042654301488629165,-47.92943187874988,0.522375932775984,0.0,0.885610878287882,-0.8974724871505916,-0.502091393646993,0.0,0.0,0.0,0.858976216094678,-0.7253103308660162,0.18402786777296262,Capital Markets,Financial Services,SRL
2019Q2,2019,Q2,2019-06-30,2019-06-30,-16406000.0,66498000.0,-16383000.0,-1.2118853703880987,-7725000.0,-0.11616890733555896,488868000.0,360262000.0,86829000.0,35483000.0,120759000.0,6365000.0,2927000.0,198593520.4792728,144474520.4792728,26.61198630420317,2.4470591550883523,0.00831308246806909,0.011280679061349795,-0.04480877016737757,26.61198630420317,-0.04553907989185648,2.986458547313796,-3.0262330927598566,0.5512474823302841,0.0,11.661115475255302,0.0,0.1360244483173372,2.092438632584618,-0.03355916116415883,-29.926690849800003,-0.11616890733555896,0.0,-3.3784048701931524,-0.8282707375130833,-0.48270082294201005,0.0,0.0,0.0,-27.327279376461448,-0.7761608879825205,0.1423228681032373,Capital Markets,Financial Services,SRL
2018Q4,2018,Q4,2018-12-31,2018-12-31,128132000.0,27258000.0,-8762000.0,0.0,-1719000.0,-0.0630640546,506913000.0,386376000.0,102006000.0,27207000.0,112507000.0,11406000.0,19333000.0,0.0,-63779000.0,0.0,3.7492557062520673,0.007853418633966776,0.010303434995962483,-0.016092014451639935,0.0,0.3316251527009959,0.0,0.0,0.0,0.0,2.5405049973698053,,0.05377254085020507,3.2815819458227664,0.2527692128629568,0.0,-0.06306405458947832,0.0,1.0,-1.0,-1.0,-1.0599267910057522,6.95011478563008,-1.3794551989952795,1.0,-1.0,-1.0,Capital Markets,Financial Services,SRL
2018Q3,2018,Q3,2018-11-29,2018-09-30,16117000.0,34410000.0,23091000.0,0.0,28685000.0,0.8336239465,313801000.0,250683000.0,102932000.0,22296000.0,55223000.0,10847000.0,-108799000.0,0.0,-62827000.0,0.0,4.616612845353426,0.011516853037434552,0.014416613811068162,0.06274187978365926,0.0,0.06429235329080951,0.0,0.0,0.0,0.0,0.5277957038812575,,0.10965548229610486,4.018164693218514,0.051360575651447894,0.0,0.8336239465271723,1.0,-1.0,-1.0,-1.0,2.713867479237617,1.504081568823695,1.6999605929249144,1.0,-1.0,-1.0,Capital Markets,Financial Services,SRL
2018Q2,2018,Q2,2018-06-30,2018-06-30,-31973000.0,78083000.0,-32989000.0,-2.3617951327208755,-16737000.0,-0.21434883393312246,331614000.0,244842000.0,110536000.0,60499000.0,86772000.0,11871000.0,-118632000.0,106230482.9945856,60593482.9945856,18.086092762194497,1.8270715218433362,0.0009106973770709319,0.001233448509651122,-0.13046209574780537,18.086092762194497,-0.13058625562607723,1.3604815772266128,-0.830626489495712,0.43387361234831273,0.0,7.987532642574341,0.0,0.23546352084049527,1.5728028562455578,-0.09641631535459902,-22.293910387111353,-0.21434883393312246,0.0,-6.370994241401239,-0.522095243898498,-0.6599372405514445,0.0,0.0,0.0,-5.069842505185512,-0.8158311250183378,-0.6749548905824502,Capital Markets,Financial Services,SRL
2017Q4,2017,Q4,2017-12-31,2017-12-31,-33969000.0,38353000.0,-34848000.0,0.0,-23799000.0,-0.6205251219,396947000.0,277780000.0,149281000.0,92769000.0,116998000.0,9826000.0,-87183000.0,0.0,-15364000.0,0.0,1.609169011199862,0.14990918183031993,0.21421988624091007,-0.11519027735250083,0.0,-0.1222874217006264,0.0,0.0,0.0,0.0,6.325259515570934,,0.09661995178197594,1.4755683471849432,-0.08557565619591533,0.0,-0.6205251218939848,1.0,1.0,-1.0,-1.0,-3.9211979869890756,-3.8624391640423705,-27.8476821192053,1.0,-1.0,-1.0,Capital Markets,Financial Services,SRL
2017Q3,2017,Q3,2017-11-14,2017-09-30,-6986000.0,57256000.0,-1208000.0,-0.47,8147000.0,0.1422907643,504616000.0,303902000.0,260928000.0,121945000.0,198627000.0,9742000.0,-53288000.0,172322656.5361632,253630656.5361632,20.59434383694429,2.1397187256550083,0.28615422420216563,0.47514659330968534,-0.004944744999071588,20.59434383694429,-0.022987673657955524,3.0096873085120026,-6.166714018614487,0.5670336376073971,0.0,5.040956682406077,0.0,0.11346449577500516,2.0156709992209603,-0.013844190433914105,42.33971905065435,0.1422907642867123,-0.5666666666666667,-1.0303695771636012,-0.5166447700440424,-0.6149376927975471,0.14087662792326006,-0.5982612674445207,0.8087699857527307,-1.9815168759012414,-0.8681929660332677,-0.6137415989368581,Capital Markets,Financial Services,SRL
2017Q2,2017,Q2,2017-07-14,2017-06-30,-4371000.0,67801000.0,-6317000.0,-0.3,7141000.0,0.1053229303,516070000.0,315330000.0,262823000.0,115060000.0,199876000.0,11197000.0,-92504000.0,170679089.63495204,262262089.63495204,21.363433238475075,2.284225621414914,0.28313600868099287,0.4633812196746266,-0.011522602836086936,21.363433238475075,-0.01386166872799924,2.5173535734716603,-9.762016108153285,0.5412713336344528,0.0,5.417522550683219,0.0,0.131379464026198,2.062489136102903,-0.008469781231228322,653.9428721645672,0.10532293034026047,-1.3543999811648,-1.3876874110225614,-0.3733756109312035,-0.44931359919280867,-0.6233649789029536,-1.0863961813842482,-2.4119356280733126,-1.5811801948242623,-0.8394099098305613,-0.5847252321916686,Capital Markets,Financial Services,SRL
2017Q1,2017,Q1,2017-05-15,2017-03-31,-2095000.0,110625000.0,4474000.0,-0.127421,18960000.0,0.1713898305084746,536241000.0,319695000.0,287392000.0,124365000.0,214291000.0,21301000.0,-87850000.0,175563290.07520002,262017290.07520002,21.607460712601814,2.310875246250955,0.275456371295742,0.4620372542579646,0.1300442963397988,21.607460712601814,-0.006553120943399177,1.5870127916402261,-20.950273278663488,0.5491586983693834,0.0,4.303319093000328,0.0,0.20629716862380906,2.030016483737386,-0.003906825475858802,-8.497327819331108,0.1713898305084746,0.8865435952072233,-1.1433260077687613,-0.2523174429057619,-0.42832826450980216,2.894823336072309,0.8745208433157643,1.2286385936222404,-1.3252069028096332,-0.5694580778162008,-0.5820250029279445,Capital Markets,Financial Services,SRL
2016Q4,2016,Q4,2017-03-07,2016-12-31,-16696000.0,186719000.0,-19568000.0,-1.1230833572836108,4868000.0,0.02607126216400045,650338000.0,327520000.0,400954000.0,214676000.0,320908000.0,33020000.0,-88920000.0,195359137.22285998,286912137.22286,22.031161123987435,1.8677169315619817,0.3263364588875323,0.64798790913532,-0.04627997360643639,22.031161123987435,-0.05097703957010259,1.0462734763085706,-2.9252386383394224,0.596480023274487,0.0,5.507298606904906,0.0,0.2871107024347339,1.4385958374480612,-0.025672803988080046,-40.64055278195548,0.02607126216400045,-1.0339891068926117,-0.6594884469067394,0.4724276393903247,-0.4185524182511822,-0.6676679410158384,-1.0953815261044177,-2.5455698496104366,-0.30875536900322714,-0.2779101748565238,-0.5644152052606889,Capital Markets,Financial Services,SRL
2016Q3,2016,Q3,2016-11-15,2016-09-30,-7968000.0,257421000.0,-5519000.0,-0.552158,14648000.0,0.05690289448024831,940479000.0,338618000.0,620056000.0,381070000.0,600538000.0,130563000.0,-72224000.0,200419151.16278,395669151.16278,22.77768599622123,1.6271446190988532,0.46144358353562387,1.281615271485863,-0.007062887190631494,22.77768599622123,-0.023530940469791917,0.778565661553564,-6.288251479755899,0.591873884916868,0.0,1.8594318451628715,0.0,0.27371265068119544,1.2256908179599548,-0.008472278487876923,6.500783365643204,0.05690289448024831,-11.999905824739843,-2.137882774830179,1.1611810024748945,-0.40939002641935257,-0.45876441028672776,-11.528301886792454,-1.963344388200384,-2.096729582913873,0.14652081534628938,-0.5577769293284952,Capital Markets,Financial Services,SRL
2016Q2,2016,Q2,2016-06-30,2016-06-30,-636000.0,326236000.0,5729000.0,-0.042474,27064000.0,0.08295834917053913,987841000.0,346329000.0,765508000.0,459526000.0,639148000.0,155782000.0,-64256000.0,210106683.65363997,417392683.65364,23.296378849870067,1.6658643906982413,0.4259420291322186,1.2149228046164195,0.0016366441582300426,23.296378849870067,-0.0018364041128522302,0.6440327972806189,-82.58910520976414,0.6066678899359856,0.0,1.9204529406478283,0.0,0.330251528333001,1.0508763377915504,-0.0006438283084018582,-7.671767030110636,0.08295834917053913,-9.359469873967214,-1.0542328278287398,1.3227274080725409,-0.3646709473439244,0.19140693784116922,-9.426229508196721,1.0489985693848354,-1.0972902099291841,0.8182662229042021,-0.5619711243875912,Capital Markets,Financial Services,SRL
2016Q1,2016,Q1,2016-04-01,2016-03-31,-61000.0,350005000.0,2796000.0,-0.004100016749576623,22716000.0,0.06490192997242897,1055859000.0,346174000.0,859235000.0,524475000.0,707479000.0,198517000.0,-63620000.0,191625524.720388,394003524.720388,23.267527840457998,1.6382763716097049,0.4287921019757373,1.3078509651215862,0.0013439557385380334,23.267527840457998,-0.0001762119627701676,0.5474936778628534,-785.3505111491312,0.5535526201285712,0.0,1.6486698872136896,0.0,0.3314883900217737,0.9575327708661042,-5.77728655057162e-05,1.879031630601661,0.06490192997242897,0.999453842977357,-1.0212796046114179,1.6638798081758162,-0.3607067125245835,1.457504759254887,0.9994534105034071,1.0387905532794006,-1.011814944464089,0.6429954285461121,-0.5534393699416578,Capital Markets,Financial Services,SRL
2015Q4,2015,Q4,2016-01-11,2015-12-31,-111601120.0,220431490.0,-72079405.0,-7.507029260074934,-49651942.5,-0.22524886303676483,977351000.0,367192000.0,785850000.0,414562000.0,608151000.0,246475000.0,-63559000.0,201068544.6432,322690544.64320004,24.699762199069355,1.8956151311504672,0.3265367304069879,0.8691393058672302,-0.10393857656524551,24.699762199069355,-0.3039312403320334,0.9121588963682095,-0.45041784670978213,0.547584219272751,-0.006224892725090931,1.0957842884673903,0.003455065541120653,0.22553973956132445,0.905975463260019,-0.11418734927370003,-1.1919130520385526,-0.22524886303676483,0.7168731138984085,-2.2136208272949838,6.802232905074424,-0.6582357682337466,-2.807128268877064,0.7166303317270801,-45.324790362204624,-2.7814858572401167,0.8965573992664864,-0.5170993129178838,Capital Markets,Financial Services,SRL
2015Q3,2015,Q3,2015-10-19,2015-09-30,-393835800.0,454840342.5,-1555957.5,-26.514717,27475605.0,0.060407141655426044,1372472655.0,471628305.0,1168440847.5,652481850.0,899316585.0,278668095.0,143552182.5,281371502.540128,429932552.540128,31.72483872156842,1.7907637545780009,0.4002822974276307,1.1648505860987288,-0.008498936716286572,31.72483872156842,-0.8350554786994814,0.6186159763084955,-0.17860965314740815,0.5965958776374289,-0.0009727539751337995,1.5335976567392833,0.0013615641120065568,0.3314021163503618,0.9079667503394923,-0.28695347667965015,3.707810766537427,0.060407141655426044,-46.718734104315345,-40.39080323093388,0.0,-0.2951133805426437,-0.22771842974019021,-46.650982899303,-1.2399005156575789,-2.699458311294513,2.8114441121012237,-0.4068255007067308,Capital Markets,Financial Services,SRL
2015Q2,2015,Q2,2015-07-20,2015-06-30,8627104.5,465585589.56,6485844.75,0.579953,35577185.910000026,0.07641384679371653,1579082864.1,827182916.49,925134688.59,351635814.18,751194883.53,254539304.67,496882738.59,378736513.17065996,569317320.09066,55.641793210188794,2.6309455729001194,0.3172752356321388,0.6056748486972129,0.010788957420274869,55.641793210188794,0.010429500329392133,0.8134627051678802,10.97519200012762,0.45786307432189166,0.0,1.6893595439316873,0.0,0.29484557153076385,1.4559372771623635,0.005463364017262658,-4.317517654434083,0.07641384679371653,0.07701664496983193,3.396166097675137,0.0,0.23601994197240797,-0.0991575294441922,0.07772940817219554,-0.4332122278291803,-0.24026916149416075,3.272327426147951,0.43428158270894357,Capital Markets,Financial Services,SRL
2015Q1,2015,Q1,2015-05-15,2015-03-31,8004889.2,424106991.6,11443162.8,0.538481,39493237.80000001,0.09312093076090663,1731406568.4,832844443.8,1061572045.2,476749851.0,896846791.2,259765881.0,498710682.6,380471374.40231884,584281634.6023188,56.02262497733115,2.2266856360276033,0.3602906395211755,0.7490109160766667,0.0050528258704060774,56.02262497733115,0.009611505797500766,0.8971117711758063,11.88246847946124,0.45683365871584725,0.5996198923028191,1.4806169013397106,0.012615642392387948,0.24494939509899114,1.344458774880666,0.004623344595138825,5.408344427134623,0.09312093076090663,1.3889114725118774,1.2051419550447615,1.0625618860509056,0.1314471592326365,-0.016665926964933943,1.3892057867930965,1.4263497706378916,-0.4549605029852962,1.8527983239738517,0.4821987494730934,Capital Markets,Financial Services,SRL
2014Q4,2014,Q4,2014-12-31,2014-12-31,-20567240.96,499857691.36,-26839847.44,-1.384585022709904,40162584.5,0.08034803743986947,1693327908.24,778226613.68,1003916371.44,441061791.84,913884713.28,260752373.2,449314345.58,612617418.0883276,818286984.2883277,52.390154332265816,2.2761354304844925,0.32526852971582604,0.7077453653705018,-0.01347109713782249,52.390154332265816,-0.026428344390258894,1.2255836584639397,-7.446519191365661,0.7871966947923354,-0.23001128975930468,1.7629565599673707,0.0077221075998167655,0.2951924957520713,1.2961094266523487,-0.012146047354394014,-90.89938530857823,0.08034803743986947,-3.9205540437220994,-1.2508051570750713,0.18732775633819465,0.17099664050114372,-0.013294886720037423,-3.8706115243154953,-2.8410660818771,-1.0458880759564606,2.944898787137552,0.38268375291288076,Capital Markets,Financial Services,SRL
2014Q3,2014,Q3,2014-10-06,2014-09-30,7164759.42,437273560.62,14578426.98,0.474083,40703736.06,0.0930852896806455,1547135981.82,792002261.7,841848628.14,398375803.8,753974009.1,221419975.14,461076099.12,585170989.0911975,836987894.1711975,53.31752987186865,2.113202207839511,0.30798665896158933,0.601636213736585,0.006633350980273487,53.31752987186865,0.009046387575486389,1.3382263228115077,20.41837536992964,0.7388501490325953,0.5898114971179312,1.7910300292882602,0.007221577212094858,0.28263421299633,1.181897397102911,0.0046309823468597845,42.12633234217063,0.0930852896806455,-0.04890844236872628,-0.5481926528348509,0.390500644954458,0.3343778951103667,-0.04820465695660679,-0.05120713665778262,0.7091199883682889,0.023985596053473567,2.674044607462436,0.3824874446962623,Capital Markets,Financial Services,SRL
2014Q2,2014,Q2,2014-07-17,2014-06-30,7551447.42,423913805.04,8529785.55,0.498462,42765218.76000005,0.1008818732760184,1548391326.57,762412396.68,856283780.22,440880556.71,784939779.03,235036933.89,437906067.39,603056660.2389675,891995010.7089674,51.44409170637426,1.9422126178797259,0.31363737525950636,0.6369694323632964,0.004663672455625844,51.44409170637426,0.009904675544211405,1.4225926428181876,19.96493608105423,0.7909848565750469,0.5302345295281152,1.6216540097412178,0.006639572089981325,0.2737769178667869,1.0427428195305863,0.004876963136139482,-7.160920635039049,0.1008818732760184,0.17966327926426956,1.4424098590189325,0.7489725313630508,0.2911443387408466,0.14374300484980967,0.17764863990389684,-0.39501299368154263,-0.3540761354245451,2.0275401696389954,0.40296164735255946,Capital Markets,Financial Services,SRL
2014Q1,2014,Q1,2014-05-15,2014-03-31,6412309.38,255757297.5,14099121.9,0.422546,37390583.879999995,0.14619556996218258,1529856973.8,761334896.52,871037229.24,427731212.52,768495548.16,123092906.04,442700268.48,645186338.9359447,755434729.3759446,51.69558194620158,2.036412596846137,0.32940657943222956,0.6619228345679299,0.007965308368925996,51.69558194620158,0.008422455622762264,2.5226507522661974,25.15421124830165,0.8474409118576319,0.0,1.773999173835737,0.0,0.16717726027991128,1.3801614662207913,0.00419144370344145,19.593753325240574,0.14619556996218258,1.492402755883217,1.1603084215905832,-0.07401852991658611,0.21970765575346526,0.5385389387991938,1.5073861858737285,3.2095881508574267,1.2598004111497787,0.9664835049300947,0.42037601746741776,Capital Markets,Financial Services,SRL
2013Q4,2013,Q4,2013-12-31,2013-12-31,-12637926.61,256164625.52,-6380882.29,-0.8581308592436375,24302656.850000024,0.09487124461727288,1404003592.46,744881148.9,757073830.17,335092701.93,658940367.89,108095450.4,424255476.96,625638557.7648072,660083867.2648072,50.578352114363064,2.259296683602947,0.27644740853542926,0.5210672270108782,-0.008680751129130148,50.578352114363064,-0.016966366552117747,2.4423300309119402,-12.376210455078898,0.8399172924280823,-0.3458504646277575,2.144974351945528,0.006986194721782321,0.18245297013176848,1.5357075901864896,-0.009001349197302751,202.56521499876658,0.09487124461727288,-2.780483767998999,0.9071577077178988,-0.5215665555826123,0.1975863152307974,0.13235635315422062,-2.755917844998171,-2.4643804088293217,-1.138729374305108,7.806421008646131,-0.30016040174590614,Capital Markets,Financial Services,SRL
2013Q3,2013,Q3,2013-10-04,2013-09-30,7197333.66,222425153.28,4357393.92,0.481965,21462021.900000006,0.09649098397150492,1330132662.54,758561005.62,708076512.0,296728829.1,568931843.7,146586486.42,432662188.86,639829572.03984,713335836.51984,51.50723132023364,2.3862747483877693,0.27336547715898635,0.47934490078725595,0.004291443362108614,51.50723132023364,0.00948814084388289,2.876606186865881,22.224534885598175,0.8434780687373767,0.5379102766231905,1.3709526456906804,0.006050860899813075,0.16722027775429596,1.4310000173825372,0.005410989341661671,-32.11693866959786,0.09649098397150492,0.07848446265420427,-0.8868898014219383,-0.44380796951420687,0.04438139772457776,-0.3818395316233498,0.11137799108492893,-0.6090456374923255,-0.27334308178749234,0.0,0.1444268789377352,Capital Markets,Financial Services,SRL
2013Q2,2013,Q2,2013-07-09,2013-06-30,6476044.8,177744545.28,11145530.88,0.446891,34719175.68000001,0.19533187713472208,1422652892.16,783263677.44,738991941.12,346162744.32,635963381.76,125877265.92,454771960.32,638506768.4688,691736595.0288,53.184573316769054,2.1348107306338564,0.27360098097366664,0.49694533027776805,0.007606393614206284,53.184573316769054,0.00826802644693821,3.5922720861164192,24.648793676844235,0.8151875120210859,0.6097481722177092,1.136228758661618,0.006184361192395023,0.12493880008224086,1.3658306028534781,0.00455209055960761,-80.6449568536751,0.19533187713472208,0.292642290415048,-0.8352261036188051,-0.38327224314634245,0.14925951351160163,0.2706179930542677,0.2671662292126424,0.6537404893307439,2.8156821987689504,0.0,0.18143556187155305,Capital Markets,Financial Services,SRL
2013Q1,2013,Q1,2013-04-01,2013-03-31,5110651.35,210870582.3,6739588.8,0.345719,27324637.200000018,0.12958012873092928,1409876395.2,767347563.15,719819421.3,319347031.5,636043605.75,140479321.5,434913072.3,633877840.0518327,676311609.7518327,52.103849453585156,2.2540351100774205,0.2767504560884927,0.5084839701559427,0.004464053563538091,52.103849453585156,0.006660151925185663,3.006004124131603,31.00768359261255,0.8260635342995456,0.7471630499701375,1.306569131599913,0.0060240153681468955,0.14956671593192158,1.3745563449835918,0.003624893194466896,22.822418446141523,0.12958012873092928,1.174147652101249,-0.6572267891470251,-0.2319429311436847,0.20909709989039305,2.5425028143079116,1.174802569021816,1.0977909526704708,1.1322067259121267,0.03520338666834265,0.05230257370479113,Capital Markets,Financial Services,SRL
2012Q4,2012,Q4,2013-01-14,2012-12-31,-29236706.18,115141004.97,-68918326.45,-1.985206207655327,7713370.640000001,0.0669906489179048,1374346701.87,753282291.51,680740282.74,337177731.9,614908402.32,154332952.05,423980628.72,621765781.1029575,661160054.2729576,51.14874105546513,2.018936063493937,0.22684871178851226,0.41388040364660716,-0.05232881971322972,51.14874105546513,-0.038812416685640186,5.400037816805217,-5.316653809042021,0.8254087320393398,-0.13132437649992487,0.6960771040989103,0.006175142355356193,0.0837787181453805,1.0948957011772342,-0.021273166472636912,-5.016736678392424,0.0669906489179048,-1.127312670697837,-2.366754529169201,-0.6305337675465204,0.25982994460261544,-0.6014443246788136,-1.1273507090588886,-7.946543622571372,-1.3596023001012614,-0.7241405609230821,0.14324923652543475,Capital Markets,Financial Services,SRL
2012Q3,2012,Q3,2012-10-05,2012-09-30,229576312.5,118220236.0,9921240.0,15.593155,19353307.75,0.16370554149460503,1339685312.75,787661810.5,599019471.25,312576146.5,549067799.5,111028321.25,459654592.5,589424620.845125,556408938.845125,53.483146627790994,1.916395342246629,0.1744228846327628,0.2966651088513069,0.009572137723183523,53.483146627790994,0.29146558769209235,4.985818340314639,0.641861320998791,0.7483219485669415,0.016090032154340836,0.890465848145029,0.006266942573087039,0.08824478022926657,1.0536844491746908,0.17136585011053374,-1004.7929739796509,0.16370554149460503,19.052951456984896,13.48972932604188,-0.5933191645621306,0.37235461541019427,-0.24980562432863238,19.40652376235108,-0.3040497223505454,13.601999017301381,-0.6208218006517165,0.3385227858938249,Capital Markets,Financial Services,SRL
2012Q2,2012,Q2,2012-07-10,2012-06-30,11250143.1,107966182.1,14255673.6,0.777599,25797724.39999999,0.23894263831711424,886229743.0,571373215.7,561950801.3,175395843.7,311607909.9,116169093.6,232742993.0,512922266.82026494,314784067.12026495,38.79419068123117,3.203900328796674,0.1845144778671686,0.28619160612851946,0.01883212802344966,38.79419068123117,0.01968965781186862,4.75076785011429,11.398127611822666,0.8977009294911983,0.28279540728686375,0.7073177138054214,0.00620267242387985,0.12182640331447327,2.376469292014358,0.012694386742106894,147.32654339979024,0.23894263831711424,-0.20218189578487608,-0.5506667752039414,-0.6837504424535333,-0.18202969360705284,-0.005808336464234874,-0.22687932396384156,-0.1378510817407173,1.663214333884663,-0.5517766920421806,-0.026343006306821574,Capital Markets,Financial Services,SRL
2012Q1,2012,Q1,2012-03-31,2012-03-31,14551600.35,147294920.43,16535047.83,0.974657,25948441.680000007,0.17616657522369664,847902845.79,556725173.13,523226062.17,180260256.54,288313247.25,91541887.92,221021698.59,564305030.3535533,368638135.99355334,37.79697223280388,2.902614654017734,0.15680785645449957,0.2388212966596954,0.023015487091771716,37.79697223280388,0.026137852305453554,3.8311234950001682,9.694896382196776,1.0136150790181413,0.2144669180665067,1.325584183451042,0.005530407691111146,0.17371674262133627,2.2582662696348117,0.0171618722855472,-22.66026662409294,0.17616657522369664,2.440170947351701,-0.44090413210447094,-0.42325001220648356,-0.1396589292254751,1.1048645050202694,2.459775831581703,3.3031299239596073,3.901742690220704,-0.46678729060407365,-0.10821670516005458,Capital Markets,Financial Services,SRL
2011Q4,2011,Q4,2012-01-09,2011-12-31,-9968380.1,125643764.0,3842563.0,-0.6767647978125623,12327844.200000003,0.09811743780614535,876995097.0,558102083.0,576039011.0,207230328.0,316316010.0,82928683.0,217677200.0,526747789.70343196,296322383.70343196,37.89019305527833,2.7797041898230264,0.18786272188246908,0.2952052877394475,0.00631199980715067,37.89019305527833,-0.017861212856286723,4.192391034253256,-13.210466104302943,0.9438197880788629,-0.30434855709404585,1.3664261350924867,0.005759610499188077,0.14326621030128747,2.218482716487328,-0.011366517480085752,25.216744861248987,0.09811743780614535,-2.3958978883317705,-1.4099406237297083,-0.512976289527228,-0.10163704907267036,-0.4460519744798559,-2.436767185511828,-0.6864288799350603,0.9267799370816617,-0.7653725636628302,-0.10284193162615142,Capital Markets,Financial Services,SRL
2011Q3,2011,Q3,2011-10-03,2011-09-30,6938062.2,118015545.6,12254199.3,0.484824,22254514.199999988,0.188572734946539,890096514.3,568061884.8,581454441.0,211721931.0,318405792.6,81851700.6,231002397.0,553858996.1025,303340575.2024999,38.56637546793976,2.746311816889673,0.15872290468534866,0.24870301630911323,0.014135169232553773,38.56637546793976,0.012213567545449232,4.693102025556368,19.957265448791308,0.9749976383250913,0.5302522684215775,1.1699333147392177,0.006642346239545705,0.13258735845383143,2.1994069499583393,0.007794730221425832,-24.636218639315874,0.188572734946539,-0.3796992048311466,-0.6918961346328515,-0.47415766333812853,-0.09463478224680978,-0.010726432907515432,-0.4028864358946879,-0.014526053430952453,-0.8909805968999427,-0.7049364493064539,-0.21801261523922494,Capital Markets,Financial Services,SRL
2011Q2,2011,Q2,2011-08-15,2011-06-30,11619334.44,139161796.2,12434828.28,0.781595,22495814.03999999,0.1616522253540731,867305785.92,540102926.16,570295568.64,210862300.32,325539910.92,74064661.44,212156243.04,534967681.7626831,291186355.1626831,36.668209571837664,2.7045876279189405,0.1810750690120336,0.2907731979098301,0.018328442517966528,36.668209571837664,0.02151318550079081,3.8442136877411412,11.510290983643532,0.9904921003968128,0.2603202399947445,1.5751909195522544,0.005654075999570023,0.16045297801441882,2.2289909790736555,0.013397044766252445,19.667964611363367,0.1616522253540731,2.7867424407590975,-0.2740018608271016,-0.2771093697969418,-0.11017373669039962,-0.15497846914407917,3.0942310741608487,0.883164241930875,-0.7044062127757829,-0.5172161635854519,-0.20764074870213364,Capital Markets,Financial Services,SRL
2011Q1,2011,Q1,2011-05-16,2011-03-31,2837977.2,130077518.67,6603156.54,0.206403,26621586.810000002,0.20465939911982486,852721760.97,536089033.53,556247418.84,197408527.74,313313654.79,73398643.2,204284790.99,611446729.5671335,371348998.8971335,36.395701779291294,2.8177476687968332,0.17064238796307588,0.27142968510632126,0.0034295306949281975,36.395701779291294,0.005293854234086258,4.700633405518309,53.862900093694684,1.1405693668846828,1.0702054794520548,1.4095074152542373,0.004967266326128136,0.1525439183374802,2.299024193310161,0.0033281397636336905,32.40040547429335,0.20465939911982486,-0.9666319437095323,-0.5718730949457359,-0.44497972785985945,-0.11912639498612428,2.0252198259389083,-0.9394752022298173,1.636019089004458,-0.8096841306989174,-0.5262870910615175,-0.1554186891888318,Capital Markets,Financial Services,SRL
2010Q4,2010,Q4,2010-12-31,2010-12-31,46889494.96,-19371734.2,2504972.96,6.185646481870856,8799885.080000002,0.45426418663126206,854392680.96,547843640.96,560560675.36,148574768.16,301864290.56,67112736.32,213553163.04,295895074.5776411,20881079.377641156,72.27134937854625,3.772919738002437,0.14366536494914875,0.22405414089485098,0.005091004604801854,72.27134937854625,0.08558919270804051,-15.274578492701037,1.577619223826468,0.5401086230719716,0.0,-0.4197656186401789,0.0,-0.0226731041027105,3.073543766113995,0.05488049699502894,6.912339075291055,-0.45426418663126206,8.409759390705098,6.332923693942047,-1.0763079713089383,0.7098259477729142,0.0,8.197402181563344,-0.7275535991602166,3.258630707493604,-1.1207662512695653,0.780094841145689,Capital Markets,Financial Services,SRL
2010Q3,2010,Q3,2010-10-04,2010-09-30,5098123.8,0.0,9194369.8,0.657365,0.0,0.0,397841444.0,341169829.0,168793193.8,8539176.8,56671615.0,0.0,204845317.6,288425407.1604792,150914325.76047918,45.00700941945981,19.766916384726922,0.0,0.0,0.02413588452382923,45.00700941945981,0.01494306754774614,0.0,14.1437035699525,0.8454012712843937,0.0,0.0,0.0,0.0,19.309811503141614,0.012814461330981897,68.25839403956954,0.0,3.5707643092902845,-0.24679994932286708,-1.0,0.0878897407826007,0.0,3.810267712566536,7.504461928108424,-0.3748619243130395,-1.0,0.1548605681796411,Capital Markets,Financial Services,SRL
2010Q2,2010,Q2,2010-08-06,2010-06-30,-1814106.1,0.0,-1413548.1,-0.255708,0.0,0.0,429478287.6,337202373.6,106658054.4,42434903.7,92275914.0,0.0,263887610.4,330467292.35392684,255413264.15392685,45.01690573163172,2.5134510768313585,0.0,0.0,-0.004958357600240697,45.01690573163172,-0.005379873458874134,0.0,-45.541340216254,0.9800265900439283,-0.023182988029200716,0.0,0.000127263426587337,0.0,2.4942494473010903,-0.004223976280937374,-97.99800140025776,0.0,0.903058802834522,-1.098669787310293,-1.0,0.06424246708002704,-1.0,0.9076884425138106,-1.1700572903335338,-1.1424660452270219,-1.0,-0.050824581527354175,Capital Markets,Financial Services,SRL
2010Q1,2010,Q1,2010-04-06,2010-03-31,-19651993.2,103555749.0,8312187.6,-2.637764,19785534.599999994,0.19106167249101733,439005629.4,370710926.4,124282189.8,19353309.0,68294703.0,0.0,295058194.2,497501222.18766993,409616709.3876699,49.51413286973692,6.421754016328681,0.025526470390176734,0.030229117627648107,-0.15880052787159543,49.51413286973692,-0.05301163737158194,4.804187377251937,-6.328890117207933,1.3420193114320624,-0.062869592281357,0.0,0.0024834367131141106,0.2358870640031023,6.3852515143534365,-0.04476478633510662,-30.079098595879078,0.19106167249101733,-1.4778072889680516,-2.1167506591337655,-0.8340088934502028,0.2245629559251437,-0.5990947977359034,-1.4756276987515715,-0.8647742917497007,-2.4854559154137306,-0.20227780331984924,0.1270490617407173,Capital Markets,Financial Services,SRL
2009Q4,2009,Q4,2010-01-29,2009-12-31,41318016.7,212117085.6,61468989.2,5.520560403540377,49352152.29999998,0.23266467272262006,826060331.3,334850014.8,773278114.5,384991445.4,485552835.2,84621386.5,194540709.0,535898744.92269915,107737460.72269914,44.73979900561008,2.0085592127808876,0.014766073902621742,0.03642725805846373,0.12093501378500754,44.73979900561008,0.12339260825381335,2.5264289456308613,3.2425246159183336,1.60041427874143,0.0,1.9234491424930742,0.0,0.25678159035452525,1.5694881879055904,0.05001815864342063,43.899294448682355,0.23266467272262006,4.109694942878463,3.8867426102491143,-0.07178166720233581,0.12306706383411316,1.0473116489881245,4.171198309392553,4.0184808944874515,2.3440007522960347,0.6181372283223399,0.060764662770078255,Capital Markets,Financial Services,SRL
2009Q3,2009,Q3,2009-10-05,2009-09-30,7990027.5,158446253.7,12248525.1,1.080409,24105832.799999982,0.1521388624665222,816813830.7,299052566.4,756695688.0,423033208.5,512227569.0,83493916.8,167717892.3,421181395.15373534,-1602759.646264648,39.956844359639774,1.7887382663954619,0.015560816213294807,0.042501858629760955,0.023884307505410683,39.956844359639774,0.02671780281367952,2.6581972455542844,13.178346230777532,1.4083858240172433,0.0,1.6089845350266285,0.0,0.19398086533893943,1.2993190403395956,0.009781944428086678,10.085824752733487,0.1521388624665222,1.9207107923551985,-0.003915647727430648,-0.26845993093781984,0.05119939553384136,-0.14877688522734556,1.9233053877064425,2.4048512545025886,-0.3017069726645319,0.38940475029500776,-0.061992820028723396,Capital Markets,Financial Services,SRL
2009Q2,2009,Q2,2009-08-13,2009-06-30,-8653721.3,122883074.65,-8718734.5,-1.173451,28319053.35000001,0.23045527979064126,788225841.55,299373015.55,732156600.35,402454927.0,483549606.4,108461753.75,173483080.4,364109080.6748224,-34986057.0251776,39.84379605191447,1.8192263312756014,0.01678329300138891,0.04418910376974355,-0.030717148018336592,39.84379605191447,-0.02890615002191035,2.9630531439084753,-10.51885853646634,1.2162388116573934,0.0,0.8718651324591918,0.0,0.15589830753119896,1.2914440662320428,-0.010978733306919961,-12.329552861675836,0.23045527979064126,-6.74637989882815,-1.7132378367981405,-0.3874464514717227,0.02832469280797994,0.16560368453714247,-6.687424924591873,-26.0777822810442,-2.0599662601756794,0.25135208355145006,-0.033111881629075066,Capital Markets,Financial Services,SRL
2009Q1,2009,Q1,2009-04-29,2009-03-31,1521553.5,141584025.6,-321988.5,0.204207,24295610.699999988,0.17159853025114147,906890080.5,319969442.7,836353133.1,493658878.5,581198081.4,119866848.3,198099952.2,329168463.35389256,-115684534.74610743,42.383584051759534,1.694192426238314,0.015005256086269432,0.04252942963918848,-0.0004353267689336343,42.383584051759534,0.004755308779365512,2.3248983206894533,54.08427363117573,1.0287496848957465,0.0,0.9784891866552898,0.0,0.15612038177982915,1.2135923571766571,0.0016777705840173207,-8.985461150636532,0.17159853025114147,1.0220934206302164,-0.8821130352937728,0.06526615092951057,0.11903441864262714,0.7553811139698696,1.0218116299191256,0.9505023057833265,-0.552155911444545,0.17868256042648462,0.02579641693637976,Capital Markets,Financial Services,SRL
2008Q4,2008,Q4,2009-03-27,2008-12-31,-69758817.0,274389038.8,-6505121.2,-9.24288743775215,13840647.200000018,0.05044169133187698,931805786.0,318749338.0,866125513.0,525528591.0,608542595.0,134065937.0,189463777.0,512521939.5319381,28430981.531938076,42.23357554366815,1.6481035053714137,0.014775526409963718,0.04319356735416969,-0.019927726129664744,42.23357554366815,-0.21885164511306374,1.8678659387174399,-1.836764016267428,1.6079153065784189,0.0,1.9434346816969623,0.0,0.2944702028282963,1.1651695254768737,-0.07486411658748811,8.35333859298851,0.05044169133187698,-3.138174393170748,-3.6254437083164444,0.878230304690981,0.2655805797796634,-0.642519753811767,-3.1392429166981612,-1.192495155855704,-11.957203779465523,0.08559337793954315,-0.0008203257205611266,Capital Markets,Financial Services,SRL
2008Q3,2008,Q3,2008-11-12,2008-09-30,32609114.4,204940725.6,33793687.8,4.322794,38717236.400000006,0.18891919254530057,897618698.0,372220697.6,750207589.4,435662595.6,520637476.2,113094472.4,233461526.8,769601438.3696717,388704455.1696717,49.31841129347368,1.7219921952831516,0.015534301180521976,0.03746132144157262,0.06462316926667357,49.31841129347368,0.0876069348380051,3.755239160574494,5.900201926134428,2.067594422695724,0.0,1.4697755396222174,0.0,0.228316016652318,1.2308466125293405,0.036328470510537426,80.27869824262494,0.18891919254530057,0.6413861659826914,3.6196095597074835,0.7356955313589804,0.14582803204693465,0.34265573289586315,0.6288166418133432,0.3963026239253578,3.8388035252614716,-0.21352011848846839,0.1921030606105694,Capital Markets,Financial Services,SRL
2008Q2,2008,Q2,2008-08-13,2008-06-30,20020126.0,146807472.0,24202266.2,2.633624,28836309.599999994,0.19642262895174706,923678945.0,347164455.4,771353979.2,483017346.0,570722189.8,117025626.2,193111265.2,1205490144.701769,786886307.301769,46.27725304118804,1.596948816823651,0.015967604198231455,0.04248401462357774,0.05016300695576887,46.27725304118804,0.05766755694194839,8.211367774943833,15.05347849336424,3.472389312761911,0.0,1.008079736299672,0.0,0.15893777030935788,1.1561940282782308,0.021674334040384564,-243.92739154030818,0.19642262895174706,1.645247216268283,0.6909081572506323,0.2878932152478979,0.08985509175314986,0.11206317203782709,1.618969882689987,0.5412396277758104,0.08726552148258665,-0.5387027540648656,0.09403827619441056,Capital Markets,Financial Services,SRL
2008Q1,2008,Q1,2008-05-15,2008-03-31,7644275.0,140763296.0,15703117.0,0.995606,25930460.0,0.18421321990073322,885945890.0,325385248.0,730318897.0,468239893.0,554699105.0,136171176.0,174944965.0,942947438.1572058,548759597.1572058,43.09318867633416,1.5597109684970818,0.01735080570214057,0.04724207718230668,0.0343018099904564,43.09318867633416,0.023492998059948925,6.698816132844785,30.83835413290357,2.8979415752652864,0.0,0.8432976740980779,0.0,0.15888475536581584,1.1207664721553317,0.008628376841389264,28.910591210003762,0.18421321990073322,-0.3145553469690604,-0.3453496989381505,0.4282028138626772,-0.01997929580512352,0.05197996379248923,-0.29763202085902724,0.16719100552350835,-0.5692722078925457,-0.776273713731913,0.06576283269589385,Capital Markets,Financial Services,SRL
2007Q4,2007,Q4,2007-12-31,2007-12-31,10883575.6,158558285.3,13453768.0,1.4524965591278167,24649195.700000018,0.1554582635234894,781654683.3,304214218.2,628109658.6,392411326.5,471571947.3,123767694.0,161055459.9,1120506917.4929414,783332544.3929414,40.599718457715205,1.6006410013753771,0.017635634116336906,0.04531338502705131,0.028045957951889387,40.599718457715205,0.03577602540866382,7.066845579042985,25.738483350383063,3.683282537295101,0.0,1.0819389557342807,0.0,0.20284953021786625,1.1370607310948757,0.0139237643329297,14.942165608139003,0.1554582635234894,0.3905236989145913,-0.7051989868326325,-0.0048465498596335956,-0.16627688975784927,0.49903223821147624,0.35011619837905306,0.28827923373737263,0.28573481568530895,-0.3069521213722382,0.019141963402213674,Capital Markets,Financial Services,SRL
2007Q3,2007,Q3,2007-10-12,2007-09-30,8061214.0,147901222.0,10443208.0,1.044568,16443406.0,0.11117829709344795,713209778.0,292016297.0,555263838.0,346027030.0,417233429.0,105595747.0,150586306.0,1180995539.0039124,923293065.0039124,38.971812407105126,1.6046834202518803,0.016102761563653156,0.039328787872411106,0.049866722183646975,38.971812407105126,0.027605356559945695,7.985028947251784,36.62585867971972,4.044279552671378,0.0,1.2449158203312867,0.0,0.20737408061727386,1.1253679546363762,0.01130272501676218,34.682958938155686,0.11117829709344795,-0.3691456511327764,2.705553010393697,1.4161298698991756,-0.015983974635765716,-0.28048152944592625,-0.3551851067951815,0.6911132900267111,0.0038022385202492104,-0.3179318473675808,0.025284811695187183,Capital Markets,Financial Services,SRL
2007Q2,2007,Q2,2007-07-05,2007-06-30,12501594.0,170464400.0,6175345.0,1.655799,22853348.0,0.13406522417583966,767291180.0,348785335.0,542012752.0,322826780.0,412368757.0,95749203.0,212193411.0,1198924150.5715144,976580898.5715144,47.42738260549365,1.6789584556770663,0.026256853363021845,0.05776232535694197,0.011761782869820808,47.42738260549365,0.035843232915741714,7.0332817325583195,23.975425665149466,3.437427065480016,0.0,1.5416426181636207,0.0,0.22216389871704248,1.2101257460734824,0.016293154835951586,37.70750387396035,0.13406522417583966,-0.05334932620133742,0.10607314364345373,1.840117128029091,0.2690115515945388,-0.10856320191826258,-0.029245869133092756,0.9841638831018444,0.05273665673868872,-0.13182241280352214,0.2240487473867939,Capital Markets,Financial Services,SRL
2007Q1,2007,Q1,2007-04-03,2007-03-31,12878229.0,126366467.0,3112316.0,1.749113,25636532.0,0.2028744856813952,750642297.0,320185655.0,518060424.0,307896679.0,401410286.0,112166744.0,216685886.0,855989876.2030001,652792229.2030001,43.932544332420434,1.682578797805091,0.029195477110184748,0.06844578967786674,0.006514902444170673,43.932544332420434,0.04022113045632853,6.773868863509494,16.61699516686262,2.6734173215942483,0.0,0.8980374343397184,0.0,0.1683444531503665,1.1526546020329111,0.017156279430920476,-56.18061152682266,0.2028744856813952,0.059500199007934185,0.15221655485168611,1.0822772873693556,0.14007594344116192,1.5912439886176037,0.03312951088629432,-0.6849159619924936,0.03354648228062103,-0.015147875879539807,0.15993090972401156,Capital Markets,Financial Services,SRL
2023Q1,2023,Q1,2023-04-26,2023-04-26,,,,,,,0.0,0.0,0.0,0.0,0.0,0.0,0.0,0.0,0.0,0.0,0.0,0.0,0.0,0.0,0.0,0.0,0.0,0.0,0.0,0.0,0.0,,0.0,0.0,0.0,0.0,0.0,0.0,0.0,0.0,0.0,0.0,0.0,0.0,0.0,0.0,0.0,Capital Markets,Financial Services,SRL
2022Q4,2022,Q4,2022-12-31,2022-12-31,,,,,,,475477000.0,325158000.0,179608000.0,42972000.0,142970000.0,840000.0,-31499000.0,0.0,-20362000.0,0.0,4.1796518663315645,0.0911821181676506,0.1333351785901008,,0.0,,0.0,0.0,0.0,0.0,,,,3.146607092990785,,0.0,0.0,0.0,0.0,0.0,0.0,0.0,0.0,0.0,1.0,-1.0,-1.0,Capital Markets,Financial Services,SRL
2022Q2,2022,Q2,2022-06-30,2022-06-30,,,,,,,499346000.0,354503000.0,148289000.0,17804000.0,137749000.0,992000.0,4383000.0,0.0,-21032000.0,0.0,8.32897101774882,0.0803851437680486,0.11322894305548895,,0.0,,0.0,0.0,0.0,0.0,,,,8.194338350932375,,0.0,0.0,0.0,1.0,-1.0,-1.0,0.0,0.0,0.0,1.0,-1.0,-1.0,Capital Markets,Financial Services,SRL
2021Q4,2021,Q4,2021-12-31,2021-12-31,,,,,,,509966000.0,365600000.0,145654000.0,12348000.0,137432000.0,1100000.0,9078000.0,0.0,-12538000.0,0.0,11.795756397797215,0.08301533827745379,0.11579595185995624,,0.0,,0.0,0.0,0.0,0.0,,,,11.10098801425332,,0.0,0.0,0.0,1.0,-1.0,-1.0,0.0,0.0,0.0,0.0,0.0,0.0,Capital Markets,Financial Services,SRL
2021Q2,2021,Q2,2021-06-30,2021-06-30,,,,,,,519572000.0,364870000.0,148344000.0,21556000.0,148049000.0,1399000.0,11272000.0,0.0,-13422000.0,0.0,6.881796251623678,0.08116680652537088,0.11558089182448543,,0.0,,0.0,0.0,0.0,0.0,,,,6.489562070885136,,0.0,0.0,0.0,1.0,-1.0,-1.0,0.0,0.0,0.0,1.0,-1.0,-1.0,Capital Markets,Financial Services,SRL
2020Q4,2020,Q4,2020-12-31,2020-12-31,,,,,,,509125000.0,361544000.0,129211000.0,16137000.0,140401000.0,1413000.0,1378000.0,0.0,-19892000.0,0.0,8.007126479519117,0.08575497176528357,0.12075985218949838,,0.0,,0.0,0.0,0.0,0.0,,,,7.426907107888703,,0.0,0.0,0.0,1.0,-1.0,-1.0,0.0,0.0,0.0,0.0,0.0,0.0,Capital Markets,Financial Services,SRL
2020Q2,2020,Q2,2020-06-30,2020-06-30,,,,,,,511498000.0,359120000.0,125346000.0,24134000.0,144609000.0,2340000.0,-59000.0,0.0,-32293000.0,0.0,5.19375155382448,0.08304235793688343,0.11827801292047227,,0.0,,0.0,0.0,0.0,0.0,,,,5.04450153310682,,0.0,0.0,0.0,-1.0,-1.0,-1.0,0.0,0.0,0.0,1.0,-1.0,-1.0,Capital Markets,Financial Services,SRL
