Quarters,Year,Quarter,FillingDate,Date,NetIncome,Revenue,OperatingIncome,EPSDiluted,GrossProfit,GrossProfitRatio,TotalAssets,CommonStockEquity,CurrentAssets,CurrentLiability,TotalLiability,Inventory,RetainedEarnings,MarketCap,EnterpriseValue,bookValuePerShare,currentRatio,debtToAssets,debtToEquity,roic,shareholdersEquityPerShare,roe,priceToSalesRatio,peRatio,pbRatio,payoutRatio,inventoryTurnover,dividendYield,assetTurnover,quickRatio,returnOnAssets,priceToFreeCashFlowsRatio,grossProfitMargin,epsdilutedGrowth,fiveYNetIncomeGrowthPerShare,fiveYRevenueGrowthPerShare,fiveYShareholdersEquityGrowthPerShare,grossProfitGrowth,netIncomeGrowth,operatingIncomeGrowth,threeYNetIncomeGrowthPerShare,threeYRevenueGrowthPerShare,threeYShareholdersEquityGrowthPerShare,Industry,Sector,Symbol
2023Q1,2023,Q1,2023-04-28,2023-03-31,114891000.0,4611670000.0,161033000.0,0.96,302534000.0,0.0656018319,5595584000.0,1381388000.0,3234646000.0,2947868000.0,4214196000.0,0.0,5631750000.0,11788859320.0,13796856320.0,11.643919215078053,1.097283189070881,0.4015947218377921,1.6267384688443798,0.03481429343365982,11.643919215078053,0.0831706949821484,2.556310256371336,25.652268933162738,8.534068140160477,0.6391710403774011,0.0,0.00622918621782315,0.8241624109297617,1.055831197326339,0.02053244129656529,51.7977596948953,0.06560183187435355,0.1999999999999999,-0.04698209145607712,0.38673404366863545,0.09823671189718007,-0.11244953999248967,0.19438004844427348,-0.018294987624516867,0.6788763645755671,0.384019174817556,-0.006092608272677793,Integrated Freight & Logistics,Industrials,CHRW
2022Q4,2022,Q4,2023-02-17,2022-12-31,96193000.0,5066821000.0,164034000.0,0.8,340864000.0,0.0672737403,5954564000.0,1353422000.0,3589238000.0,3322852000.0,4601142000.0,0.0,5590440000.0,10915050720.0,13058736720.0,11.353068483038621,1.0801678798814993,0.39653079553767495,1.7445911179218307,0.031644076489843846,11.353068483038621,0.07107391486173566,2.1542207076192352,28.367580593182456,8.064780031653099,0.7179212624619256,0.0,0.006326951818323753,0.850913853642349,1.0433302476306499,0.016154499305070867,14.640482550208642,0.06727374028014804,-0.550561797752809,-0.2617686162205309,0.49810472462972455,0.11139823342509805,-0.24193315230324097,-0.5739864834940965,-0.429663188565031,0.1072683225779638,0.5237886985380648,-0.07586309308637347,Integrated Freight & Logistics,Industrials,CHRW
2022Q3,2022,Q3,2022-11-04,2022-09-30,225798000.0,6015376000.0,287609000.0,1.78,449649000.0,0.0747499408,6795530000.0,1677561000.0,4433366000.0,3358878000.0,5117969000.0,0.0,5567592000.0,12036823800.0,14411998800.0,13.422635621699472,1.3198949172908334,0.37711657516043634,1.5276386372835324,0.051920898566050026,13.422635621699472,0.13459898030533615,2.0010093799622832,13.32698230276619,7.175192913998359,0.3143960531094164,0.0,0.005897735248064361,0.8851960038437031,1.2960842876698706,0.03322743038438503,20.25688570856382,0.07474994081832956,-0.3333333333333333,1.1285775637346818,0.7858892629449097,0.3911492493922194,-0.23379097519123318,-0.3514999210189985,-0.38762948058722707,0.6773596809377881,0.702241023287859,0.09412672440037757,Integrated Freight & Logistics,Industrials,CHRW
2022Q2,2022,Q2,2022-07-29,2022-06-30,348185000.0,6798475000.0,469665000.0,2.67,586849000.0,0.0863206822,7457439000.0,2052415000.0,5168256000.0,3485750000.0,5405024000.0,0.0,5411346000.0,13016414850.0,15399549850.0,15.98391807172618,1.4826812020368645,0.35160327828360377,1.277548643914608,0.07353160512177606,15.98391807172618,0.16964648962319998,1.9146080334192594,9.34590436836739,6.341999473790632,0.20797277309476284,0.0,0.005563206215726905,0.9116366892173037,1.4516238972961342,0.04668962092750608,58.61058635735288,0.08632068221181956,0.302439024390244,2.4437720640257714,1.0130775763489417,0.6861307045095204,0.19076161392758226,0.2879140959060174,0.35948001875683844,1.198800005269855,0.8581822335978342,0.32148452018323026,Integrated Freight & Logistics,Industrials,CHRW
2022Q1,2022,Q1,2022-04-29,2022-03-31,270348000.0,6815953000.0,345474000.0,2.05,492835000.0,0.072306103,7521338000.0,2095502000.0,5279231000.0,3541203000.0,5425836000.0,0.0,5134667000.0,14056047290.0,16291803290.0,16.057609636855453,1.4908015722340684,0.3295377763903178,1.182802497921739,0.05768803874651788,16.057609636855453,0.12901347743881897,2.0622277310304225,12.998105488111618,6.707723156551509,0.26948599582759997,0.0,0.00518317834999259,0.9062154898503432,1.4511805733814187,0.035944136535281355,-350.02732499937747,0.07230610304971292,0.17816091954022978,1.4009260642511867,1.1638150075302607,0.7265291675805259,0.12945660219962551,0.1749254665403437,0.20204171102899732,0.7651801831473644,0.9194084307082468,0.3395001569558229,Integrated Freight & Logistics,Industrials,CHRW
2021Q4,2021,Q4,2022-02-23,2021-12-31,230098000.0,6501848000.0,287406000.0,1.74,436347000.0,0.0671112275,7028112000.0,2021934000.0,4804153000.0,3326342000.0,5006178000.0,0.0,4936861000.0,14029355240.0,15998271240.0,15.511814527265473,1.44427512264223,0.31677483227358927,1.1010888584889518,0.053959162038782905,15.511814527265473,0.11380094503579247,2.1577488800107294,15.242804413771523,6.938582189131791,0.29724291388886476,0.0,0.004875134945973469,0.9251201460648322,1.4053155087480482,0.03273966038105255,243.99727364430066,0.06711122745410228,-0.05945945945945951,1.0453843303024426,1.0698957575877304,0.7475851581896028,-0.01792659212445309,-0.06862899863592023,-0.07517802612229663,0.2997457409906333,0.661083148662725,0.3400407039952056,Integrated Freight & Logistics,Industrials,CHRW
2021Q3,2021,Q3,2021-10-29,2021-09-30,247053000.0,6263695000.0,310769000.0,1.85,444312000.0,0.07093448834912938,6602606000.0,1950800000.0,4430663000.0,3251693000.0,4651806000.0,0.0,4779964000.0,11470515000.0,13306188000.0,14.796162160112253,1.3625711283322257,0.3087147711070447,1.0448646709042444,0.060688043911463,14.796162160112253,0.12664189050645888,1.8312697217856233,11.607342351641146,5.879903116670084,0.27998040906202315,0.0,0.006030243628991375,0.9486701160117686,1.3350556156439122,0.03741749848468923,-119.2039053893958,0.07093448834912938,0.2847222222222223,1.071073572916624,1.018969910112238,0.6619269618638639,0.15024788039609085,0.274855641961102,0.19249512670565302,0.4786080023187912,0.5363756752199064,0.31090194474101,Integrated Freight & Logistics,Industrials,CHRW
2021Q2,2021,Q2,2021-07-30,2021-06-30,193789000.0,5532726000.0,260604000.0,1.44,386275000.0,0.06981639792030185,5906564000.0,1906170000.0,3722562000.0,2586379000.0,4000394000.0,0.0,4601227000.0,12483869250.0,13993006250.0,14.302532357906584,1.4392948597247348,0.28475777118473616,0.8823662107786818,0.052362754301601394,14.302532357906584,0.10166406983637347,2.2563686056385226,16.10497661115956,6.549189867640347,0.35980370402860845,0.0,0.00558528759022368,0.9367080421036663,1.4044082479791244,0.03280909171558964,93.89262291383058,0.06981639792030185,0.12499999999999993,0.4531187617868861,0.7990390163459014,0.6195507919577506,0.13096370902809293,0.11819624361674505,0.16690622355359133,0.27409095097722636,0.3539765242864606,0.31388634047098074,Integrated Freight & Logistics,Industrials,CHRW
2021Q1,2021,Q1,2021-04-30,2021-03-31,173305000.0,4803869000.0,223329000.0,1.28,341545000.0,0.07109790046314751,5596623000.0,1868187000.0,3410109000.0,2300907000.0,3728436000.0,0.0,4476532000.0,12836098440.0,14290751440.0,13.889040057096976,1.482071635229064,0.29879875775087944,0.8951266655854044,0.047169152240827204,13.889040057096976,0.09276640935837793,2.6720334047410534,18.516630276102827,6.870885216522757,0.4040852831712876,0.0,0.0054557076145327526,0.8583513665294232,1.4483688388970088,0.030965995029502612,-182.8556146898772,0.07109790046314751,0.18518518518518512,0.5544566865173888,0.6675343391702032,0.6726081880732632,0.030867625664769194,0.17250874451142367,0.07991702207909014,0.26792780268337624,0.27407352336177376,0.30999308754755517,Integrated Freight & Logistics,Industrials,CHRW
2020Q4,2020,Q4,2021-02-19,2020-12-31,147807000.0,4549452000.0,206802000.0,1.08,331318000.0,0.072825913978211,5144258000.0,1879933000.0,2941701000.0,1839732000.0,3264325000.0,0.0,4372833000.0,12763503900.0,13947754900.0,13.826086636758108,1.5989834388921864,0.27760019034815125,0.7596265398820065,0.043082748020491994,13.826086636758108,0.0786235466902278,2.805503585926393,21.588124885830847,6.789339779662361,0.01710338481939286,0.0,0.0001980647336191122,0.8843747728049409,1.571179389171901,0.028732423607058587,86.01091620955025,0.072825913978211,0.08000000000000007,0.2321965709871574,0.4951991516521568,0.7243880351067847,0.15696182198492156,0.08260516080832643,0.22921558021624,-0.005463071937135965,0.17934963142539698,0.3534920789240731,Integrated Freight & Logistics,Industrials,CHRW
2020Q3,2020,Q3,2020-10-30,2020-09-30,136529000.0,4224800000.0,168239000.0,1.0,286369000.0,0.06778285362620716,5074838000.0,1873359000.0,2852699000.0,1760979000.0,3201479000.0,0.0,4293598000.0,13864219490.0,15110620490.0,13.808101952517488,1.6199506070202996,0.2953729754526154,0.800150958785796,0.03842369882737213,13.808101952517488,0.07287925058678021,3.2816274119484947,25.386949823846948,7.40072751138463,0.5150847072783071,0.0,0.005072337469175483,0.832499480771603,1.5826003603677272,0.026903124789402145,-75.42444341080211,0.06778285362620716,-0.05660377358490571,0.04346440528395014,0.31670991067242366,0.7645510451473784,-0.0879096728986846,-0.05148014089301718,-0.10884224019662371,0.185626213692612,0.1554506366164603,0.43109976372463193,Integrated Freight & Logistics,Industrials,CHRW
2020Q2,2020,Q2,2020-07-31,2020-06-30,143939000.0,3627846000.0,188787000.0,1.06,313970000.0,0.08654446743329237,4825689000.0,1704328000.0,2603926000.0,1673380000.0,3121361000.0,0.0,4227257000.0,10673890600.0,11749570600.0,12.623716761721354,1.556087678829674,0.2979711290967984,0.8436850183767444,0.0436354827184681,12.623716761721354,0.08445498753761013,2.942211604351453,18.5389133591313,6.262814786825071,0.46709369941433526,0.0,0.006298827908166868,0.7517778290312533,1.5148035712151453,0.029827657770734914,24.43611518104064,0.08654446743329237,0.8596491228070178,0.13068302881755195,0.10296987129578039,0.6521459661248521,0.3206832875536842,0.8419240908043918,0.7250274122807018,0.35400048598345424,0.02167754319420101,0.3316657618898302,Integrated Freight & Logistics,Industrials,CHRW
2020Q1,2020,Q1,2020-05-01,2020-03-31,78146000.0,3805008000.0,109440000.0,0.57,237733000.0,0.06247897507705634,4848320000.0,1587118000.0,2606639000.0,1804725000.0,3261202000.0,0.0,4153109000.0,8968378800.0,10444016800.0,11.715295923941126,1.444341381650944,0.36511822651970166,1.115361302688269,0.024442142686042174,11.715295923941126,0.04923767482947078,2.356993414994134,28.691099992322066,5.650732207687141,0.8941084636449722,0.0,0.00779081722105672,0.7848095835258398,1.3912053082879663,0.016118160517457594,204.77620787286511,0.06247897507705634,-0.21917808219178087,-0.20793955368213288,0.2440213187898156,0.6188948462825733,-0.15059560814914857,-0.21149072710027647,-0.20003508618043067,-0.33148122602624047,0.16359097875007977,0.2596395464177317,Integrated Freight & Logistics,Industrials,CHRW
2019Q4,2019,Q4,2020-02-19,2019-12-31,99106000.0,3793326000.0,136806000.0,0.73,279882000.0,0.07378274369247463,4641060000.0,1670730000.0,2640118000.0,1556038000.0,2970330000.0,0.0,4144834000.0,10634965400.0,11743164400.0,12.285050405523652,1.6966924972269315,0.33528051781274104,0.9313635356999634,0.030327385693228574,12.285050405523652,0.0593189803259653,2.8035991106485443,26.827249107016733,6.365460247915582,0.7055173248844672,0.0,0.0065746335197291745,0.8173404351592093,1.6420633686323856,0.021354173400042233,55.379195892501,0.07378274369247463,-0.31775700934579443,-0.058933705511780315,0.21181874339047577,0.7113874318400957,-0.10543104440211207,-0.3253230220431059,-0.3196608399433076,-0.15562168308098587,0.15746235094515765,0.3840528919790421,Integrated Freight & Logistics,Industrials,CHRW
2019Q3,2019,Q3,2019-11-04,2019-09-30,146894000.0,3856132000.0,201085000.0,1.07,312868000.0,0.08113518935555111,4636549000.0,1673096000.0,2683166000.0,1434140000.0,2963453000.0,0.0,4115649000.0,11562296400.0,12703420400.0,12.267898518844405,1.8709233408174935,0.3290266100929808,0.9118113963574116,0.04528747896803765,12.267898518844405,0.0877977115479327,2.9984182076754635,19.677958936375887,6.91071905019198,0.46873936307813796,0.0,0.005955131888852114,0.8316814941457537,1.8195169230340134,0.03168175295893562,78.14844173487526,0.08113518935555111,-0.12295081967213108,0.26380362617581593,0.19583770285967037,0.7659843177196971,-0.12197120646591643,-0.1317295188556567,-0.11624585228646142,0.19048089617533717,0.20161160618255458,0.37794862568082305,Integrated Freight & Logistics,Industrials,CHRW
2019Q2,2019,Q2,2019-08-08,2019-06-30,169180000.0,3908840000.0,227535000.0,1.22,356330000.0,0.09116003724890248,4684109000.0,1659311000.0,2706573000.0,1496340000.0,3024798000.0,0.0,4037610000.0,11566067350.0,12735231350.0,12.095425884754164,1.8087954609246562,0.3254559191513263,0.9187373554445188,0.050441624937491485,12.095425884754164,0.10195798135491177,2.958951338504518,17.091363266934625,6.970403589200578,0.4094337392126729,0.0,0.005988898205750115,0.8344895475318785,1.7606747129663045,0.03611786147589648,63.586155550424415,0.09116003724890248,0.05172413793103453,0.5371745204387809,0.2024364170011719,0.7701382602726549,0.05204575113226376,0.04568942072341583,0.013293253173012692,0.23243230223877484,0.23478508972967596,0.369628544129166,Integrated Freight & Logistics,Industrials,CHRW
2019Q1,2019,Q1,2019-05-08,2019-03-31,161788000.0,3751210000.0,224550000.0,1.16,338702000.0,0.0902913993084898,4697444000.0,1652561000.0,2728354000.0,1429664000.0,3044883000.0,0.0,3937698000.0,12172508200.0,13333378200.0,11.98776241530895,1.9083882646551917,0.3419610750016392,0.9720324998593093,0.04970932848276654,11.98776241530895,0.09790137852702563,3.2449551478056415,18.809349580933073,7.365845012680318,0.4310702895146735,0.0,0.005729468311222826,0.7985640701624117,1.8668442375271392,0.034441709150763694,50.07902462705603,0.0902913993084898,-0.13432835820895533,0.870457185036889,0.28600050777969627,0.8137652322026651,-0.09550908357745809,-0.13551696500133584,-0.12119350180222842,0.4159326035842557,0.27052656700902833,0.4436440164399382,Integrated Freight & Logistics,Industrials,CHRW
2018Q4,2018,Q4,2019-02-25,2018-12-31,187150000.0,4137908000.0,255517000.0,1.34,374467000.0,0.09049669543160457,4427412000.0,1595087000.0,2753074000.0,1433323000.0,2832325000.0,0.0,3845593000.0,11587349730.0,12555086730.0,11.575629367838197,1.9207631496878232,0.304094581665316,0.8440617972561998,0.06607040975953599,11.575629367838197,0.11732902343257766,2.80029177304087,15.478693200641198,7.264399828974846,0.3743574672722415,0.0,0.006046335152775267,0.9346110097727521,1.8842145141046365,0.04227074417289378,46.39969619067069,0.09049669543160457,0.07200000000000006,1.204214820999746,0.4367987415420853,0.8582617278207206,0.04382500104531074,0.06398703772136786,0.03880100661454713,0.5394945648666114,0.3419122584802552,0.44371124709017856,Integrated Freight & Logistics,Industrials,CHRW
2018Q3,2018,Q3,2018-11-07,2018-09-30,175895000.0,4291900000.0,245973000.0,1.25,358745000.0,0.08358652345115217,4492722000.0,1566603000.0,2805065000.0,1515332000.0,2926119000.0,0.0,3728503000.0,13579898480.0,14623400480.0,11.287009085210775,1.851122394300391,0.2985501885048752,0.8561856449911049,0.06213712692525053,11.287009085210775,0.11227796704078825,3.1640761620727416,19.301143409420394,8.668372574289721,0.36725887603399754,0.0,0.004756957505620469,0.9553005950512852,1.8155466920780396,0.039151098153858616,67.5922854625726,0.08358652345115217,0.10619469026548684,0.845856378794436,0.46304362879429745,0.7916942204873291,0.084303300861712,0.10512493481525229,0.12312335622443016,0.31405387394064105,0.307496368440239,0.44237808689306923,Integrated Freight & Logistics,Industrials,CHRW
2018Q2,2018,Q2,2018-08-08,2018-06-30,159163000.0,4276037000.0,219008000.0,1.13,330853000.0,0.07737374583054356,4453284000.0,1518159000.0,2758656000.0,1524727000.0,2935125000.0,0.0,3617324000.0,11667558240.0,12764037240.0,10.885669420065394,1.8092786446360563,0.3159587396626849,0.9268159659166135,0.055715293844074094,10.885669420065394,0.10483947992272219,2.7285915065748965,18.32642988634293,7.685333512497702,0.40949843870748853,0.0,0.005586173101459487,0.9601985860322405,1.767714482658207,0.035740590539476036,125.08102744425386,0.07737374583054356,0.1188118811881187,0.6303629163338708,0.4901796046151185,0.16054068060825324,0.11163264209012592,0.11852674336071738,0.14313751076545658,0.21034262701601333,0.2585198816227953,0.4246766748969204,Integrated Freight & Logistics,Industrials,CHRW
2018Q1,2018,Q1,2018-05-09,2018-03-31,142297000.0,3925327000.0,191585000.0,1.01,297628000.0,0.07582247287932954,4307776000.0,1484672000.0,2591013000.0,1994410000.0,2823104000.0,0.0,3523245000.0,13122398720.0,14173616720.0,10.602376599634368,1.299137589562828,0.32522582418398727,0.9436427709285283,0.05222852100176945,10.602376599634368,0.09584406522113975,3.343007785083892,23.054594826313977,8.838584360720752,0.4594756038426671,0.0,0.004982473204411213,0.9112189213181001,1.2686172853124482,0.03303259036681573,70.89088321889501,0.07582247287932954,-0.06481481481481487,0.5795485256403343,0.5038468510729359,0.14328463388935656,-0.07063856362217018,-0.0672474370067385,-0.09148030121967413,0.39532694057129053,0.2415858447752552,0.4651045049932356,Integrated Freight & Logistics,Industrials,CHRW
2017Q4,2017,Q4,2018-02-28,2017-12-31,152556000.0,3959786000.0,210876000.0,1.08,320250000.0,0.08087558267037663,4235834000.0,1425745000.0,2510936000.0,1987449000.0,2810089000.0,0.0,3437093000.0,12434469480.0,13565579480.0,10.215121944229502,1.2633964443867491,0.3458586904019374,1.0275329739890373,0.05755043149066888,10.215121944229502,0.10700090128318879,3.1401872424418897,20.376893534177615,8.721383894034346,0.429068669865492,0.0,0.005264157035833586,0.9348303073255467,1.231639151495208,0.03601557568119997,80.67782306569343,0.08087558267037663,0.27058823529411774,-0.31415089104099175,0.5363527647403293,0.09242183342128286,0.06522042828347337,0.2799825482858725,0.08439050728922942,0.41149905060648334,0.23259454128709564,0.42303293295467415,Integrated Freight & Logistics,Industrials,CHRW
2017Q3,2017,Q3,2017-11-08,2017-09-30,119186000.0,3784451000.0,194465000.0,0.85,300642000.0,0.0794413773622647,4175588000.0,1354875000.0,2454846000.0,1986302000.0,2820713000.0,0.0,3349994000.0,10686114200.0,11857807200.0,9.648594949509336,1.2358875941322116,0.35180673955380654,1.0842328628102222,0.04461164616639186,9.648594949509336,0.08796826275486669,2.8236894069972105,22.414784874062388,7.8871587415813265,0.5366318191733929,0.0,0.005985243915884785,0.9063276836699407,1.2090915681502612,0.028543524887991823,194.68235015485516,0.0794413773622647,0.08974358974358967,0.17310203699422752,0.5043573061458094,0.2017588017213209,0.03823959056390705,0.07306137515643148,0.06954680453195468,-0.004098660397927179,0.13982654873312908,0.3889312291497503,Integrated Freight & Logistics,Industrials,CHRW
2017Q2,2017,Q2,2017-08-03,2017-06-30,111071000.0,3710018000.0,181820000.0,0.78,289569000.0,0.07805056471424128,3965889000.0,1337208000.0,2285022000.0,1797494000.0,2628681000.0,0.0,3294767000.0,9688069480.000002,10756887480.000002,9.479643558460523,1.2712264964444944,0.3383856683835579,1.003583586098797,0.04370867774654977,9.479643558460523,0.08306187219938857,2.611326812969641,21.806028306218547,7.244998145389499,0.5780896903782266,0.0,0.006627636200643763,0.9354820571125415,1.2358238747945751,0.028006583139366735,235.9203574820407,0.07805056471424128,-0.09302325581395345,0.11247254113958957,0.44051778570920047,0.20062827650701287,0.04138285706065554,-0.09017857142857143,-0.032656231711339766,-0.018535698413695963,0.10991549126237875,0.38732442465949973,Integrated Freight & Logistics,Industrials,CHRW
2017Q1,2017,Q1,2017-05-09,2017-03-31,122080000.0,3415125000.0,187958000.0,0.86,278062000.0,0.08142073862596537,3775744000.0,1315874000.0,2092610000.0,1877367000.0,2459870000.0,0.0,3248014000.0,10935298360.0,11945504360.0,9.300514545814368,1.1146515305744695,0.3284120957353041,0.9423394641128254,0.050251414334274935,9.300514545814368,0.09277484014426914,3.2020199436331027,22.39371387614679,8.31029290038408,0.529136631716907,0.0,0.005907200505501342,0.9044906116516374,1.0826711026666602,0.03233270052206929,143.93095661787933,0.08142073862596537,0.0,0.3181245557652265,0.5387500224198406,0.21233302834132553,-0.07685310297432697,-0.0018233403923043588,-0.02896701366466045,0.375175189945913,0.14074456824512782,0.40718086832041306,Integrated Freight & Logistics,Industrials,CHRW
2016Q4,2016,Q4,2017-03-01,2016-12-31,122303000.0,3414975000.0,193565000.0,0.86,301211000.0,0.0882029883088456,3687758000.0,1257847000.0,2008102000.0,1845718000.0,2429911000.0,0.0,3190578000.0,10381747860.0,11374081860.0,8.876142289589376,1.0879787703213601,0.3362476605026686,0.9858114699164525,0.04976499594170364,8.876142289589376,0.09723201629450959,3.04006555245646,21.221367954997017,8.253585579168213,0.443987473733269,0.0,0.005230429474136737,0.9260301245363715,1.061298096458939,0.03316459485682086,78.49855475070697,0.0882029883088456,-0.04444444444444448,0.28565398788248136,0.5265456192148713,0.1566810502422673,-0.001220244115140643,-0.05212046997550919,-0.08378970686382635,0.4006750630573313,0.15302530035463033,0.4249070165690084,Integrated Freight & Logistics,Industrials,CHRW
2016Q3,2016,Q3,2016-11-09,2016-09-30,129028000.0,3355754000.0,211267000.0,0.9,301579000.0,0.08986922164139564,3664062000.0,1269668000.0,1967549000.0,1799797000.0,2394394000.0,0.0,3122577000.0,10048371060.0,11048922060.0,8.90301589638948,1.0932060671286816,0.33432840383159457,0.9648191495729592,0.05360574467184395,8.90301589638948,0.1016234165151835,2.9943705825874005,19.469361417676783,7.914172098532843,0.4929860185386118,0.0,0.006330279765763348,0.9158562273236642,1.059638948170266,0.035214469624149376,98.09796801780693,0.08986922164139564,-0.09999999999999998,0.29721597545292,0.4315154767026254,0.15092574354472277,-0.06909718363768814,-0.09827381368369557,-0.0961723572922861,0.31781798990996696,0.11333241362674025,0.4132603248604516,Integrated Freight & Logistics,Industrials,CHRW
2016Q2,2016,Q2,2016-08-08,2016-06-30,143090000.0,3299741000.0,233747000.0,1.0,323964000.0,0.09817861462460235,3349070000.0,1262840000.0,1879102000.0,1491457000.0,2086230000.0,0.0,3057158000.0,10617601500.0,11375518500.0,8.831172463950544,1.259910275656623,0.2881396925116525,0.7641506445788857,0.06599701516281613,8.831172463950544,0.11330809920496658,3.2177075412888465,18.55056520371794,8.407717129644295,0.4446991404011461,0.0,0.005993067266651513,0.9852708363814432,1.2133866413849008,0.042725293887556845,90.77976658686731,0.09817861462460235,0.20481927710843378,0.4835926113341081,0.40282578354875886,0.1282547897772221,0.13338324505489124,0.20281095802896698,0.17489143109895855,0.4294981890919054,0.12152553851639923,-0.05849291335355833,Integrated Freight & Logistics,Industrials,CHRW
2016Q1,2016,Q1,2016-05-10,2016-03-31,118963000.0,3073943000.0,198952000.0,0.83,285838000.0,0.09298741063188225,3162245000.0,1191806000.0,1705716000.0,1372055000.0,1970439000.0,0.0,2977710000.0,10653860750.0,11444454750.0,8.303821633861697,1.2431834000823583,0.3067441011053856,0.813890851363393,0.05756767051935121,8.303821633861697,0.09981741994921993,3.4658615172760197,22.389021691618403,8.939257521777874,0.5370409286921144,0.0,0.005996699365532819,0.9720761674063838,1.1972158550495424,0.03761979226783504,123.41570518389805,0.09298741063188225,-0.05681818181818187,0.41057919198682397,0.49506695812510554,0.11701116185708386,-0.05535267542888492,-0.06019765687335582,-0.07282632503646676,0.2883945295599666,0.14900869573483436,-0.10457513111923565,Integrated Freight & Logistics,Industrials,CHRW
2015Q4,2015,Q4,2016-02-29,2015-12-31,126583000.0,3210853000.0,214579000.0,0.88,302587000.0,0.09423882064983978,3184358000.0,1150450000.0,1730698000.0,1448597000.0,2033908000.0,0.0,2922620000.0,8898877680.0,9680648680.0,8.017967160101474,1.194740842346077,0.29833329041521084,0.8257638315441783,0.0643014707186994,8.017967160101474,0.1100291190403755,2.771499561020078,17.575183239455537,7.735127715241863,0.5069164105764598,0.0,0.00721068457252915,1.008320358452159,1.1554966633232018,0.039751497790135405,36.76280324875445,0.09423882064983978,-0.0833333333333333,0.41210361898324327,0.5890552777482279,0.09957146053594632,-0.0675227582296347,-0.09215244707097367,-0.07791638555977157,-0.4464338872552715,0.2118098547834228,-0.14254548960155794,Integrated Freight & Logistics,Industrials,CHRW
2015Q3,2015,Q3,2015-11-09,2015-09-30,139432000.0,3419253000.0,232711000.0,0.96,324498000.0,0.09490318499391534,3312565000.0,1131363000.0,1856211000.0,1581259000.0,2181202000.0,0.0,2860204000.0,9799496840.0,10686409840.0,7.82527770476836,1.1738816980646434,0.31093729481534704,0.910406297536688,0.06638213617625718,7.82527770476836,0.12324249599818979,2.8659759426985953,17.57038707039991,8.661673432841626,0.4083065580354581,0.0,0.005809583994926826,1.032207066125495,1.1350961480693549,0.042091853291935405,48.98744177443624,0.09490318499391534,0.02127659574468087,0.5476347655855186,0.6092349710294216,0.1009523573578961,0.013996043984888398,0.01620896740714827,0.015783845129749667,0.3329257034101436,0.3201165974342223,-0.02534033122644216,Integrated Freight & Logistics,Industrials,CHRW
2015Q2,2015,Q2,2015-08-10,2015-06-30,137208000.0,3545088000.0,229095000.0,0.94,320019000.0,0.0902711018739168,3404014000.0,1111851000.0,1944339000.0,1694818000.0,2292163000.0,0.0,2777703000.0,9078680850.0,10037229850.0,7.640799917534275,1.147225837818574,0.3319610318876479,1.0163232303609027,0.06281916566193783,7.640799917534275,0.12340502459412277,2.560918332633774,16.54182126771034,8.16537544149351,0.4167541251238995,0.0,0.006298492142721373,1.0414434253208125,1.1080127777731885,0.04030770731260212,65.85339578709144,0.0902711018739168,0.2876712328767123,0.5977618188438004,0.6355757802874658,0.13933029854485796,0.18540482875621375,0.28862842330666066,0.2592826714305346,0.33219330524621205,0.33434712092534824,-0.03226736537614036,Integrated Freight & Logistics,Industrials,CHRW
2015Q1,2015,Q1,2015-05-11,2015-03-31,106476000.0,3300890000.0,181925000.0,0.73,269966000.0,0.08178582139968311,3309224000.0,1058020000.0,1846915000.0,1651096000.0,2251204000.0,0.0,2697680000.0,10705056880.0,11699273880.0,7.236600913791689,1.1185994030631774,0.34146978264390687,1.0680327404018828,0.05137562731128503,7.236600913791689,0.10063703899737245,3.243081980920297,25.13490570645028,10.118009943101264,0.5384781547015289,0.0,0.0053558799960341736,0.9974815848065891,1.0824385741349989,0.03217551909450675,114.21285706664959,0.08178582139968311,-0.05194805194805199,0.43414040160785444,0.8004223123309039,0.12616770390011897,0.012249764716028181,-0.05729235836277192,-0.0309117446518367,0.11253000457396775,0.4392644383144374,-0.05670054516897818,Integrated Freight & Logistics,Industrials,CHRW
2014Q4,2014,Q4,2015-03-02,2014-12-31,112947000.0,3357202000.0,187728000.0,0.77,266699000.0,0.07944085580790193,3214338000.0,1047015000.0,2105459000.0,1575860000.0,2167323000.0,0.0,2648539000.0,10923155840.0,11899215840.0,7.178415697674419,1.336069828538068,0.3437721857502229,1.0553812505073947,0.05433674112650313,7.178415697674419,0.10787524534032464,3.2536486752956777,24.177613925115317,10.432664135661858,0.5083623292340655,0.0,0.005256539487401473,1.0444458547918731,1.079112992270887,0.035138495080480024,53.613738428766354,0.07944085580790193,-0.09411764705882349,0.4602358011186092,0.8960545803468374,0.0997287647219704,-0.05741085660362688,-0.09628663556860642,-0.07676418949822217,0.15356203573181693,0.4580720845247188,-0.06455562142123562,Integrated Freight & Logistics,Industrials,CHRW
2014Q3,2014,Q3,2014-11-10,2014-09-30,124981000.0,3467362000.0,203337000.0,0.85,282943000.0,0.08160180563783072,2941784000.0,1018717000.0,1824716000.0,1329202000.0,1923067000.0,0.0,2593010000.0,9725562719.999998,10442846719.999998,6.946776591246948,1.372790591648222,0.2872406675677072,0.8294747216351548,0.06917053093101289,6.946776591246948,0.1226847102777317,2.8048881887729054,19.454082460534,9.546873881558863,0.42151206983461487,0.0,0.005416755977694214,1.1786596160697047,1.3303846969836037,0.042484764347076466,56.99395647027108,0.08160180563783072,0.06249999999999992,0.4926749314190402,1.0222687109606272,0.03862803081903356,0.0031625486170940714,0.053838240750109616,0.014746833547923466,0.22195474439580162,0.4384273109322436,-0.10196453577463076,Integrated Freight & Logistics,Industrials,CHRW
2014Q2,2014,Q2,2014-08-11,2014-06-30,118596000.0,3502918000.0,200382000.0,0.8,282051000.0,0.08051887026758833,3037106000.0,1010101000.0,1909201000.0,1430998000.0,2027005000.0,0.0,2520710000.0,9429820540.0,10185605540.0,6.833040195905998,1.3341744712431465,0.29633473444785924,0.8910000089100001,0.06408844907308976,6.833040195905998,0.11741004117410041,2.6919900894054614,19.878032437856252,9.335522427955224,0.4425865965125299,0.0,0.005566277722608706,1.1533736392473624,1.2886125627009961,0.039049015740642574,87.55717824678038,0.08051887026758833,0.2698412698412699,0.46074904528200705,1.0665943902317694,0.04217747043447589,0.19040002025846425,0.2726667882859197,0.2765542679858063,0.1894729149225117,0.4405654523790666,-0.1270230129417611,Integrated Freight & Logistics,Industrials,CHRW
2014Q1,2014,Q1,2014-05-12,2014-03-31,93187000.0,3142585000.0,156971000.0,0.63,236938000.0,0.07539589223521401,2960168000.0,981597000.0,1823082000.0,1380489000.0,1978571000.0,0.0,2454598000.0,7780805630.0,8547992630.0,6.609324185110122,1.3206059591927208,0.30741498455493066,0.9270606980257682,0.05126602149377473,6.609324185110122,0.09493407172189809,2.4759252748931213,20.87417137047013,7.926680328077612,0.5625248156931761,0.0,0.006737091567727544,1.0616238672940184,1.2711778217718503,0.03148030787441794,4217.238823848238,0.07539589223521401,0.01612903225806453,0.2429512023409466,1.1202386604249461,0.01332310795884892,-0.016226136203216994,0.0025281865909286515,0.01197836416032183,0.06780581980137075,0.47707740258585246,-0.11092877320551767,Integrated Freight & Logistics,Industrials,CHRW
2013Q4,2013,Q4,2014-03-03,2013-12-31,92952000.0,3152882000.0,155113000.0,0.62,240846000.0,0.07638915760247292,2802818000.0,939724000.0,1664485000.0,1269981000.0,1863094000.0,0.0,2413833000.0,8802447600.0,9515400600.0,6.229278252107971,1.3106377182020834,0.31218580728395495,0.93112445781953,0.053283826844311696,6.229278252107971,0.0989141492608468,2.7918734668788745,23.674712754970308,9.367056284611227,0.5715530596436871,0.0,0.00603548040433663,1.1248971570754862,1.2690174104966925,0.03316376589560935,58.341491801322924,0.07638915760247292,-0.10144927536231878,0.1725558687030774,0.8080973646431535,-0.048410278018984246,-0.0697981600352235,-0.13723233429555307,-0.12045022823282583,-0.013741389567843003,0.4841137418623179,-0.14572653529445465,Integrated Freight & Logistics,Industrials,CHRW
2013Q3,2013,Q3,2013-11-08,2013-09-30,107737000.0,3316665000.0,176355000.0,0.69,258918000.0,0.07806576787224516,2891568000.0,988563000.0,1753441000.0,1306231000.0,1903005000.0,0.0,2374011000.0,9351101160.0,10071378160.0,6.299629119828707,1.3423667023673453,0.29395815695843913,0.8598339205493226,0.059487308372598184,6.299629119828707,0.1089834436449675,2.819428902225579,21.698908360173387,9.459287025713081,0.5021394692631129,0.0,0.005785307962597209,1.1470126242924255,1.2974121728851942,0.03725902347791925,82.75383994548625,0.07806576787224516,-0.0142857142857143,0.23914568176005402,0.5406343291440021,-0.03355143022032595,-0.028789203017333537,-0.036961885011441646,-0.03354413731120805,0.1017517302679306,0.43814500072152807,-0.11369387878341533,Integrated Freight & Logistics,Industrials,CHRW
2013Q2,2013,Q2,2013-08-08,2013-06-30,111872000.0,3288262000.0,182476000.0,0.7,266593000.0,0.0810741358200776,2921545000.0,1499065000.0,1782968000.0,1330987000.0,1422480000.0,0.0,2320398000.0,9032913360.0,9248548360.0,9.379825801849604,1.339583331768079,0.1251570658675461,0.2439200434937778,0.060188367577473284,9.379825801849604,0.0746278513606815,2.7470175308415206,20.185822547196796,6.0256982585811825,0.5055599256292906,0.0,0.00626132430877207,1.1255215990169585,1.292952523202706,0.03829206806672497,86.92096265432396,0.0810741358200776,0.0937499999999999,0.3140200268079,0.5041621925766037,0.45459257830193694,0.0967430073598078,0.08253098903650949,0.0816212819935272,0.18614034813416436,0.3813131189136993,0.3986388658857501,Integrated Freight & Logistics,Industrials,CHRW
2013Q1,2013,Q1,2013-05-09,2013-03-31,103343000.0,2994267000.0,168706000.0,0.64,243077000.0,0.0811808031815466,2830560000.0,1489685000.0,1690579000.0,1249427000.0,1340875000.0,0.0,2265084000.0,9413328200.0,9644057200.0,9.273610687450587,1.3530834534550638,0.13800414052343,0.2622225504049514,0.05498005484033161,9.273610687450587,0.06937238409462403,3.1437838375802825,22.772050840405253,6.319005830091597,0.5464617826074335,0.0,0.005999259645488617,1.0578355519755809,1.3043787272085523,0.03650973658922616,-137.97071833731513,0.0811808031815466,-0.5949367088607596,0.26596038858209065,0.5948654635121391,0.45995132634959723,1.7563679700286894,-0.596933601672439,0.262731654740876,0.2668776593070759,0.48644049492987157,0.44316938009474705,Integrated Freight & Logistics,Industrials,CHRW
2012Q4,2012,Q4,2013-03-01,2012-12-31,256392000.0,2970876000.0,133604000.0,1.58,-321374000.0,-0.10817482789587987,2804225000.0,1504372000.0,1672290000.0,1232217000.0,1299853000.0,0.0,2218229000.0,10170833600.0,10214460600.0,9.350895077076082,1.3571392051886966,0.09045137248259323,0.1686059033271026,0.046864875105884225,9.350895077076082,0.1704312497174901,3.4235133341142476,9.917268869543511,6.760850108882643,0.43714312459047083,0.0,0.011019745716811255,1.0594285408624486,1.3164523781119721,0.09143060917009156,56.06205235336593,-0.10817482789587987,1.1944444444444446,2.175218776145654,0.6068811861255315,0.5239394194688497,-1.7427693161069637,1.2040058454396974,-0.2865206641140251,2.0052112338075565,0.5211783252871042,0.43255123766225295,Integrated Freight & Logistics,Industrials,CHRW
2012Q3,2012,Q3,2012-11-08,2012-09-30,116330000.0,2880409000.0,187257000.0,0.72,432670000.0,0.15021130679705555,2243267000.0,1290875000.0,1726166000.0,938055000.0,952392000.0,0.0,2020112000.0,9502216200.0,9229261200.0,8.028728340237091,1.8401543619510583,0.0,0.0,0.09008060853204214,8.028728340237091,0.0901171685871986,3.2989121336587965,20.420820510616352,7.361066098576547,0.46524542250494283,0.0,0.005695723909123432,1.2840241487081119,1.7136862977117546,0.05185740261859154,66.35301486659172,0.15021130679705555,0.014084507042253534,0.47114040947861485,0.6355028543069869,0.33184312043872194,0.01679580187204922,0.015255450245239218,0.01267075505370064,0.26720175816894365,0.5322394194573283,0.2003930451007335,Integrated Freight & Logistics,Industrials,CHRW
2012Q2,2012,Q2,2012-08-09,2012-06-30,114582000.0,2955714000.0,184914000.0,0.71,425523000.0,0.14396622947957752,2239999000.0,1278190000.0,1707601000.0,949341000.0,961809000.0,0.0,1957462000.0,9475246110.0,9234619110.0,7.895569131554726,1.798722482227145,0.0,0.0,0.08931261479055376,7.895569131554726,0.08964394964754849,3.2057384814633623,20.673504804419544,7.413018494902949,0.474996072681573,0.0,0.005744019666418986,1.3195157676409677,1.7443858423896155,0.05115270140745599,434.7639767826007,0.14396622947957752,0.09230769230769222,0.4701398372410624,0.6603691899066011,0.3379757526745728,0.02598457851311405,0.07588732394366197,0.09064850039812439,0.2887266772912399,0.5923060101232323,0.2042347226486939,Integrated Freight & Logistics,Industrials,CHRW
2012Q1,2012,Q1,2012-05-10,2012-03-31,106500000.0,2552114000.0,169545000.0,0.65,414746000.0,0.16251076558492292,2134285000.0,1248113000.0,1601131000.0,871867000.0,886172000.0,0.0,1897041000.0,10654764570.0,10343399570.0,7.6715839034254705,1.836439502814076,0.0,0.0,0.08522124596720505,7.6715839034254705,0.08532881237516154,4.174877991343647,25.011184436619715,8.536698656291536,0.5138497652582159,0.0,0.005136199832522438,1.1957700119712222,1.7855292148917208,0.04989961509357935,168.4174976289833,0.16251076558492292,-0.03171342501877053,0.5357721462132298,0.6582798165027466,0.3309422869293823,0.033287242921384706,-0.024850293918362115,-0.014015294699194557,0.2967482081239326,0.5718282372204353,0.17618579846626964,Integrated Freight & Logistics,Industrials,CHRW
2011Q4,2011,Q4,2012-02-29,2011-12-31,109214000.0,2568284000.0,171955000.0,0.6712888692199419,401385000.0,0.15628528620666562,2138041000.0,1248474000.0,1611543000.0,876632000.0,889567000.0,0.0,1845032000.0,11352717540.0,11041148540.0,7.67380280651288,1.8383346717893028,0.0,0.0,0.08678504517077486,7.67380280651288,0.08747799313401801,4.42035130850015,25.987322000842383,9.09327510224482,0.44297434394857804,0.0,0.004261446638616889,1.201232343065451,1.7833093019647925,0.05108134034847788,100.97407802049239,0.15628528620666562,-0.04101590111436864,0.5998613682831987,0.6451495119416348,0.3919613888701273,-0.05124732311270582,-0.044889677910220645,-0.06528415731253227,0.2774586170256969,0.3656860173037783,0.17225649323268666,Integrated Freight & Logistics,Industrials,CHRW
2011Q3,2011,Q3,2011-11-09,2011-09-30,114347000.0,2694928000.0,183965000.0,0.7,423066000.0,0.15698601224225656,2179438000.0,1268224000.0,1656748000.0,896709000.0,911214000.0,0.0,1790600000.0,11225519560.0,10842782560.0,7.735525898455608,1.8475871213515198,0.0,0.0,0.09013859537316306,7.735525898455608,0.09016309421679451,4.165424664406618,24.542663034447777,8.85136975802382,0.4263863503196411,0.0,0.004343317896280963,1.2365242782772439,1.8075161507244826,0.052466278003778954,54.65066361578345,0.15698601224225656,0.04477611940298495,0.6936094771548965,0.6397015398474667,0.44191242729450575,0.01244418067035844,0.029939742215576954,0.021488658763430413,0.25882544036084876,0.19819740973601724,0.1867346154592874,Integrated Freight & Logistics,Industrials,CHRW
2011Q2,2011,Q2,2011-08-09,2011-06-30,111023000.0,2707662000.0,180095000.0,0.67,417866000.0,0.1543272387764795,2193797000.0,1288426000.0,1676081000.0,889887000.0,905371000.0,0.0,1724632000.0,12977615880.0,12661718880.0,7.827285595387803,1.8834762166432368,0.0,0.0,0.08601378286822392,7.827285595387803,0.0861694812119594,4.792923149196613,29.22280941786837,10.072457308374714,0.43874692631256584,0.0,0.0037534629203403416,1.2342354374629922,1.828422035606768,0.05060769068423377,806.7646325997762,0.1543272387764795,0.1355932203389832,0.7340889344814597,0.6557105369697811,0.5265286980773828,0.07051526742002505,0.14423671517500103,0.14918801646300608,0.26610852224672676,0.20254156491047173,0.21382974223845944,Integrated Freight & Logistics,Industrials,CHRW
2011Q1,2011,Q1,2011-05-10,2011-03-31,97028000.0,2365472000.0,156715000.0,0.59,390341000.0,0.1650161151770133,2096334000.0,1227526000.0,1582071000.0,851759000.0,868808000.0,0.0,1662227000.0,12240642120.0,11881307120.0,7.43396477798503,1.8574162409789623,0.0,0.0,0.07893021734139943,7.43396477798503,0.0790435396073077,5.1747144417689155,31.53894267634085,9.97179865843982,0.5034732242239354,0.0,0.003990885406263312,1.1283850760422718,1.8034350091986113,0.0462846092273464,284.7786827350348,0.1650161151770133,-0.055620244084489324,0.7312431426282461,0.636155654939052,0.5136429926684325,0.00560845415855154,-0.059450761431161,-0.04479931734373571,0.15630263692703805,0.22570716725670034,0.17033452270564312,Integrated Freight & Logistics,Industrials,CHRW
2010Q4,2010,Q4,2011-03-01,2010-12-31,103161000.0,2325349000.0,164065000.0,0.6247486737239892,388164000.0,0.16692720103519945,1995699000.0,1204068000.0,1481768000.0,771607000.0,791631000.0,0.0,1613912000.0,13241293560.0,12842686560.0,7.291901843463094,1.9203661967815222,0.0,0.0,0.08554357625125888,7.291901843463094,0.08567705478428128,5.6943252647237035,32.08890365545119,10.997131025822462,0.4090014637314489,0.0,0.0031864711562213863,1.165180220063246,1.871376231682709,0.05169166292111185,65.9817997717771,0.16692720103519945,0.0076591511677245785,0.8396595323211864,0.5226940615293897,0.600580666988755,0.01459564012755502,0.005203309070712385,-0.013635297866328389,0.24473409132016508,0.22540385100531235,0.18837999684044243,Integrated Freight & Logistics,Industrials,CHRW
2010Q3,2010,Q3,2010-11-09,2010-09-30,102627000.0,2420357000.0,166333000.0,0.62,382580000.0,0.1580675908553986,1982084000.0,1170580000.0,1466940000.0,789485000.0,811504000.0,0.0,1559738000.0,11515194720.0,11265761720.0,7.107735091777935,1.8580973672710692,0.0,0.0,0.08759345768068699,7.107735091777935,0.08767192332006356,4.757643074967866,28.051084802245022,9.837170223308105,0.40996034182037866,0.0,0.003653694186076256,1.2211172684911438,1.8062572436461743,0.051777321243701074,97.34468413177449,0.1580675908553986,0.05084745762711869,0.9597464851520625,0.6830316593234582,0.6127397015140652,0.04921935206083926,0.05555098430460988,0.06313636508900322,0.26704369062004873,0.34166514026261763,0.1790644399366719,Integrated Freight & Logistics,Industrials,CHRW
2010Q2,2010,Q2,2010-08-09,2010-06-30,97226000.0,2453982000.0,156455000.0,0.59,364633000.0,0.14858829445366756,1921894000.0,1104872000.0,1410856000.0,792173000.0,817022000.0,0.0,1499271000.0,9169929340.0,9028653340.0,6.706395789959271,1.7809948079523032,0.012929433152921025,0.02249038802684836,0.08586274193818734,6.706395789959271,0.08799752369505245,3.7367549313727646,23.578902094090058,8.299539982912048,0.43431798078703227,0.0,0.004604942790104422,1.2768560596994423,1.7241246545893385,0.05058863808305765,-3775.1870481679703,0.14858829445366756,0.17999999999999994,1.0358711233206215,0.804595112249366,0.6141058685883751,0.09630758777033142,0.15728705423034806,0.15034520282044306,0.2257837343775994,0.3545742575349411,0.1364595515912427,Integrated Freight & Logistics,Industrials,CHRW
2010Q1,2010,Q1,2010-05-10,2010-03-31,84012000.0,2074617000.0,136007000.0,0.5,332601000.0,0.16031923000727363,1842207000.0,1063095000.0,1323438000.0,756060000.0,779112000.0,0.0,1444152000.0,9239824000.0,9033231000.0,6.425864361702128,1.7504404412348227,0.012513251768123778,0.02168385704005757,0.0770800134868162,6.425864361702128,0.07902586316368716,4.453749294448084,27.49554825501119,8.691437736044286,0.504796933771366,0.0,0.004589806039595559,1.1261584610198527,1.6998227653889904,0.04560399564218353,-20857.39051918736,0.16031923000727363,-0.05715002165637048,1.0649330439325662,0.7533741780762772,0.6327460588220937,-0.01912494175518895,-0.04242368978959127,-0.04728981913447933,0.191370517792837,0.32563518698958227,0.11482253426740908,Integrated Freight & Logistics,Industrials,CHRW
2009Q4,2009,Q4,2010-03-01,2009-12-31,87734000.0,2008366000.0,142758000.0,0.5303070599613153,339086000.0,0.1688367558502783,1834248000.0,1079900000.0,1307269000.0,731807000.0,754348000.0,0.0,1402306000.0,9716291200.0,9456283200.0,6.5274419729206965,1.7863576052155827,0.0,0.0,0.0809071953948894,6.5274419729206965,0.08124270765811649,4.837908628208205,27.68678961406068,8.99739901842763,0.4655207787174869,0.0,0.0042034557383376905,1.0949260950536677,1.7370167270878798,0.047831045747358046,77.90046421384304,0.1688367558502783,-0.06963673690997303,1.3365696308646973,0.7271195505866521,0.7860111404123923,-0.03823397604987435,-0.08093442279488791,-0.07779665506036783,0.26386391531538056,0.265125278088129,0.18402145891531993,Integrated Freight & Logistics,Industrials,CHRW
2009Q3,2009,Q3,2009-11-09,2009-09-30,95460000.0,1954803000.0,154801000.0,0.57,352566000.0,0.18035883922830076,1842033000.0,1118243000.0,1312280000.0,698021000.0,723790000.0,0.0,1357134000.0,9655280250.0,9279006250.0,6.688416242501091,1.8800007449632605,0.0,0.0,0.08512465593907638,6.688416242501091,0.08536606086512502,4.9392599919275755,25.28619382463859,8.634331044325787,0.43133249528598366,0.0,0.004264505942227829,1.0612204015888966,1.8233792393065538,0.05182317580629663,65.6527018481498,0.18035883922830076,0.05555555555555539,1.5870930148000557,0.7606832879926457,0.9162462057498603,0.002450924641175534,0.03476309713505252,0.03280536948573563,0.3864466349653875,0.16630963230097243,0.24672977966581255,Integrated Freight & Logistics,Industrials,CHRW
2009Q2,2009,Q2,2009-08-10,2009-06-30,92253000.0,1926020000.0,149884000.0,0.54,351704000.0,0.18260661883054174,1803671000.0,1101309000.0,1316875000.0,690053000.0,702362000.0,0.0,1302555000.0,8759739800.0,8402868800.0,6.556503464863192,1.9083679079722862,0.0,0.0,0.08336123215005295,6.556503464863192,0.08376668128563373,4.548104277214152,23.73836027012672,7.95393463596502,0.4474109243059846,0.0,0.004711897949297535,1.067833324370132,1.85224758098291,0.051147354478726995,455.24060908429476,0.18260661883054174,0.08000000000000007,1.8815917111616418,0.8028638432753241,0.9692231215943634,0.03869132878326536,0.08046098169424827,0.09111292295148797,0.41205077374144444,0.15414974993286581,0.27869241209941775,Integrated Freight & Logistics,Industrials,CHRW
2009Q1,2009,Q1,2009-05-11,2009-03-31,85383000.0,1688000000.0,137368000.0,0.5,338603000.0,0.2005941943127962,1749420000.0,1103203000.0,1279007000.0,634474000.0,646217000.0,0.0,1251477000.0,7714475400.0,7264775400.0,6.522425209885302,2.0158540775508533,0.0,0.0,0.07712045398519288,6.522425209885302,0.07739554732900472,4.5701868483412325,22.58785531077615,6.992797699063545,0.4634763360387899,0.0,0.005129707199532972,0.9648912210904186,1.970911337580421,0.048806461570120384,163.89367750159337,0.2005941943127962,-0.048503054646099886,1.938720771885017,0.7842806959862324,1.037465576513577,-0.016146559739655973,-0.03935599284436494,-0.03522867737948084,0.4872920994066254,0.13983797679604595,0.3280427751532587,Integrated Freight & Logistics,Industrials,CHRW
2008Q4,2008,Q4,2009-02-27,2008-12-31,88881000.0,1955103000.0,142384000.0,0.5254877616175949,344160000.0,0.17603164641453672,1815721000.0,1107221000.0,1347871000.0,697653000.0,708500000.0,0.0,1207428000.0,9307774200.0,8896631200.0,6.546180678727681,1.9320077459711347,0.0,0.0,0.07970130946327554,6.546180678727681,0.0802739471162487,4.760758998375022,26.180438451412563,8.406428526915585,0.42436516240816374,0.0,0.004052311453795259,1.0767639962306985,1.9010467954699544,0.04895080246359435,35.17570972910872,0.17603164641453672,-0.026874515522972438,2.021697463702263,1.0759457682024083,1.1427938619214166,-0.02112700092153316,-0.050010688328345446,-0.041952913153769034,0.5473719440099574,0.2498503817099018,0.4368940314768079,Integrated Freight & Logistics,Industrials,CHRW
2008Q3,2008,Q3,2008-11-07,2008-09-30,93560000.0,2316593000.0,148619000.0,0.54,351588000.0,0.1517694303660591,1922624000.0,1100711000.0,1456645000.0,810082000.0,821913000.0,0.0,1160068000.0,8605309440.0,8293392440.0,6.518328358916051,1.7981451260489678,0.0,0.0,0.08409706329572804,6.518328358916051,0.08499960480089687,3.7146401806445932,22.99409320222317,7.8179553397758355,0.4026720820863617,0.0,0.004377994802241533,1.2049121409074266,1.768798714204241,0.048662661029925766,80.35511331484439,0.1517694303660591,0.03846153846153849,2.235733758969791,1.5189238791082207,1.250567319507278,0.030487769134724167,0.0347497179765091,0.028462485986741035,0.7424537830257113,0.5710694751667137,0.4790037608589835,Integrated Freight & Logistics,Industrials,CHRW
2008Q2,2008,Q2,2008-08-11,2008-06-30,90418000.0,2321706000.0,144506000.0,0.52,341186000.0,0.14695486853201914,1956124000.0,1094497000.0,1529896000.0,849655000.0,861627000.0,0.0,1104182000.0,9308048040.0,8989335040.0,6.448421325509188,1.8006084822663315,0.0,0.0,0.08164587956777446,6.448421325509188,0.08261146444439775,4.009141570896573,25.73615884005397,8.504407083801967,0.41813576942644165,0.0,0.004061753854033611,1.186891015089023,1.7726936227056864,0.04622304107510567,287.92526726057906,0.14695486853201914,0.040000000000000036,2.105677001171877,1.4686805655268866,1.3281946452169664,0.009339435373888039,0.0474987835677379,0.06194287058062715,0.8377413081276,0.6572088536593376,0.552016169433093,Integrated Freight & Logistics,Industrials,CHRW
2008Q1,2008,Q1,2008-05-12,2008-03-31,86318000.0,1985212000.0,136077000.0,0.5,338029000.0,0.17027350227582747,1873786000.0,1078938000.0,1451868000.0,782738000.0,794848000.0,0.0,1051639000.0,9240275200.0,8860429200.0,6.351999905803671,1.854858202872481,0.0,0.0,0.07857419519797527,6.351999905803671,0.08000274343845522,4.654553367600035,26.762306818971712,8.564231865037657,0.4401862879121388,0.0,0.004111998742201964,1.0594657020598937,1.8155359775557083,0.04606609292630001,466.58630579680874,0.17027350227582747,-0.003812137846904647,2.1938901535985456,1.4135557147946338,1.395724701387922,0.0473270664344981,0.0124803528280198,0.024113250999074305,1.0664292223654281,0.6341731893281548,0.6139778601072212,Integrated Freight & Logistics,Industrials,CHRW
2007Q4,2007,Q4,2008-02-29,2007-12-31,85254000.0,1952022000.0,132873000.0,0.50191336292668,322754000.0,0.16534342338354793,1811307000.0,1042249000.0,1389156000.0,757619000.0,769058000.0,0.0,1002964000.0,9192714960.0,8853829960.0,6.1360018368284095,1.833581259181726,0.0,0.0,0.07979414492666474,6.1360018368284095,0.08179811158370025,4.709329587473912,26.956843549862757,8.820075586544098,0.365578154690689,0.0,0.00339040208856862,1.0776869961856272,1.8036862855868188,0.04706766992011845,78.59238041498884,0.16534342338354793,0.04565283943058334,2.4800096787250494,1.3089381299837688,1.4303656712933022,0.030517631131942936,0.018043299141420777,0.007926995782383105,1.2114650354177847,0.635003787596014,0.6789069414374072,Integrated Freight & Logistics,Industrials,CHRW
2007Q3,2007,Q3,2007-11-08,2007-09-30,83743000.0,1865150000.0,131828000.0,0.48,313196000.0,0.1679200064337989,1785048000.0,1026460000.0,1368972000.0,748672000.0,758588000.0,0.0,955711000.0,9370178220.0,9088421220.0,6.028283824893994,1.8285337237134554,0.0,0.0,0.07949364320612459,6.028283824893994,0.08158427995245796,5.023820186044018,27.973019297135284,9.128634549811975,0.37366705276858964,0.0,0.0033395309315685565,1.0448738633358878,1.8016127222602154,0.046913584396610065,123.94743538188841,0.1679200064337989,0.02127659574468087,2.1949379869795727,1.1171093575898206,1.4863962546110272,0.007391491743272713,0.017545778199006063,0.015670986332187928,1.228454059026974,0.6495161301232993,0.7271167923479437,Integrated Freight & Logistics,Industrials,CHRW
2007Q2,2007,Q2,2007-08-09,2007-06-30,82299000.0,1879726000.0,129794000.0,0.47,310898000.0,0.16539538209292207,1728942000.0,1008751000.0,1326371000.0,710517000.0,720191000.0,0.0,903137000.0,8977873840.0,8689181840.0,5.901130207906776,1.8667688457841263,0.0,0.0,0.0794845514344076,5.901130207906776,0.08158504923415194,4.77616090855795,27.272123112066975,8.899990027271349,0.3812440005346359,0.0,0.003494814090637745,1.0872117167608861,1.8309751913043602,0.047600787070937026,332.3784324904668,0.16539538209292207,0.11904761904761903,2.221812694885527,1.2010043945180728,1.5517149795027751,0.04704139022665275,0.1279243472897965,0.12679162072767364,1.5260074022648198,0.728959408866561,0.7723840323161413,Integrated Freight & Logistics,Industrials,CHRW
2007Q1,2007,Q1,2007-05-10,2007-03-31,72965000.0,1619325000.0,115189000.0,0.42,296930000.0,0.18336652617603014,1684201000.0,986703000.0,1291583000.0,688380000.0,697498000.0,0.0,852130000.0,8225343149.999999,7889353149.999999,5.7640244650461785,1.876264563177315,0.0,0.0,0.07170964031588664,5.7640244650461785,0.07394829041768394,5.079488768468343,28.182495545809633,8.33618946126646,0.42963064482971286,0.0,0.0038111479883972993,0.9614796571193106,1.8362721171446004,0.04332321379692804,182.2144646773443,0.18336652617603014,0.0009726147548971159,2.4589595404360223,1.1619935545284001,1.6170908535908308,0.0660917270449013,0.015843624263856212,0.04361494903737259,1.4813452337410598,0.6912602765637327,0.8005574693159563,Integrated Freight & Logistics,Industrials,CHRW
