Quarters,Year,Quarter,FillingDate,Date,NetIncome,Revenue,OperatingIncome,EPSDiluted,GrossProfit,GrossProfitRatio,TotalAssets,CommonStockEquity,CurrentAssets,CurrentLiability,TotalLiability,Inventory,RetainedEarnings,MarketCap,EnterpriseValue,bookValuePerShare,currentRatio,debtToAssets,debtToEquity,roic,shareholdersEquityPerShare,roe,priceToSalesRatio,peRatio,pbRatio,payoutRatio,inventoryTurnover,dividendYield,assetTurnover,quickRatio,returnOnAssets,priceToFreeCashFlowsRatio,grossProfitMargin,epsdilutedGrowth,fiveYNetIncomeGrowthPerShare,fiveYRevenueGrowthPerShare,fiveYShareholdersEquityGrowthPerShare,grossProfitGrowth,netIncomeGrowth,operatingIncomeGrowth,threeYNetIncomeGrowthPerShare,threeYRevenueGrowthPerShare,threeYShareholdersEquityGrowthPerShare,Industry,Sector,Symbol
2023Q4,2023,Q4,2023-06-27,2023-03-31,-15796000.0,7541000.0,-14646000.0,-2.18,7541000.0,1.0,110348000.0,79809000.0,454000.0,28936000.0,30539000.0,0.0,0.0,44541099.7712,73199099.7712,11.01440930781002,0.015689798175283383,0.26381991517743864,0.3647708905010713,-0.13425600388150535,11.01440930781002,-0.19792254006440377,5.90652430330195,-0.7049427033932641,0.5580962018218496,,0.0,,0.06833834777250154,0.015689798175283383,-0.14314713451988256,0.0,1.0,-0.17837837837837842,-28.292377812537637,-0.5129422395982962,-0.18232711225992362,-0.24808056635756306,-0.18118597173409107,-61.77178423236514,-8.513966764593931,-0.36902430420142845,-0.18975120349434574,Credit Services,Financial Services,NICK
2023Q3,2023,Q3,2023-02-14,2022-12-31,-13373000.0,10029000.0,241000.0,-1.85,10029000.0,1.0,145204000.0,95580000.0,1859000.0,2264000.0,49624000.0,0.0,137177000.0,45479700.0,91925700.0,13.24006095027012,0.821113074204947,0.3261618137241398,0.49550115086838253,0.002132816546087479,13.24006095027012,-0.13991420799330404,4.534819024827999,-0.8502149854183804,0.4758286252354049,0.0,0.0,0.0,0.06906834522464946,2.103356890459364,-0.09209801382882014,1229.1810810810812,1.0,-3.204545454545455,-4.006682538822146,-0.39350031953947584,-0.037095953751301335,-0.1730023913581265,-3.215952080706179,1.0763866877971473,-47.311816041002906,-0.17464481337734736,-0.02878072035294943,Credit Services,Financial Services,NICK
2023Q2,2023,Q2,2022-11-14,2022-09-30,-3172000.0,12127000.0,-3155000.0,-0.44,12127000.0,1.0,174286000.0,109038000.0,4818000.0,59349000.0,65248000.0,0.0,150550000.0,41383370.0,102670370.0,14.992162793895229,0.08118081180811808,0.3602699011968833,0.5758542893303252,-0.013825389701561061,14.992162793895229,-0.029090775692877713,3.412498556939062,-3.261614911727617,0.379531631174453,0.0,0.0,0.0,0.06958103347371562,0.08118081180811808,-0.018199970163983337,97.60228773584906,1.0,-0.8333333333333334,-10.81427484260038,-0.316601726736354,0.050408038987581776,1.1858327325162221,-0.7850309510410804,-0.7184095860566448,-15.537787623822314,0.12105360115470419,0.26548413659327863,Credit Services,Financial Services,NICK
2023Q1,2023,Q1,2022-08-10,2022-06-30,-1777000.0,10709000.0,-1836000.0,-0.24,5548000.0,0.518068914,190348000.0,112322000.0,11288000.0,69831000.0,78026000.0,0.0,153722000.0,69564480.0,140072480.0,15.04849946409432,0.16164740587991006,0.38907159518355855,0.6593454532504763,-0.0071200368022597575,15.04849946409432,-0.015820587240255694,6.495889438789803,-9.786786719189646,0.6193308523708624,0.0,0.0,0.0,0.05626011305608675,0.19727628130772865,-0.009335532813583541,-49.90278335724534,0.5180689139975722,-5.799999999999999,-3.380760986066452,-0.4089112283401393,0.11443966299347628,-0.5324062368310156,-5.828804347826087,-2.967845659163987,-4.401087065404069,-0.14410948276070978,0.20417333939839805,Credit Services,Financial Services,NICK
2022Q4,2022,Q4,2022-06-24,2022-03-31,368000.0,11865000.0,933000.0,0.05,11865000.0,1.0,183570000.0,116386000.0,8079000.0,54813000.0,67184000.0,0.0,155499000.0,75440000.0,133132000.0,15.813315217391304,0.14739204203382408,0.34028980770278366,0.536722629869572,0.0038234779569052482,15.813315217391304,0.0031618923238190162,6.358196375895491,51.25,0.6481879263828982,0.0,0.0,0.0,0.06463474423925478,0.14739204203382408,0.0020046848613607888,56.467065868263475,1.0,1.5555555555555558,1.3571428504672898,-0.3966509173141778,0.11022328589422792,0.23247117482081645,1.5242165242165242,-0.4518213866039953,1.083333329820864,-0.09716284560575829,0.19232457046382062,Credit Services,Financial Services,NICK
2022Q3,2022,Q3,2022-02-09,2021-12-31,-702000.0,9627000.0,1702000.0,-0.09,9627000.0,1.0,182586000.0,116415000.0,173009000.0,54795000.0,66171000.0,0.0,155131000.0,91962000.0,148152000.0,14.925,3.1573866228670497,0.3435093599728347,0.5387621870033931,0.007135016465422612,14.925,-0.006030150753768844,9.552508569647866,-32.75,0.7899497487437185,0.0,0.0,0.0,0.05272583878282015,0.178154941144265,-0.00384476356347146,999.5869565217391,1.0,-1.4285714285714286,-1.4253424657534246,-0.5284737736718408,0.03175719984698626,0.0,-1.4379288833437305,0.0,0.24999996685082876,-0.35525680801466314,0.02708598310992696,Credit Services,Financial Services,NICK
2022Q2,2022,Q2,2021-11-12,2021-09-30,1603000.0,11451000.0,0.0,0.21,0.0,0.0,198468000.0,117089000.0,0.0,69599000.0,81379000.0,0.0,155833000.0,93872187.55,155921187.55,15.329607709775802,0.0,0.39129733760606245,0.6632561555739651,0.0,15.329607709775802,0.013690440605009865,8.197728368701423,14.640079156269493,0.8017165365662017,0.0,0.0,0.0,0.057696958703670115,0.262302619290507,0.008076868815123848,739.1510830708661,0.0,-0.0454545454545455,-0.1826824308183283,-0.43961850261400365,0.08870781431692329,0.0,-0.0728744939271255,0.0,1.998129872296899,-0.26755537006961333,0.15381248883691537,Credit Services,Financial Services,NICK
2022Q1,2022,Q1,2021-08-12,2021-06-30,1729000.0,11406000.0,0.0,0.22,0.0,0.0,200608000.0,116332000.0,0.0,72871000.0,84276000.0,0.0,154230000.0,88021819.19999999,149145819.2,14.802220765734868,0.0,0.3964198835539959,0.6836038235395248,0.0,14.802220765734868,0.014862634528762507,7.717150552340872,12.727272874493927,0.7566432211257434,0.0,0.0,0.0,0.05685715425107673,0.2919954440037875,0.008618798851491466,141.97067612903223,0.0,-0.0833333333333333,-0.41858767465514524,-0.46087868969105633,0.07272196133452266,0.0,-0.0749063670411985,0.0,0.22222222529871086,-0.2940843318809239,0.06168924404823596,Credit Services,Financial Services,NICK
2021Q4,2021,Q4,2021-06-22,2021-03-31,1869000.0,11966000.0,0.0,0.24,0.0,0.0,185.524,115222000.0,181.273,172.308,97216000.0,0.0,152501000.0,82313875.0,153056875.0,14.795762439807383,1.0520289249483483,500016.1704146094,0.8050979847598548,0.0,14.795762439807383,0.016220860599538284,6.878980026742437,11.010416666666668,0.7143937355713319,0.0,0.0,0.0,64498.393738815466,144856.8841841354,10074.168301675254,13.441194480731548,0.0,-0.5102040816326531,-0.3143604678682727,-0.4256443709504466,0.1200456471942605,-1.0,-0.5062087186261559,-1.0,2.004665629860031,-0.280893650682708,0.09838789011545357,Credit Services,Financial Services,NICK
2021Q3,2021,Q3,2021-02-11,2020-12-31,3785000.0,13032000.0,4975000.0,0.49,13032000.0,1.0,21216000.0,113460000.0,20535000.0,189741000.0,101233000.0,0.0,150632000.0,64731226.2,138987226.2,14.688348356978908,0.10822647714516104,4.4679015837104075,0.8354574299312533,0.0179230987782934,14.688348356978908,0.033359774369821966,4.967098388581952,4.275510317040951,0.5705202379693284,0.0,0.0,0.0,0.6142533936651584,0.12370020185410639,0.1784030920060332,117.47953938294012,1.0,2.0624999999999996,0.36978566560130827,-0.37862467154567686,0.11981347755097779,0.03923444976076555,1.9873717442778216,3659.7799852832964,2.3243242162189786,-0.2634686400558488,0.06823300276097781,Credit Services,Financial Services,NICK
2021Q2,2021,Q2,2020-11-12,2020-09-30,1267000.0,12540000.0,1359.0,0.16,12540000.0,1.0,20242000.0,110144000.0,19568000.0,7133000.0,115602000.0,0.0,146847000.0,57569312.5,147884312.5,13.909265982636148,2.743305761951493,5.428465566643612,0.9976303747821035,5.691389247002699e-06,13.909265982636148,0.011503123184195236,4.590854266347687,11.359374999999998,0.522673159681871,0.0,0.0,0.0,0.6195040015808715,3.3412308986401236,0.06259262918683925,13.366452867425123,1.0,-0.11111111111111106,-0.6254937673910688,-0.40642552283538164,0.09172460314882157,0.0,-0.11398601398601399,0.0,2.6004651162790697,-0.35095472683904266,-0.025463836977088063,Credit Services,Financial Services,NICK
2021Q1,2021,Q1,2020-08-07,2020-06-30,1430000.0,12502000.0,0.0,0.18,0.0,0.0,45790000.0,109030000.0,25932000.0,9556000.0,126088000.0,0.0,145580000.0,58788885.6,152632885.6,13.72405671183534,2.713687735454165,2.615767634854772,1.0985600293497202,0.0,13.72405671183534,0.013115656241401449,4.702358470644697,10.277777202797203,0.5391991708704027,0.0,0.0,0.0,0.2730290456431535,3.5048137295939723,0.031229526097401178,19.427919894249836,0.0,-0.3793103448275862,-0.6265101095768102,-0.3951535122791213,0.11556312502457261,0.0,-0.37717770034843207,0.0,0.8000001006993063,-0.35167703096213077,0.016356027611529437,Credit Services,Financial Services,NICK
2020Q4,2020,Q4,2020-06-22,2020-03-31,2296000.0,13053000.0,0.0,0.29,0.0,0.0,39037000.0,107579000.0,16802000.0,4409000.0,131239000.0,0.0,144150000.0,46216551.12,156321551.12,13.593860744146328,3.8108414606486734,3.1830058662294745,1.1550116658455647,0.0,13.593860744146328,0.021342455311910317,3.5406842197196045,5.032289973867596,0.429605695535374,0.0,0.0,0.0,0.33437508005225813,5.639374007711499,0.05881599508158926,8.6434544828876,0.0,6.249999999999999,-0.13469892021411742,-0.05819557226455286,0.7353779446755953,0.0,6.382636655948553,0.0,3.0723311430382303,-0.3826884819586152,-0.0456004616440936,Credit Services,Financial Services,NICK
2020Q3,2020,Q3,2020-02-14,2019-12-31,311000.0,13087000.0,0.0,0.04,0.0,0.0,37755000.0,105992000.0,15801000.0,5322000.0,122090000.0,0.0,141854000.0,64066000.0,165033000.0,13.632411575562701,2.968996617812852,3.09278241292544,1.1016680504188996,0.0,13.632411575562701,0.0029341837119782623,4.895392374111714,51.5,0.604441844667522,0.0,0.0,0.0,0.34662958548536615,3.8628335212326195,0.008237319560323137,21.993134225883967,0.0,0.3333333333333334,-0.8705736166275286,0.016453815573396764,0.06892882968314773,0.0,0.16044776119402984,0.0,-0.810958904109589,-0.3569434164848979,-0.05759874074611634,Credit Services,Financial Services,NICK
2020Q2,2020,Q2,2019-11-14,2019-09-30,268000.0,13287000.0,0.0,0.03,0.0,0.0,28494000.0,105833000.0,4678000.0,5403000.0,122113000.0,0.0,141543000.0,80489330.33,192521330.32999998,11.846978053991718,0.8658152878030724,4.095950024566576,1.1027751268507933,0.0,11.846978053991718,0.002532291440288001,6.057750457590125,75.08333053171641,0.7605315008551208,0.0,0.0,0.0,0.46630869656769847,1.7384786229872293,0.009405488874850846,107.89454467828418,0.0,-0.5714285714285715,-0.915529960695521,-0.11503540243546234,-0.047473720566203324,0.0,-0.5465313028764806,0.0,-0.8831675083309339,-0.44404602430426066,-0.15862833363982318,Credit Services,Financial Services,NICK
2020Q1,2020,Q1,2019-08-14,2019-06-30,591000.0,14153000.0,0.0,0.07,0.0,0.0,49997000.0,105510000.0,7539000.0,7810000.0,153913000.0,0.0,141275000.0,79162760.0891,217726760.0891,12.496954526175204,0.9653008962868118,2.9222353341200473,1.3847313050895649,0.0,12.496954526175204,0.005601364799545067,5.593355478633505,33.48678514767344,0.7502867983044261,0.0,0.0,0.0,0.28307698461907715,1.5833546734955186,0.011820709242554553,58.68255010311342,0.0,1.1166666666666667,-0.8263541721311086,0.03775403504671932,0.03479448640934696,0.0,1.1245521601685986,0.0,-0.8150051639383495,-0.3772918894697348,-0.09434146523070956,Credit Services,Financial Services,NICK
2019Q4,2019,Q4,2019-06-28,2019-03-31,-4745000.0,14121000.0,0.0,-0.6,0.0,0.0,50378000.0,104885000.0,35595000.0,2535000.0,147535000.0,0.0,140684000.0,70866572.013,177890572.013,13.262592761331623,14.041420118343195,2.8309778077732344,1.35976545740573,0.0,13.262592761331623,-0.04524002478905468,5.018523618228171,-3.7337498426238147,0.6756597417457215,0.0,0.0,0.0,0.2803009250069475,15.83353057199211,-0.0941879391798007,47.68948318506056,0.0,-4.0,-3.5441164840341677,0.1358795210323962,0.13295552562636387,0.0,-4.2430939226519335,0.0,-2.714098902577955,-0.33256273967896377,0.003984036190903903,Credit Services,Financial Services,NICK
2019Q3,2019,Q3,2019-02-14,2018-12-31,-905000.0,14437000.0,0.0,-0.12,0.0,0.0,15336000.0,109591000.0,4252000.0,4955000.0,124955000.0,0.0,145429000.0,78433336.8,194181336.8,14.531402672645186,0.8581231079717457,7.82472613458529,1.0949804272248633,0.0,14.531402672645186,-0.008257977388654178,5.432800221652697,-21.666667624309394,0.71569140531613,0.0,0.0,0.0,0.9413797600417319,1.7735620585267406,-0.05901147626499739,21.976278173157745,0.0,-2.714285714285714,-1.3797146667306386,0.19372535386890835,0.2675924794330333,0.0,-2.5549828178694156,0.0,-1.3354577080607695,-0.2949460438530025,0.10784821853825433,Credit Services,Financial Services,NICK
2019Q2,2019,Q2,2018-11-14,2018-09-30,582000.0,17018000.0,0.0,0.07,0.0,0.0,14149000.0,110464000.0,2787000.0,5700000.0,139926000.0,0.0,146332000.0,99771432.0,231184432.0,13.286047653400423,0.48894736842105263,9.48476924164252,1.214875434530707,0.0,13.286047653400423,0.005268684820393974,5.862700199788459,42.857144329896904,0.9032031431054461,0.0,0.0,0.0,1.2027705138172309,0.7875438596491228,0.041133649021132236,25.445404743687835,0.0,-0.611111111111111,-0.803908311329803,0.2853055240325373,0.1922687455469332,0.0,-0.5901408450704225,0.0,-0.8361535288640555,-0.23278360634681575,0.04280880960448145,Credit Services,Financial Services,NICK
2019Q1,2019,Q1,2018-08-14,2018-06-30,1420000.0,16219000.0,0.0,0.18,0.0,0.0,16320000.0,109988000.0,4981000.0,11900000.0,162922000.0,0.0,145752000.0,72577778.8,218596778.8,13.942140648702244,0.4185714285714286,9.252450980392156,1.37287704113176,0.0,13.942140648702244,0.01291049932719933,4.474861508107774,12.777777957746478,0.6598699749063534,0.0,0.0,0.0,0.9938112745098039,0.5241176470588236,0.08700980392156862,13.957265153846153,0.0,1.2499999999999998,-0.6190329556737151,0.24621585288155046,0.27939499682343566,0.0,1.208398133748056,0.0,-0.6265101357317701,-0.20979930922426743,0.13329012828878237,Credit Services,Financial Services,NICK
2018Q4,2018,Q4,2018-06-27,2018-03-31,643000.0,17201000.0,0.0,0.08,0.0,0.0,14286000.0,108437000.0,2626000.0,6600000.0,175725000.0,0.0,144332000.0,73013500.0,236137500.0,13.470434782608695,0.3978787878787879,11.602267954640908,1.5285373073766335,0.0,13.470434782608695,0.005929710338722023,4.2447241439451195,28.387830482115085,0.6733264476147441,0.0,0.0,0.0,1.2040459190816184,0.6259090909090909,0.04500909981800364,14.196675092358545,0.0,1.2162162162162162,-0.8015750969518468,-0.07938158866365008,0.27569318599252635,0.0,1.2218771566597653,0.0,-0.7617707185670158,0.22009287688267884,0.7196215164258046,Credit Services,Financial Services,NICK
2018Q3,2018,Q3,2018-02-09,2017-12-31,-2898000.0,17941000.0,0.0,-0.37,0.0,0.0,14832000.0,107697000.0,3082000.0,10500000.0,188493000.0,0.0,143689000.0,68925401.60000001,243843401.60000002,13.750135334721067,0.2935238095238095,12.001078748651564,1.652785128647966,0.0,13.750135334721067,-0.026908827543942727,3.8417814837522997,-5.945945617667357,0.6399937008458918,0.0,0.0,0.0,1.2096143473570657,0.3525714285714286,-0.1953883495145631,11.615335625210651,0.0,-10.25,-1.9711120701229925,0.6482782614929696,0.32930924776644993,0.0,-9.424418604651162,0.0,-2.1971941122930345,0.383241336597032,0.07815964841287486,Credit Services,Financial Services,NICK
2018Q2,2018,Q2,2017-11-09,2017-09-30,344000.0,18887000.0,0.0,0.04,0.0,0.0,18255000.0,110485000.0,3672000.0,10400000.0,198426000.0,0.0,146587000.0,67114470.0,251442470.0,14.272703785040692,0.35307692307692307,10.298548342919748,1.7015884509209396,0.0,14.272703785040692,0.0031135448250893785,3.5534743474347437,48.775050872093026,0.6074532289451057,0.0,0.0,0.0,1.0346206518761982,0.41346153846153844,0.018844152287044644,11.031306706114398,0.0,-0.6,-0.8970031397415693,0.8190741954957078,0.17988910324361237,0.0,-0.5768757687576875,0.0,-0.8748753716724864,0.45170508590297875,0.14756061603783754,Credit Services,Financial Services,NICK
2018Q1,2018,Q1,2017-08-09,2017-06-30,813000.0,19734000.0,0.0,0.1,0.0,0.0,21199000.0,109781000.0,7717000.0,11000000.0,214957000.0,0.0,146243000.0,74796000.0,271079000.0,13.50319803198032,0.7015454545454546,9.623095429029672,1.858245051511646,0.0,13.50319803198032,0.007405653072936118,3.7902097902097904,22.999999999999996,0.6813200827101228,0.0,0.0,0.0,0.9308929666493703,0.7015454545454546,0.03835086560686825,11.705164319248826,0.0,1.7142857142857142,-0.7777994891621423,0.8252243709633765,0.14778734322819567,0.0,1.7598130841121495,0.0,-0.7519345358132548,0.5026572664019575,0.11811520503814643,Credit Services,Financial Services,NICK
2017Q4,2017,Q4,2017-06-14,2017-03-31,-1070000.0,20421000.0,0.0,-0.14,0.0,0.0,16390000.0,108860000.0,2855000.0,11800000.0,224752000.0,0.0,145430000.0,81243569.91000001,291388569.91,14.243364752212425,0.24194915254237287,12.995729103111653,1.956641557964358,0.0,14.243364752212425,-0.009829138342825647,3.9784324915528138,-18.98214250233645,0.7463124187947824,0.0,0.0,0.0,1.2459426479560707,0.3028813559322034,-0.0652837095790116,23.77628618964004,0.0,-1.6666666666666665,-1.2765409733006048,1.595926180761303,0.25104430176885933,0.0,-1.6662515566625156,0.0,-1.5936271656826406,0.6997029811307292,0.21673786490527935,Credit Services,Financial Services,NICK
2017Q3,2017,Q3,2017-02-09,2016-12-31,1606000.0,19867000.0,0.0,0.21,0.0,0.0,16084000.0,109794000.0,3664000.0,13700000.0,228047000.0,0.0,146500000.0,90245100.0,300921100.0,14.465612648221343,0.2674452554744526,13.326286993285253,1.9522013953403647,0.0,14.465612648221343,0.01462739311802102,4.542462374792369,14.048116438356166,0.8219492868462758,0.0,0.0,0.0,1.2352026858990302,0.2674452554744526,0.0998507833872171,8.520118957703927,0.0,-0.16000000000000003,-0.5350953017310062,0.79939208663054,0.30602082506723605,0.0,-0.1847715736040609,0.0,-0.33045478510885673,0.6322449357708252,0.26185353309316173,Credit Services,Financial Services,NICK
2017Q2,2017,Q2,2016-11-09,2016-09-30,1970000.0,20525000.0,0.0,0.25,0.0,0.0,16054000.0,108026000.0,3799000.0,11800000.0,220755000.0,0.0,144894000.0,78484560.0,283685560.0,14.080552659019812,0.3219491525423729,13.01856235206179,1.9347194193990336,0.0,14.080552659019812,0.018236350508210986,3.823851887941535,9.959969543147208,0.7265339825597542,0.0,0.0,0.0,1.2784975706988913,0.38101694915254236,0.12271085087828579,20.406801872074883,0.0,-0.32432432432432434,-0.45236545090171465,0.8299910230214698,0.31422834580929176,0.0,-0.32139166379607303,0.0,-0.2806855356114563,0.6799539836502442,0.26356635873426404,Credit Services,Financial Services,NICK
2017Q1,2017,Q1,2016-08-09,2016-06-30,2903000.0,20653000.0,0.0,0.37,0.0,0.0,16262000.0,105864000.0,4520000.0,14100000.0,223053000.0,0.0,142924000.0,78868160.0,283348160.0,13.798748696558915,0.32056737588652484,12.852047718607798,1.974231088944306,0.0,13.798748696558915,0.027421975364618757,3.8187265772526993,6.791953151911814,0.744995088037482,0.0,0.0,0.0,1.2700159881933342,0.32056737588652484,0.17851432788094945,9.071561996779389,0.0,0.0571428571428572,-0.16862498321258185,0.8855284637776583,0.3250977336524325,0.0,0.0652050033445896,0.0,-0.19914599607814276,0.6317724407950747,0.2662366913107168,Credit Services,Financial Services,NICK
2016Q4,2016,Q4,2016-06-14,2016-03-31,2725297.0,20829004.0,0.0,0.35,0.0,0.0,13472000.0,102849000.0,1849000.0,11500000.0,222460000.0,0.0,140021000.0,84007854.05999999,293158854.06,13.209963787521607,0.16078260869565217,15.662114014251781,2.0515513033670723,0.0,13.209963787521607,0.026498040817120243,4.033215129249578,7.706302658022226,0.8168076895254207,0.0,0.0,0.0,1.5460959026128267,0.21234782608695651,0.20229342339667458,12.647173983702627,0.0,0.0,-0.14540254376284914,0.9367096343941255,0.3358619505179225,0.0,-0.0005882135068343148,0.0,-0.13044616251422483,0.1526352514136336,0.2510257510549184,Credit Services,Financial Services,NICK
2016Q3,2016,Q3,2016-02-09,2015-12-31,2726901.0,20697275.0,0.0,0.35,0.0,0.0,14172311.0,99989223.0,3005807.0,11500000.0,224497181.0,0.0,137295369.0,88807950.0,298802143.0,13.116781188508462,0.26137452173913045,15.02930608847068,2.1302295748412807,0.0,13.116781188508462,0.027271949097954287,4.29080398264989,8.141838482585177,0.8881752186433132,0.0,0.0,0.0,1.4604022590246573,0.2977742608695652,0.19241046855378774,16.67164768903402,0.0,-0.16666666666666669,-0.07236530013142889,0.9697114420354128,0.3812106905037927,0.0,-0.16258739487050036,0.0,-0.061117908135018904,0.9537444985523577,0.2680790487046514,Credit Services,Financial Services,NICK
2016Q2,2016,Q2,2015-11-09,2015-09-30,3256341.0,20334553.0,0.0,0.42,0.0,0.0,13216796.0,97109129.0,1672692.0,13000000.0,224216964.0,0.0,134568468.0,98933560.0,308422183.0,12.740636184728418,0.12866861538461538,15.976740126729656,2.1744743998270235,0.0,12.740636184728418,0.03353279999041079,4.865293080206877,7.595454530099889,1.0187874303763964,0.0,0.0,0.0,1.538538765370972,0.17959323076923078,0.24637900138581242,36.229777806260245,0.0,-0.10638297872340424,0.24526480448010946,0.9684544008816632,0.40102689218573717,0.0,-0.1128250647534465,0.0,-0.009798582353670681,0.9890705438605354,0.05323686591940809,Credit Services,Financial Services,NICK
2016Q1,2016,Q1,2015-08-10,2015-06-30,3670461.0,19815168.0,0.0,0.47,0.0,0.0,11814779.0,93694757.0,1230966.0,15600000.0,218616677.0,0.0,131312127.0,96875520.0,298644554.0,12.302357799369748,0.07890807692307693,17.181870266045603,2.1666100270690705,0.0,12.302357799369748,0.03917466801264024,4.88895779233363,6.598321028339493,1.0339481429040902,0.0,0.0,0.0,1.677150964905903,0.07890807692307693,0.3106669197959606,11.455111163349422,0.0,0.4242424242424241,0.5573770159502917,1.0106903012545243,0.4024819582588807,0.0,-0.04600089357956068,0.0,0.07087488079101167,0.9564218481323687,0.04571454410569919,Credit Services,Financial Services,NICK
2015Q4,2015,Q4,2015-06-15,2015-03-31,3847447.0,20096370.0,0.0,0.33,0.0,0.0,13624531.0,89887942.0,3388193.0,13600000.0,212640649.0,0.0,127641666.0,160764750.0,356376557.0,7.833371851851852,0.2491318382352941,14.606007355409151,2.2138675730277595,0.0,7.833371851851852,0.04280270428262781,7.9996909889696495,10.44619652980275,1.7885018437734397,0.0,0.0,0.0,1.475013708728763,0.25743948529411764,0.2823911516660647,19.601259779003424,0.0,0.10000000000000009,0.18862251621146375,0.4196138491374665,-0.07103041427190915,0.0,0.020663176246751607,0.0,-0.3377051240491275,0.7015158181219286,-0.31196768534811153,Credit Services,Financial Services,NICK
2015Q3,2015,Q3,2015-02-09,2014-12-31,3769556.0,20197847.0,0.0,0.3,0.0,0.0,13654951.0,155552474.0,2635791.0,10900000.0,140947730.0,0.0,123794219.0,181735300.0,309099509.0,12.753338853816512,0.24181568807339449,9.520356389415092,0.8357308415422566,0.0,12.753338853816512,0.02423334006246664,8.997756047958973,12.052831951561403,1.1683215015918038,0.0,0.0,0.0,1.4791592441452188,0.30111311926605505,0.27605781961429227,30.006307200280027,0.0,-0.14285714285714282,0.22278138189194385,0.326847832168807,0.5618573456696497,0.0,-0.12937267492605148,0.0,-0.32095689182284204,0.1383802292876455,0.15142901564362543,Credit Services,Financial Services,NICK
2015Q2,2015,Q2,2014-11-10,2014-09-30,4329701.0,20489287.0,0.0,0.35,0.0,0.0,16592910.0,151624698.0,4981883.0,12200000.0,144150430.0,0.0,120024663.0,141293690.0,268311807.0,12.437429087031417,0.4083510655737705,7.955204964047898,0.8705705715568844,0.0,12.437429087031417,0.028555380865457683,6.895978859586475,8.158397658406434,0.9318646095506156,0.0,0.0,0.0,1.23482180039547,0.4838366393442623,0.2609368097579026,33.857843425042745,0.0,-0.1250000000000001,0.8313034856148401,0.4886749162245827,0.727137982127944,0.0,-0.1180413135532801,0.0,-0.24255381645329133,0.14964009581423313,0.16086507760040825,Credit Services,Financial Services,NICK
2015Q1,2015,Q1,2014-08-11,2014-06-30,4909188.0,19671642.0,0.0,0.4,0.0,0.0,13111310.0,147070664.0,2290969.0,12800000.0,144213905.0,0.0,115694962.0,174876080.0,303985111.0,12.076750205288224,0.178981953125,10.021881871452967,0.8934480638504495,0.0,12.076750205288224,0.03337979081946621,8.889755110427487,8.905550164304158,1.189061606466943,0.0,0.0,0.0,1.500356714927799,0.178981953125,0.37442391339995773,25.40133203108886,0.0,0.7391304347826088,1.0299701434336888,0.3447959517915661,0.5721015490813243,0.0,0.7167760257859745,0.0,-0.1142886251637171,0.13141826230255035,0.15973373229883644,Credit Services,Financial Services,NICK
2014Q4,2014,Q4,2014-06-16,2014-03-31,2859539.0,19060311.0,0.0,0.23,0.0,0.0,14085984.0,141937555.0,2635036.0,13600000.0,141492024.0,0.0,110785774.0,190726250.0,315991214.0,11.706190103092784,0.19375264705882353,9.07994784034967,0.9011004874643642,0.0,11.706190103092784,0.020146458067422678,10.006460545161094,16.674562752947242,1.3437335171794385,0.0,0.0,0.0,1.353140185307608,0.2741704411764706,0.20300598098081044,35.77153667775238,0.0,-0.2580645161290322,0.2604092616641074,0.35522028378663784,0.5697090358092765,0.0,-0.2527534985136282,0.0,-0.4242148222870683,0.1380011246637344,0.18379234006855885,Credit Services,Financial Services,NICK
2014Q3,2014,Q3,2014-02-10,2013-12-31,3826768.0,19418401.0,0.0,0.31,0.0,0.0,14831828.0,138814925.0,4089466.0,13725411.0,137271227.0,0.0,107926235.0,190595660.0,313506194.0,11.463781071929969,0.2979485277344336,8.562666719166376,0.9148872140369633,0.0,11.463781071929969,0.027567410348707102,9.815208780578793,12.45147733021704,1.3730199400388685,0.0,0.0,0.0,1.3092385510403708,0.3181171769646825,0.2580105432722116,38.486897396764526,0.0,-0.11428571428571424,16.381471632669914,0.5631596650433016,0.7902205322237159,0.0,-0.11346648899399335,0.0,-0.18048409081786487,0.1633771873690003,0.20714806038059771,Credit Services,Financial Services,NICK
2014Q2,2014,Q2,2013-11-12,2013-09-30,4316552.0,19256410.0,0.0,0.35,0.0,0.0,16107471.0,134747211.0,4473682.0,10900000.0,141854341.0,0.0,104099467.0,196978680.0,323504998.0,11.143500744293748,0.4104295412844037,8.132872007033258,0.9721908084613343,0.0,11.143500744293748,0.032034444111796866,10.229252493065946,11.40833470788722,1.4618386424339425,0.3221909524083111,0.0,0.00706042907790833,1.195495556068361,0.4881512844036697,0.2679844650969727,65.5494587591043,0.0,-0.2391304347826088,4.0803921539796715,0.3288274681340205,0.5196658349543611,0.0,-0.24277566870093517,0.0,0.04049409349019396,0.17499727362638945,0.22539753819837333,Credit Services,Financial Services,NICK
2014Q1,2014,Q1,2013-08-09,2013-06-30,5700493.0,19904088.0,0.0,0.46,0.0,0.0,14834434.0,131477712.0,3658951.0,12600000.0,138614714.0,0.0,101173669.0,182784750.0,305147309.0,10.897448155822627,0.2903929365079365,8.495201771769654,0.9585009358848593,0.0,10.897448155822627,0.04335710527119608,9.183276822329162,8.016181670602876,1.3902337302614456,0.2561834564133313,0.0,0.00798957243424301,1.34174906841744,0.2903929365079365,0.3842743848535104,24.08946291962555,0.0,0.15,2.4648665837822907,0.43646616360167345,0.5244449447892547,0.0,0.17772673359294797,0.0,0.5268106230300597,0.2749387365869168,0.2423207550007789,Credit Services,Financial Services,NICK
2013Q4,2013,Q4,2013-06-14,2013-03-31,4840251.0,27907898.0,0.0,0.4,0.0,0.0,14009667.0,126965096.0,2797716.0,11400000.0,136870372.0,0.0,96933548.0,177233760.0,299936044.0,10.55930605455755,0.2454136842105263,8.958100146134807,0.9884606396075973,0.0,10.55930605455755,0.03812269003443277,6.350666753906009,9.154161633353311,1.3959250658937006,0.3019421926672811,0.0,0.008246036195361425,1.9920457781045044,0.2544486842105263,0.3454936509197542,20.00347623990028,0.0,0.08108108108108115,1.2373730292435934,1.0843593808350218,0.5350634421637175,0.0,0.060244851288656406,0.0,0.42706224663446063,0.8814100651565316,0.2522416089259804,Credit Services,Financial Services,NICK
2013Q3,2013,Q3,2013-02-08,2012-12-31,4565220.0,16651325.0,0.0,0.37,0.0,0.0,17122409.0,123939649.0,4666656.0,9000000.0,139525434.0,0.0,94230663.0,148576800.0,274410144.0,10.343819813052912,0.5185173333333334,7.621591097374207,1.0529318184530279,0.0,10.343819813052912,0.036834217595694496,8.922821457151308,8.136343922089187,1.1987834498385583,5.6369412646049915,0.0,0.17320252556253737,0.9724872826014144,0.6737907777777777,0.2666225295751316,38.075224918513726,0.0,-0.11904761904761903,0.9050325488232347,0.23189646599129746,0.5008950858732518,0.0,-0.11560166216255485,0.0,0.5074538933875781,0.11349570743452,0.26677187381916884,Credit Services,Financial Services,NICK
2013Q2,2013,Q2,2012-11-09,2012-09-30,5161950.0,16046928.0,0.0,0.42,0.0,0.0,16050130.0,144724303.0,3722550.0,10400000.0,120398131.0,0.0,115399320.0,161155080.0,267432530.0,12.096648528920094,0.3579375,6.85352704308314,0.7600658474064305,0.0,12.096648528920094,0.03566747182745112,10.042737151933379,7.804951617121437,1.1135315676731918,0.27912610544464783,0.0,0.008940673790736228,0.9998005000582549,0.48129211538461536,0.3216142174549365,43.15594296043382,0.0,-0.0454545454545455,0.825394439806903,0.17149638009420898,0.7630931725152077,0.0,-0.039373595544823926,0.0,1.224739350476279,0.18803122626369903,0.6798150955919688,Credit Services,Financial Services,NICK
2013Q1,2013,Q1,2012-08-09,2012-06-30,5373525.0,15878616.0,0.0,0.44,0.0,0.0,17037505.0,140468690.0,5049384.0,12200000.0,121165834.0,0.0,111678205.0,153070800.0,257021416.0,11.76454690117253,0.4138839344262295,6.39765036019065,0.7759736351211077,0.0,11.76454690117253,0.038254254382239915,9.640059309954973,7.121526372353344,1.08971472575134,0.2248669169679121,0.0,0.007893915756630265,0.9319801226764131,0.4138839344262295,0.31539389130039874,17.291128004398274,0.0,-0.13087124301492514,0.7680299277392134,0.19504633270536118,0.7614127380788411,0.0,-0.11103146340067306,0.0,1.2662661036075173,0.10713369870299648,0.531460210170988,Credit Services,Financial Services,NICK
2012Q4,2012,Q4,2012-06-14,2012-03-31,6044674.0,12289473.0,0.0,0.5062541038525963,0.0,0.0,14887513.0,135939051.0,2803054.0,9300000.0,121296983.0,0.0,107513008.0,157488600.0,266685546.0,11.385180150753769,0.3014036559139785,7.523083271195128,0.8238986455775684,0.0,11.385180150753769,0.0444660600139102,12.814918914749233,6.513527445814282,1.1585236092313165,0.19833724697146612,0.0,0.007612512905696032,0.825488649447359,0.3549020430107527,0.40602308793953695,24.373693881698085,0.0,0.12500911967243616,0.8381722063491401,-0.06532286665722982,0.7837244366266556,-1.0,0.12716548185147056,-1.0,1.7056141759814123,-0.11265891398905432,0.5266640981879296,Credit Services,Financial Services,NICK
2012Q3,2012,Q3,2012-02-09,2011-12-31,5362721.0,17139971.0,9930349.0,0.45,17135920.0,0.9997636518754903,254875925.0,130506488.0,244994943.0,123295191.0,124369437.0,0.0,102667218.0,151054406.3,262334320.3,11.076096468428542,1.9870600062576649,0.4551234095570227,0.8888446986635637,0.024850066282599868,11.076096468428542,0.0410916045798428,8.812990774605161,7.041873253335387,1.1574474849097156,0.22324916772660744,0.0,0.007925773430417303,0.0672482934588663,1.968374313966552,0.021040516086405572,28.263355201166352,0.9997636518754903,-0.021739130434782625,0.7880287633008308,0.3493989260098684,0.8039863864829462,-0.004197776914621183,-0.0285108758820486,-0.03154903407969379,24.032401700287245,0.41795635649698554,0.7296784708514273,Credit Services,Financial Services,NICK
2012Q2,2012,Q2,2011-11-09,2011-09-30,5520104.0,17210999.0,10253848.0,0.46,17208156.0,0.9998348149343336,252366286.0,126133178.0,242395730.0,125162262.0,126233108.0,0.0,98501720.0,115020441.63,229300748.63,10.713931642030682,1.9366518799412558,0.463611847107026,0.9275909943377467,0.025818440500147238,10.713931642030682,0.043764091950493786,6.682961380103502,5.209160988180657,0.9118968018866533,0.0,0.0,0.0,0.06819848749527502,1.9147322297514886,0.021873381296263955,50.924239805229476,0.9998348149343336,0.0454545454545455,0.8420500648648457,0.369880939894812,0.8232200454742655,0.03466947065483798,0.040980479532201235,0.03998578441892798,5.673062477779836,0.21987975383058758,0.46108446959702687,Credit Services,Financial Services,NICK
2012Q1,2012,Q1,2011-08-09,2011-06-30,5302793.0,16634305.0,9859604.0,0.44,16631549.0,0.999834318295835,249900380.0,121326312.0,238542884.0,127501611.0,128574068.0,0.0,94178530.0,138413880.0,251425040.0,10.413381855634709,1.8709009410085022,0.4641849684262185,0.9560992837233856,0.025525599977063357,10.413381855634709,0.04370686714683951,8.32098966563376,6.525517779027015,1.1408397545290918,0.0,0.0,0.0,0.06656374432083696,1.8641047523705407,0.021219627597204933,18.480477613693942,0.999834318295835,0.07423396676824147,0.6149996968116855,0.3547166547568119,0.8189805732381813,0.03362639681938716,0.11118834109847445,0.09355409372778282,2.3376661802992595,0.24314532659117838,0.4567288690885391,Credit Services,Financial Services,NICK
2011Q4,2011,Q4,2011-06-14,2011-03-31,4772182.0,16094176.0,9016110.0,0.40959419792292506,16090484.0,0.9997706002469465,243643125.0,115213468.0,232862009.0,127321750.0,128429657.0,0.0,88875737.0,142142200.0,258124660.0,9.888719251566389,1.828925607761439,0.48431491756642014,1.024185818276037,0.023636652047337264,9.888719251566389,0.041420348530781144,8.831902919416315,7.446394542370764,1.2337290289708143,0.0,0.0,0.0,0.06605635188762252,1.823579977497953,0.019586770609677576,25.115694910696128,0.9997706002469465,0.07787946821822384,0.4985555681655327,0.22010617835733579,0.8249208243813086,0.006127312358367142,0.06645228187949459,0.05454021040487254,1.2765294809467105,0.24050918955475425,0.43757661104522044,Credit Services,Financial Services,NICK
2011Q3,2011,Q3,2011-02-11,2010-12-31,4474820.0,15995350.0,8549802.0,0.38,15992493.0,0.9998213855901872,236726567.0,110198694.0,226163431.0,125397278.0,126527873.0,0.0,84103555.0,118825338.88,233490501.88,9.496582439370023,1.8035752817537236,0.4985366682565882,1.0709462128471323,0.023083080015525233,9.496582439370023,0.04060683332599205,7.428742658335079,6.6385541139084925,1.0782826417162439,0.0,0.0,0.0,0.06756888423089412,1.7995698519069927,0.018902905815383196,22.993457914013128,0.9998213855901872,0.11764705882352934,0.5149598976200552,0.32530251807251476,0.8492107507388811,0.01678812179871344,0.12366485667737392,0.08003538050464463,0.9281307014102075,0.22191042396011917,0.37796038344116273,Credit Services,Financial Services,NICK
2011Q2,2011,Q2,2010-11-12,2010-09-30,3982344.0,15731853.0,7916224.0,0.34,15728442.0,0.9997831787520517,231486537.0,105556309.0,221037555.0,124631574.0,125930228.0,0.0,79628735.0,106673136.36999999,222664471.37,9.093784177726807,1.773527749878213,0.5054289615123492,1.1084131408952542,0.021905333581836085,9.093784177726807,0.0377272001809006,6.7807102170354625,6.69662994771421,1.010580394299312,0.0,0.0,0.0,0.06796012072183706,1.769401010694128,0.01720335036158064,46.15988339422462,0.9997831787520517,0.13333333333333347,0.5095652160374867,0.4614314394945123,0.9353365800873115,0.05212311447785209,0.11368132448953225,0.1138142118728166,0.45150505784602674,0.18376577117608311,0.3254240426797197,Credit Services,Financial Services,NICK
2011Q1,2011,Q1,2010-08-16,2010-06-30,3575838.0,14952147.0,7107311.0,0.3,14949241.0,0.9998056466405795,223893621.0,101360557.0,215178245.0,121024162.0,122533064.0,0.0,75646391.0,95099394.76,202800184.76,8.771847457234017,1.777977566165672,0.4914035357889897,1.0854529637203947,0.02068547609828006,8.771847457234017,0.0352783972961001,6.3602501206014095,6.648748821954462,0.9382288098515481,0.0,0.0,0.0,0.0667823716156701,1.763551843474033,0.015971147297671334,12.15233460612065,0.9998056466405795,0.06351900677461282,0.41834334133589796,0.549837011769576,0.9664441603461508,0.049163121847569706,0.09704367695631445,0.07864261187942254,0.21572285882707717,0.16279207860926237,0.31333947473289947,Credit Services,Financial Services,NICK
2010Q4,2010,Q4,2010-06-14,2010-03-31,3259522.0,14255177.0,6589125.0,0.2820824057576789,14248729.0,0.9995476731014985,214136073.0,97437283.0,205826201.0,114777962.0,116698790.0,0.0,72070553.0,87472954.84,193214031.84,8.432323266764815,1.7932554073403046,0.5009663691740531,1.1009643095241068,0.019785375047745926,8.432323266764815,0.0334525132438268,6.136223691926098,6.70903240106985,0.8977359810002092,0.0,0.0,0.0,0.06657064734721273,1.7771150876507111,0.015221732398165348,14.307056122099329,0.9995476731014985,0.1283296230307156,0.3069881030616738,0.4742992209912898,0.978639636204375,-0.007691598416454874,0.12044255033621644,0.1856386240591005,0.02422090846860567,0.1202820599319057,0.3210982056764475,Credit Services,Financial Services,NICK
2010Q3,2010,Q3,2010-02-16,2009-12-31,2909138.0,14365042.0,5557448.0,0.25,14359174.0,0.9995915083297355,212538055.0,93984990.0,204377989.0,116253076.0,118553065.0,0.0,68811031.0,79304017.13,184905248.13,8.16549532463766,1.7580437097423556,0.5192948481626032,1.174335572095076,0.016680544942604174,8.16549532463766,0.030953219232134833,5.52062549695295,6.815078653023678,0.8437944945251364,0.0,0.0,0.0,0.06758809381218812,1.7393822422384764,0.013687609967071544,15.634722215814874,0.9995915083297355,0.30952443310687294,0.226572994063541,0.569821655891061,1.0023070147371953,0.014343973796772972,0.19619062813270713,0.41630110932519726,-0.007059947982386556,0.15772812944249062,0.3299308512276271,Credit Services,Financial Services,NICK
2010Q2,2010,Q2,2009-11-13,2009-09-30,2432002.0,14157720.0,3923917.0,0.190909,14156119.0,0.9998869168199399,209167752.0,90304472.0,199721694.0,116032549.0,118863280.0,0.0,72395911.0,79345828.9155,187154216.9155,7.201178606302035,1.7212557659144418,0.5243465637093044,1.2145178369461038,0.012161173581088239,7.201178606302035,0.02693113581351763,5.604421398042906,8.156431297702468,0.8786478361282042,0.0,0.0,0.0,0.06768595954504497,1.7153316350914605,0.01162704086431067,27.690462259772175,0.9998869168199399,-0.04545500000000008,0.10342846917300323,0.5298324699127724,0.8644490375301264,0.03409776495482654,0.07425375425317118,-0.1572504305652233,-0.2381089194151764,0.05790057844783168,0.22544492766259758,Credit Services,Financial Services,NICK
2010Q1,2010,Q1,2009-08-13,2009-06-30,2263899.0,13693714.0,4656089.0,0.2,13689343.0,0.9996808024470206,203561203.0,87575473.0,195732118.0,112591404.0,115985730.0,0.0,69963909.0,54306059.4104,156336346.4104,7.681914830721599,1.7384286104115017,0.5107124170414733,1.18710445332108,0.014951817766834673,7.681914830721599,0.025850833828782175,3.965765562972909,5.996961371774978,0.6201058075975222,0.0,0.0,0.0,0.0672707460861292,1.7231093503372603,0.011121466009414377,7.68607125231901,0.9996808024470206,0.0688759480236012,0.12987398561513622,0.5331579102416153,0.7826306265262598,0.0356087205313949,0.06130779205315026,-0.5475942452678301,-0.29534746781856575,0.13976485532642494,0.34185551207765374,Credit Services,Financial Services,NICK
2009Q4,2009,Q4,2009-06-15,2009-03-31,2133122.0,13223650.0,10291843.0,0.187112452450454,13218644.0,0.9996214358365504,197782175.0,85017713.0,190202556.0,112764462.0,112764462.0,0.0,67700010.0,27153029.7052,127450649.7052,7.457554130124224,1.6867242802080677,0.5158715389796882,1.2001051475002626,0.03475246226976463,7.457554130124224,0.02509032441274914,2.053368752591002,3.182310916253267,0.3193808530841097,0.0,0.0,0.0,0.06685966518469119,1.6709780781821137,0.010785208525490227,5.09163826984622,0.9996214358365504,9.29108197395523,0.16495905944192496,0.5590255984209324,1.5236796106738522,-0.0024598452673108328,8.080785849598774,26.12848798283488,-0.3154238782808638,0.02454355191633029,0.3762597040924966,Credit Services,Financial Services,NICK
2009Q3,2009,Q3,2009-02-09,2008-12-31,234905.0,13254300.0,379374.0,0.018182,13251240.0,0.9997691315271271,195143937.0,82732529.0,1895136.0,10900000.0,112411408.0,0.0,65566888.0,27601807.310000002,127236693.31,6.403558034098891,0.1738656880733945,0.5202827387868064,1.2272080066596296,0.0012748385318946333,6.403558034098891,0.002839330585433935,2.082479445161193,29.375500000000002,0.33362702244965825,0.0,0.0,0.0,0.06792063439818784,17.008924495412845,0.001203752489630257,4.84055150439225,0.9997691315271271,-0.7499965624871093,-0.8846153905051839,0.33168322891666996,1.0327948719266373,-0.018437863745850602,-0.7033439709639411,-0.7162725197011159,-0.9285714257048863,-0.013647325754439011,0.24692524234239552,Credit Services,Financial Services,NICK
2009Q2,2009,Q2,2008-11-10,2008-09-30,791843.0,13505357.0,1337107.0,0.072727,13500154.0,0.9996147454672987,197366656.0,82636331.0,2556421.0,8600000.0,114730325.0,0.0,65331983.0,51838844.4,155412815.4,7.332862585956874,0.2972582558139535,0.5377048086582569,1.2842414312900703,0.004194942872065254,7.332862585956874,0.009582262310266413,3.8383912694792146,16.366515963391734,0.6273129962655287,0.0,0.0,0.0,0.06842775407817621,21.94082546511628,0.004012040412743275,11.959593115605747,0.9996147454672987,-0.466670088879763,-0.5362482868795103,0.6074966199636398,1.4857521812996524,0.029380314019938944,-0.49165657160942494,-0.4560612384539219,-0.6908321949527327,0.2922504976581005,0.5605777443140804,Credit Services,Financial Services,NICK
2009Q1,2009,Q1,2008-08-11,2008-06-30,1557693.0,13119064.0,2458194.0,0.136364,13114836.0,0.9996777209105772,195511669.0,81657553.0,2142669.0,10100000.0,113854116.0,0.0,64540141.0,52858027.3386,154494742.3386,7.148469476101108,0.21214544554455445,0.5307880779228579,1.270859328836366,0.008400309252705303,7.148469476101108,0.019075920631616283,4.029100501270517,8.483383333333334,0.6473133886169722,0.0,0.0,0.0,0.06710118156681481,18.573649900990098,0.007967263580569199,8.80873602895826,0.9996777209105772,-0.2420872470507179,-0.021739160944118305,0.5852218283977767,1.599786041104221,0.03168269118444239,-0.24208926814600296,-0.4855751634027961,-0.37499998101177473,0.37556128488736773,0.6025205779312852,Credit Services,Financial Services,NICK
2008Q4,2008,Q4,2008-06-16,2008-03-31,2055246.0,12720051.0,4778529.0,0.1799204452878829,12712083.0,0.9993735874172203,189837825.0,78576439.0,2301652.0,11400000.0,111261386.0,0.0,62982447.0,64073209.246199995,261650154.2462,6.8787424444646375,0.20189929824561403,1.0528691845263187,2.5436937400535546,0.01065346132712974,6.8787424444646375,0.02615600841875769,5.037181788516413,7.7938613244108,0.8154252096636754,0.0,0.0,0.0,0.06700482899021837,15.907455789473683,0.010826325048762016,11.682120968384188,0.9993735874172203,-0.10039777356058557,0.25110407148041336,0.5403265110926255,1.6046538542100675,0.008834065418398738,-0.08101236617027899,-0.07491005183453603,-0.16636459173271098,0.33075007070721224,0.6140928208366698,Credit Services,Financial Services,NICK
2008Q3,2008,Q3,2008-02-11,2007-12-31,2236424.0,12614482.0,5165475.0,0.2,12600767.0,0.9989127575749841,184847272.0,77064570.0,4712651.0,7900000.0,107782702.0,0.0,60927201.0,73496720.124,168695210.124,6.891767392945166,0.5965381012658227,0.5404650223888616,1.2963607660433323,0.018363882246306036,6.891767392945166,0.029020132078852838,5.826376392149911,8.215875,0.9537031105733803,0.0,0.0,0.0,0.06824272743392178,22.440872784810125,0.012098766596890865,25.214130740587503,0.9989127575749841,-0.12000105599873276,0.6500000990917254,0.7299524914512968,1.8395538171646322,0.0022220136596136273,-0.13871592873185715,-0.11620607528923838,-0.029411735475439398,0.41894203249122325,0.6899690277446238,Credit Services,Financial Services,NICK
2008Q2,2008,Q2,2007-11-09,2007-09-30,2596616.0,12577711.0,5844660.0,0.227273,12572830.0,0.9996119325686526,182170998.0,75373184.0,2460599.0,9200000.0,106797814.0,0.0,58690777.0,94576843.51529999,189677749.51529998,6.86103758865061,0.2674564130434783,0.5354980269691447,1.2942561906367125,0.020888842853965858,6.86103758865061,0.03445013016831026,7.519400272060631,9.105778782394085,1.2547810573492557,0.0,0.0,0.0,0.06904343247875273,0.2674564130434783,0.014253728796062258,36.534140750871565,0.9996119325686526,-0.07407467763948587,0.8571429660594276,0.7011321341928902,1.9877329183069543,0.033734927475603756,-0.06727061773274087,-0.03991192630168494,0.3448275519370291,0.5514249775678661,0.7763835099747168,Credit Services,Financial Services,NICK
2008Q1,2008,Q1,2007-08-09,2007-06-30,2783890.0,12170553.0,6087629.0,0.245455,12162528.0,0.9993406215806299,177808971.0,73046735.0,3290688.0,10800000.0,104762237.0,0.0,56094161.0,106881195.5897,197606191.58969998,6.67904043546547,0.3046933333333333,0.5286581968915393,1.2868497134060817,0.022549857114268473,6.67904043546547,0.038111080529471986,8.781950630320578,9.598187750746257,1.463189225222729,0.0,0.0,0.0,0.0684473507245031,0.3046933333333333,0.015656634107623288,18.8208959600152,0.9993406215806299,-0.10877056506627603,1.0999998823294248,0.7498272866332837,1.9925506036440672,0.010591724708219057,-0.07576380316975079,-0.03911731675151982,0.4482758887581464,0.4203723666671032,0.5499081021378133,Credit Services,Financial Services,NICK
2007Q4,2007,Q4,2007-06-14,2007-03-31,3012098.0,12043537.0,6335455.0,0.2754116845548904,12035056.0,0.9992958048785834,173019248.0,69806985.0,1517051.0,9200000.0,103212263.0,0.0,53310271.0,110958401.4505,203471307.4505,6.382813352204333,0.16489684782608696,0.5433620830440784,1.346743438353626,0.02389799782101192,6.382813352204333,0.043148948489896824,9.213107532322107,9.209395033835222,1.5895028477522701,0.0,0.0,0.0,0.06960807620664262,0.16489684782608696,0.01740903416711186,24.53209081835246,0.9992958048785834,0.12204552588006108,0.9640718344224499,0.6348015231903406,1.9645497244895367,0.026332490610401906,0.0874808740288989,0.06816133321239053,0.7147086300060025,0.480069874689414,1.1599810922762386,Credit Services,Financial Services,NICK
2007Q3,2007,Q3,2007-02-14,2006-12-31,2769794.0,11730229.0,5931178.0,0.245455,11726274.0,0.999662836931828,165947152.0,66809099.0,2174807.0,8300000.0,99138053.0,0.0,50298173.0,,,,,,,,,,,,,,,,,,,,,,,,,,,,,,,Credit Services,Financial Services,NICK
2007Q2,2007,Q2,2006-11-14,2006-09-30,2768424.0,11606734.0,5844152.0,0.245455,11602349.0,0.9996222020768288,160393498.0,63911208.0,1742195.0,9400000.0,96482290.0,0.0,47528379.0,,,,,,,,,,,,,,,,,,,,,,,,,,,,,,,Credit Services,Financial Services,NICK
2007Q1,2007,Q1,2006-08-14,2006-06-30,3029443.0,11328874.0,6162389.0,0.263636,11327857.0,0.9999102293837852,156322117.0,61540000.0,3629502.0,10800000.0,94782117.0,0.0,44759955.0,,,,,,,,,,,,,,,,,,,,,,,,,,,,,,,Credit Services,Financial Services,NICK
