Quarters,Year,Quarter,FillingDate,Date,NetIncome,Revenue,OperatingIncome,EPSDiluted,GrossProfit,GrossProfitRatio,TotalAssets,CommonStockEquity,CurrentAssets,CurrentLiability,TotalLiability,Inventory,RetainedEarnings,MarketCap,EnterpriseValue,bookValuePerShare,currentRatio,debtToAssets,debtToEquity,roic,shareholdersEquityPerShare,roe,priceToSalesRatio,peRatio,pbRatio,payoutRatio,inventoryTurnover,dividendYield,assetTurnover,quickRatio,returnOnAssets,priceToFreeCashFlowsRatio,grossProfitMargin,epsdilutedGrowth,fiveYNetIncomeGrowthPerShare,fiveYRevenueGrowthPerShare,fiveYShareholdersEquityGrowthPerShare,grossProfitGrowth,netIncomeGrowth,operatingIncomeGrowth,threeYNetIncomeGrowthPerShare,threeYRevenueGrowthPerShare,threeYShareholdersEquityGrowthPerShare,Industry,Sector,Symbol
2023Q1,2023,Q1,2023-05-05,2023-03-31,264000000.0,2062000000.0,351000000.0,1.0,798000000.0,0.3870029098,38064000000.0,10607000000.0,2062000000.0,2757000000.0,27328000000.0,630000000.0,3745000000.0,22651458000.0,38170458000.0,40.45385202135774,0.7479143997098295,0.40797078604455655,1.4640331856321298,0.011784385091128018,40.45385202135774,0.02488922409729424,10.985188166828323,21.450244318181817,2.135519751107759,0.625,2.0063492063492063,0.007284299315302352,0.05417192097519966,0.7892636924192964,0.0069356872635561164,-49.78342417582417,0.38700290979631424,0.5873015873015873,0.6196523557670452,0.20518639899708124,0.35909276016428693,0.10220994475138122,0.6196319018404908,0.09006211180124224,0.6992570765806715,0.3456564115603016,0.23287929969852159,Utilities—Regulated Electric,Utilities,AEE
2022Q4,2022,Q4,2023-02-22,2022-12-31,163000000.0,2046000000.0,322000000.0,0.63,724000000.0,0.3538611926,37904000000.0,10508000000.0,2668000000.0,3366000000.0,27267000000.0,667000000.0,3646000000.0,23039172000.0,38124172000.0,40.555769972983406,0.7926322043969103,0.3982429295061207,1.4365245527217358,0.010742556210860704,40.555769972983406,0.01551199086410354,11.260592375366569,35.336153374233135,2.192536353254663,0.9386503067484663,1.9820089955022488,0.0066408636560376395,0.053978471929084004,0.40106951871657753,0.0043003376952300545,-89.64658365758756,0.35386119257087,-0.6379310344827586,3.543663965007075,0.36640989797339735,0.3695475773170621,-0.3376029277218664,-0.6393805309734514,-0.46243739565943237,0.6463700041879827,0.47610562163392334,0.23795997187664952,Utilities—Regulated Electric,Utilities,AEE
2022Q3,2022,Q3,2022-11-04,2022-09-30,452000000.0,2306000000.0,599000000.0,1.74,1093000000.0,0.4739809193,37657000000.0,10201000000.0,2518000000.0,3175000000.0,27327000000.0,695000000.0,3636000000.0,20814120000.0,35760120000.0,39.47755417956656,0.7930708661417323,0.39708420745146983,1.4658366826781688,0.020270986530010245,39.47755417956656,0.044309381433192824,9.026071118820468,11.512234513274336,2.040399960788158,0.336283185840708,1.7453237410071942,0.007302734874210392,0.061236954616671536,0.3464566929133858,0.012003080436572217,-121.01232558139534,0.47398091934084996,1.1749999999999998,0.47347996216030275,0.2565284109183888,0.30391485962734477,0.4496021220159151,1.183574879227053,0.9385113268608414,0.18168866736978193,0.3227535517871373,0.20410947317730294,Utilities—Regulated Electric,Utilities,AEE
2022Q2,2022,Q2,2022-08-08,2022-06-30,207000000.0,1726000000.0,309000000.0,0.8,754000000.0,0.4368482039,37108000000.0,9880000000.0,2396000000.0,3588000000.0,27099000000.0,600000000.0,3336000000.0,23330952000.0,37934952000.0,38.264910921766074,0.6677814938684504,0.39374258919909455,1.478846153846154,0.010738854329314224,38.264910921766074,0.020951417004048584,13.517353418308227,28.177478260869563,2.3614323886639674,0.7391304347826086,1.62,0.0065578121287121075,0.046512881319392047,1.3032329988851727,0.0055783119542955695,-81.57675524475525,0.43684820393974505,-0.18367346938775503,0.007737906510998883,0.05443306113445188,0.29688004884331504,-0.023316062176165803,-0.18181818181818182,-0.06646525679758308,0.09999177805953553,0.19055276980310495,0.20624594049361417,Utilities—Regulated Electric,Utilities,AEE
2022Q1,2022,Q1,2022-05-06,2022-03-31,253000000.0,1879000000.0,331000000.0,0.98,772000000.0,0.4108568387,36197000000.0,9806000000.0,2031000000.0,3145000000.0,26262000000.0,520000000.0,3282000000.0,24180704000.0,38342704000.0,38.022489336952304,0.6457869634340223,0.39144127966406056,1.4449316744850091,0.012142632394756263,38.022489336952304,0.025800530287579032,12.868921766897286,23.893976284584983,2.46590903528452,0.6007905138339921,2.128846153846154,0.0062860039145262265,0.051910379313202755,0.29793322734499206,0.0069895295190209135,-60.15100497512438,0.4108568387440128,1.0,1.3332420987006668,0.16745556401849507,0.30581199223451705,0.27182866556836904,1.007936507936508,0.340080971659919,0.25783766994390855,0.14671272119780987,0.2085279219493341,Utilities—Regulated Electric,Utilities,AEE
2021Q4,2021,Q4,2022-02-23,2021-12-31,126000000.0,1545000000.0,247000000.0,0.49,607000000.0,0.3928802589,35735000000.0,9700000000.0,1968000000.0,2826000000.0,25906000000.0,592000000.0,3182000000.0,22928976000.0,36532976000.0,37.65527950310559,0.6963906581740976,0.3809150692598293,1.403298969072165,0.008613036066154493,37.65527950310559,0.012989690721649485,14.840761165048544,45.494,2.363811958762887,4.476190476190476,1.5844594594594594,0.024597696818209412,0.04323492374422835,1.4773531493276717,0.003525954946131244,-17.0729530900968,0.39288025889967637,-0.703030303030303,2.7082201086956528,0.07303461496179847,0.2861003530132924,-0.37163561076604557,-0.7035294117647058,-0.5374531835205992,0.7572730179028133,0.032579970585531734,0.20550187165623063,Utilities—Regulated Electric,Utilities,AEE
2021Q3,2021,Q3,2021-11-04,2021-09-30,425000000.0,1811000000.0,534000000.0,1.65,966000000.0,0.5334069574820541,34665000000.0,9685000000.0,2204000000.0,2357000000.0,24851000000.0,595000000.0,3199000000.0,20841300000.0,33888300000.0,37.64088612514574,0.9350869749681799,0.37657579691331317,1.3478575116159008,0.02016962473170296,37.64088612514574,0.04388229220443986,11.508172280508006,12.259588235294117,2.1519153329891587,0.6611764705882353,1.4201680672268908,0.013482844160393066,0.052242896293091014,0.4094187526516759,0.012260204817539306,25.666625615763547,0.5334069574820541,1.0624999999999998,0.085959363285821,-0.08147692541844838,0.26952300486033043,0.3939393939393939,1.0531400966183575,0.8671328671328671,0.1294024022356708,-0.003426850129355116,0.20012281911547486,Utilities—Regulated Electric,Utilities,AEE
2021Q2,2021,Q2,2021-08-06,2021-06-30,207000000.0,1472000000.0,286000000.0,0.8,693000000.0,0.47078804347826086,33916000000.0,9353000000.0,2116000000.0,2177000000.0,24434000000.0,527000000.0,2915000000.0,20498244000.0,33330244000.0,36.52089027723545,0.971979788700046,0.38126547941974287,1.3825510531380305,0.0111696179182542,36.52089027723545,0.022131936277130334,13.9254375,24.756333333333338,2.191622367154924,0.6859903381642513,1.4781783681214422,0.006927422661180147,0.043401344498171956,0.43178686265502986,0.006103314070055431,-50.240794117647056,0.47078804347826086,-0.12087912087912087,0.33393365155511634,-0.022841408251145782,0.2799722596442243,-0.044137931034482755,-0.11158798283261803,-0.0949367088607595,-0.17582697658308816,-0.10382095925321076,0.20500148396456538,Utilities—Regulated Electric,Utilities,AEE
2021Q1,2021,Q1,2021-05-10,2021-03-31,233000000.0,1566000000.0,316000000.0,0.91,725000000.0,0.46296296296296297,32789000000.0,9148000000.0,1823000000.0,2307000000.0,23512000000.0,467000000.0,2850000000.0,20697984000.0,33115984000.0,35.959119496855344,0.7902037277850021,0.3789075604623502,1.3581110625273283,0.0131390281153262,35.959119496855344,0.025470048097944904,13.217103448275862,22.208137339055796,2.2625693047660693,0.6008583690987125,1.8008565310492506,0.006763943773461222,0.0477599194851932,1.9072388383181622,0.00710604166031291,-22.424684723726976,0.46296296296296297,0.9782608695652174,1.1161200958370767,0.04139693692271256,0.27000762701078856,0.21237458193979933,1.0260869565217392,0.4976303317535545,0.47329386896580455,-0.05664990179156003,0.20808715432727007,Utilities—Regulated Electric,Utilities,AEE
2020Q4,2020,Q4,2021-02-22,2020-12-31,115000000.0,1328000000.0,211000000.0,0.46,598000000.0,0.4503012048192771,32030000000.0,8938000000.0,1653000000.0,2180000000.0,22950000000.0,521000000.0,2757000000.0,19312044000.0,30749044000.0,36.12772837510105,0.7582568807339449,0.3614111770215423,1.295144327590065,0.00870902477852049,36.12772837510105,0.012866413067800403,14.542201807228915,41.982704347826086,2.1606672633698816,1.1043478260869566,1.401151631477927,0.006576207055037779,0.041461130190446456,0.4089770642201835,0.0035903840149859507,-20.200882845188286,0.4503012048192771,-0.6870748299319728,2.8885791542385637,-0.004407921898447137,0.2618178669449345,-0.3318435754189944,-0.6866485013623979,-0.5728744939271255,2.879479924548639,-0.07115945923193223,0.22001488081841797,Utilities—Regulated Electric,Utilities,AEE
2020Q3,2020,Q3,2020-11-05,2020-09-30,367000000.0,1628000000.0,494000000.0,1.47,895000000.0,0.5497542997542998,30517000000.0,8489000000.0,1590000000.0,2105000000.0,21886000000.0,557000000.0,2769000000.0,19540668000.0,30335668000.0,34.3545123431809,0.7553444180522565,0.35393387292328865,1.2723524561196844,0.021874459996543978,34.3545123431809,0.04323241842384262,12.002867321867322,13.31108174386921,2.3018810224997055,0.335149863760218,1.3159784560143626,0.006294564750805858,0.053347314611528,0.3925824228028504,0.012026083822131927,-751.5641538461539,0.5497542997542998,0.5,0.050485338380018716,-0.128013047366914,0.18825273659191422,0.20295698924731181,0.5102880658436214,0.3954802259887006,0.25109885786231395,-0.07234353791268332,0.13470451932684632,Utilities—Regulated Electric,Utilities,AEE
2020Q2,2020,Q2,2020-08-07,2020-06-30,243000000.0,1398000000.0,354000000.0,0.98,744000000.0,0.5321888412017167,30016000000.0,8227000000.0,1620000000.0,2000000000.0,21647000000.0,514000000.0,2525000000.0,17371884000.0,28011884000.0,33.32118266504658,0.81,0.35474413646055436,1.294274948340829,0.015565346668468712,33.32118266504658,0.029536890725659414,12.42624034334764,17.87230864197531,2.1115697094931325,0.5020576131687243,1.272373540856031,0.007022842197196343,0.04657515991471215,0.4465,0.008095682302771854,-83.11906220095693,0.5321888412017167,0.6610169491525424,0.5917861482381532,-0.019519992229123005,0.19510924224427853,0.19806763285024154,0.6643835616438356,0.46887966804979253,0.23713949344934185,-0.10685793830494231,0.12932647590671967,Utilities—Regulated Electric,Utilities,AEE
2020Q1,2020,Q1,2020-05-11,2020-03-31,146000000.0,1440000000.0,241000000.0,0.59,621000000.0,0.43125,29272000000.0,8085000000.0,1464000000.0,2367000000.0,21045000000.0,471000000.0,2404000000.0,17945312000.0,28253312000.0,32.8125,0.6185044359949303,0.3535802131729981,1.280148423005566,0.011448508513038774,32.8125,0.01805813234384663,12.462022222222222,30.728273972602736,2.2195809523809524,0.8356164383561644,1.7388535031847134,0.006798432927775232,0.04919376878928669,0.327418673426278,0.004987701557802678,-47.1005564304462,0.43125,0.5526315789473684,0.3310034872534873,-0.08882248856541912,0.18739744928400962,0.16074766355140188,0.5531914893617021,0.3463687150837989,0.40929781003310434,-0.06354543738955887,0.12688455549263866,Utilities—Regulated Electric,Utilities,AEE
2019Q4,2019,Q4,2020-02-28,2019-12-31,94000000.0,1316000000.0,179000000.0,0.38,535000000.0,0.4065349544072948,28933000000.0,8059000000.0,1431000000.0,2505000000.0,20732000000.0,494000000.0,2380000000.0,18892800000.0,28673800000.0,32.760162601626014,0.5712574850299401,0.3386098918190302,1.2156595111055963,0.008002865124544442,32.760162601626014,0.011663978161062167,14.356231003039513,50.246808510638296,2.344310708524631,1.297872340425532,1.5809716599190284,0.006457486449864498,0.045484394981509,0.2994011976047904,0.003248885355822072,-123.48235294117647,0.4065349544072948,-0.7414965986394557,0.9312669376693768,-0.05269242181472906,0.18391411398100277,-0.40489432703003336,-0.7417582417582418,-0.6557692307692308,1.8969004065040656,-0.042911960093052315,0.11890967860826003,Utilities—Regulated Electric,Utilities,AEE
2019Q3,2019,Q3,2019-11-08,2019-09-30,364000000.0,1659000000.0,520000000.0,1.47,899000000.0,0.5418927064496685,28546000000.0,8062000000.0,1495000000.0,2285000000.0,20342000000.0,488000000.0,2408000000.0,19684295000.0,29195295000.0,32.78568523790159,0.6542669584245077,0.3338821551180551,1.1822128504093277,0.023619954045835518,32.78568523790159,0.045150086827090055,11.865156720916215,13.519433379120878,2.4416143636814684,0.32142857142857145,1.5573770491803278,0.005943824759789467,0.05811672388425699,0.36192560175054705,0.012751348700343305,129.50194078947368,0.5418927064496685,1.0416666666666667,0.22564876257309294,-0.019918520015682353,0.17416699715307435,0.3894899536321484,1.0335195530726258,0.8571428571428571,-0.026788380937896396,-0.11956101582904227,0.10577050447864945,Utilities—Regulated Electric,Utilities,AEE
2019Q2,2019,Q2,2019-08-02,2019-06-30,179000000.0,1379000000.0,280000000.0,0.72,647000000.0,0.4691805656272661,28103000000.0,7791000000.0,1514000000.0,2752000000.0,20170000000.0,433000000.0,2161000000.0,18471576000.0,28022576000.0,31.72231270358306,0.5501453488372093,0.3400704551115539,1.22667180079579,0.013265908825303773,31.72231270358306,0.02297522782697985,13.394906453952139,25.798290502793293,2.370886407393146,0.6536312849162011,1.6905311778290992,0.006334056173658382,0.04906949436003274,0.32122093023255816,0.006369426751592357,-198.61909677419354,0.4691805656272661,-0.07692307692307698,0.18666790547187548,-0.04005952257978624,0.1710032047914258,-0.022658610271903322,-0.06282722513089005,-0.027777777777777776,0.20281304704292144,-0.04544110899839986,0.11179327678261347,Utilities—Regulated Electric,Utilities,AEE
2019Q1,2019,Q1,2019-05-10,2019-03-31,191000000.0,1556000000.0,288000000.0,0.78,662000000.0,0.4254498714652956,27509000000.0,7705000000.0,1422000000.0,2392000000.0,19662000000.0,402000000.0,2099000000.0,17826271000.0,27174271000.0,31.461821151490405,0.5944816053511706,0.34010687411392637,1.2142764438676183,0.014808894288408972,31.461821151490405,0.024789097988319273,11.456472365038561,23.33281544502618,2.3135977936404934,0.6073298429319371,2.2238805970149254,0.006507249889783454,0.056563306554218616,0.34991638795986624,0.006943182231269766,-100.14758988764045,0.4254498714652956,1.7857142857142856,0.9708979855723424,-0.03300709633358664,0.17190815466782933,0.2804642166344294,1.8088235294117647,0.7349397590361446,0.8019638725232844,0.07488611467521829,0.11117161324087531,Utilities—Regulated Electric,Utilities,AEE
2018Q4,2018,Q4,2019-02-26,2018-12-31,68000000.0,1419000000.0,166000000.0,0.28,517000000.0,0.3643410852713178,27215000000.0,7631000000.0,1533000000.0,2687000000.0,19442000000.0,483000000.0,2024000000.0,15935689000.000002,24955689000.0,31.236185018419974,0.5705247487904727,0.33202278155428994,1.1841174158039576,0.00808501477029283,31.236185018419974,0.008911020836063425,11.230224806201552,58.58709191176471,2.0882831870003935,1.7205882352941178,1.8674948240165632,0.007342010753347407,0.05214036376997979,0.31745441012281356,0.0024986220834098843,-118.04214074074075,0.3643410852713178,-0.8068965517241379,0.825048953988782,0.06590443658531005,0.1579918223515717,-0.4261931187569367,-0.8095238095238095,-0.6885553470919324,1.3285107343994804,0.0773131996680275,0.09097300395460492,Utilities—Regulated Electric,Utilities,AEE
2018Q3,2018,Q3,2018-11-02,2018-09-30,357000000.0,1724000000.0,533000000.0,1.45,901000000.0,0.5226218097447796,26959000000.0,7656000000.0,1640000000.0,2580000000.0,19161000000.0,525000000.0,2073000000.0,15449089000.0,24222089000.0,31.36419500204834,0.6356589147286822,0.32582810935123707,1.1473354231974922,0.025084292935648966,31.36419500204834,0.04663009404388715,8.961188515081206,10.818689775910364,2.017906086729363,0.31092436974789917,1.5676190476190477,0.00718488967213536,0.06394895953113988,0.37209302325581395,0.013242330946993583,56.17850545454545,0.5226218097447796,0.4948453608247423,0.1748550561462434,0.046035397530686306,0.1574313519161739,0.20939597315436242,0.49372384937238495,0.38441558441558443,0.0344204867526692,-0.0652449639087484,0.08482373930666202,Utilities—Regulated Electric,Utilities,AEE
2018Q2,2018,Q2,2018-08-08,2018-06-30,239000000.0,1563000000.0,385000000.0,0.97,745000000.0,0.47664747280870123,26639000000.0,7386000000.0,1685000000.0,2711000000.0,19111000000.0,475000000.0,1827000000.0,14829145000.0,23766145000.0,30.30775543701272,0.6215418664699373,0.33657419572806785,1.213918223666396,0.017995811883779776,30.30775543701272,0.032358516111562416,9.487616762635957,15.511657949790795,2.007736934741403,0.4686192468619247,1.7221052631578948,0.00755269437314154,0.058673373625136076,0.3814090741423829,0.008971808251060476,593.1658,0.47664747280870123,0.564516129032258,1.5044338379802604,0.10901283988732738,0.15353960919662463,0.1787974683544304,0.5827814569536424,0.41025641025641024,0.5861414307208317,0.11059601310629572,0.08702860275270341,Utilities—Regulated Electric,Utilities,AEE
2018Q1,2018,Q1,2018-05-09,2018-03-31,151000000.0,1585000000.0,273000000.0,0.62,632000000.0,0.39873817034700315,26079000000.0,7230000000.0,1567000000.0,3345000000.0,18707000000.0,453000000.0,1699000000.0,13755427000.0,22621427000.0,29.76533552902429,0.46846038863976086,0.34111737413244375,1.2304287690179807,0.013282897184670718,29.76533552902429,0.020885200553250344,8.67850283911672,22.773885761589405,1.9025486860304288,0.7350993377483444,2.1037527593818983,0.008069542297741828,0.06077687027876836,0.26905829596412556,0.005790099313623989,-41.30758858858859,0.39873817034700315,3.5833333333333335,2.0400931275819483,0.07324908764854057,0.13449652778339255,0.1166077738515901,3.5166666666666666,0.21333333333333335,0.3964213286979857,0.017379437198969977,0.07712863951988268,Utilities—Regulated Electric,Utilities,AEE
2017Q4,2017,Q4,2018-02-28,2017-12-31,-60000000.0,1402000000.0,225000000.0,-0.24,566000000.0,0.4037089871611983,25945000000.0,7184000000.0,1612000000.0,2940000000.0,18619000000.0,522000000.0,1660000000.0,14310974000.0,22719974000.0,29.612530915086563,0.5482993197278911,0.3244941221815379,1.1719097995545658,-0.006034027826072728,29.612530915086563,-0.008351893095768375,10.207542082738945,-59.62905833333333,1.9920620824053452,-1.85,1.6015325670498084,0.007756285491120311,0.054037386779726346,0.28843537414965986,-0.0023125843129697438,-90.00612578616352,0.4037089871611983,-1.2033898305084745,0.9480968858131488,-0.07090788601722996,0.0858524788391778,-0.3946524064171123,-1.2083333333333333,-0.612736660929432,-2.25,0.023357664233576724,0.07016237151795032,Utilities—Regulated Electric,Utilities,AEE
2017Q3,2017,Q3,2017-11-03,2017-09-30,288000000.0,1723000000.0,581000000.0,1.18,935000000.0,0.542658154381892,25617000000.0,7345000000.0,1581000000.0,2581000000.0,18130000000.0,547000000.0,1830000000.0,14031984000.0,22167984000.0,30.276174773289366,0.6125532739248354,0.3179529218878089,1.1089176310415247,0.02197442468585141,30.276174773289366,0.039210347174948944,8.14392571096924,12.180541666666668,1.9104130701157251,0.3680555555555556,1.440585009140768,0.007554170529270842,0.06726002264121482,0.3343665246028671,0.011242534254596558,55.46238735177866,0.542658154381892,0.4936708860759492,-0.22994652406417115,-0.1389305347326336,-0.06718313436626862,0.26865671641791045,0.49222797927461137,0.45979899497487436,-0.017064846416382267,0.03173652694610785,0.08429288455860649,Utilities—Regulated Electric,Utilities,AEE
2017Q2,2017,Q2,2017-08-04,2017-06-30,193000000.0,1538000000.0,398000000.0,0.79,737000000.0,0.47919375812743825,25254000000.0,7158000000.0,1571000000.0,2765000000.0,17954000000.0,512000000.0,1649000000.0,13262942000.0,21543942000.0,29.505358615004123,0.5681735985533454,0.32830442702146195,1.1582844369935736,0.01622683097212193,29.505358615004123,0.02696283878178262,8.623499349804941,17.179976683937824,1.8528837664151998,0.5544041450777202,1.564453125,0.008067591639924234,0.060901243367387344,0.3135623869801085,0.007642353686544706,884.1961333333334,0.47919375812743825,0.8809523809523812,-0.08530805687203796,-0.0734939759036145,-0.05254798146922561,0.24283305227655985,0.8921568627450981,0.5669291338582677,0.29530201342281875,0.0838618745595489,0.08916615946439443,Utilities—Regulated Electric,Utilities,AEE
2017Q1,2017,Q1,2017-05-05,2017-03-31,102000000.0,1514000000.0,254000000.0,0.42,593000000.0,0.3916776750330251,24811000000.0,7064000000.0,1450000000.0,2762000000.0,17605000000.0,467000000.0,1563000000.0,13243534000.0,21427534000.0,29.117889530090686,0.5249818971759594,0.33017613155455244,1.159682899207248,0.010754754467848104,29.117889530090686,0.014439411098527746,8.747380449141348,32.45964215686275,1.8747924688561721,1.0490196078431373,1.9721627408993576,0.008079414452365962,0.06102132118818266,0.27516292541636495,0.004111079763008343,-66.21767,0.3916776750330251,2.2307692307692304,1.2531017369727047,-0.08685162846803382,-0.04951560818083958,0.25902335456475584,2.1875,0.7517241379310344,0.06249999999999994,-0.0501882057716437,0.08460003070781523,Utilities—Regulated Electric,Utilities,AEE
2016Q4,2016,Q4,2017-02-28,2016-12-31,32000000.0,1356000000.0,145000000.0,0.13,471000000.0,0.3473451327433628,24699000000.0,7103000000.0,1593000000.0,2674000000.0,17454000000.0,527000000.0,1568000000.0,12726796000.0,20551796000.0,29.278647980214345,0.5957367240089754,0.3171788331511397,1.1029142615796141,0.005429583913453454,29.278647980214345,0.004505138673799803,9.385542772861356,99.42809375,1.7917494016612698,3.34375,1.6793168880455407,0.008407457776489857,0.054901008137981294,0.30067314884068813,0.0012955990121057532,-424.22653333333335,0.3473451327433628,-0.9144736842105264,0.2799999999999999,-0.1406844106463878,-0.10304331354969068,-0.5431619786614937,-0.9132791327913279,-0.7901591895803184,-0.13513513513513523,0.025718608169440313,0.08542176039119798,Utilities—Regulated Electric,Utilities,AEE
2016Q3,2016,Q3,2016-11-04,2016-09-30,369000000.0,1859000000.0,691000000.0,1.52,1031000000.0,0.5545992469069392,24134000000.0,7193000000.0,1599000000.0,2291000000.0,16799000000.0,551000000.0,1643000000.0,11931068000.0,19559068000.0,29.649629018961253,0.6979484941073767,0.31681445263942987,1.0629778951758655,0.02860292079802239,29.649629018961253,0.051299874878353954,6.418003227541689,8.083379403794037,1.65870540803559,0.2791327913279133,1.5027223230490019,0.008632923724850115,0.07702825888787602,0.37101702313400264,0.015289632883069528,42.159250883392225,0.5545992469069392,1.4918032786885247,0.28993361391938205,-0.1833758983731503,-0.103874536215714,0.5861538461538461,1.510204081632653,1.126153846153846,0.2218543046357615,0.13492063492063489,0.09415880742318221,Utilities—Regulated Electric,Utilities,AEE
2016Q2,2016,Q2,2016-08-05,2016-06-30,147000000.0,1427000000.0,325000000.0,0.61,650000000.0,0.4555010511562719,23793000000.0,6922000000.0,1594000000.0,2430000000.0,16729000000.0,515000000.0,1376000000.0,12998508000.0,20799508000.0,28.532563891178896,0.6559670781893004,0.3284159206489304,1.1288644900317828,0.013600479551212451,28.532563891178896,0.021236636810170472,9.108975473020323,22.10630612244898,1.8778543773475873,0.7006802721088435,1.5087378640776699,0.007923986352895271,0.0599756230824192,0.3502057613168724,0.00617828773168579,-139.76890322580644,0.4555010511562719,0.41860465116279066,0.059070217570522277,-0.20338852030200621,-0.11632583326241011,0.20147874306839186,0.4,0.4772727272727273,0.5473684210526315,0.01710620099786171,0.08597427047379977,Utilities—Regulated Electric,Utilities,AEE
2016Q1,2016,Q1,2016-05-10,2016-03-31,105000000.0,1434000000.0,220000000.0,0.43,541000000.0,0.3772663877266388,23385000000.0,6869000000.0,1458000000.0,1839000000.0,16374000000.0,483000000.0,1333000000.0,12154260000.0,19738260000.0,28.31409727947238,0.7928221859706363,0.3248663673294847,1.1059834036977727,0.01179176760299513,28.31409727947238,0.015286067841024894,8.475774058577406,28.938714285714283,1.7694365992138594,0.9809523809523809,1.8488612836438922,0.00847439498579099,0.06132135984605516,0.37139749864056554,0.004490057729313663,-72.34678571428572,0.3772663877266388,2.5833333333333335,0.4666813743134819,-0.25305773587258484,-0.11813957211119033,0.21300448430493274,2.6206896551724137,0.5714285714285714,1.7241379310344827,-0.02779661016949154,0.07918303220738417,Utilities—Regulated Electric,Utilities,AEE
2015Q4,2015,Q4,2016-02-26,2015-12-31,29000000.0,1308000000.0,140000000.0,0.12,446000000.0,0.3409785932721712,23640000000.0,6946000000.0,1917000000.0,2093000000.0,16552000000.0,538000000.0,1331000000.0,10487598000.0,17771598000.0,28.63149216817807,0.915910176779742,0.32047377326565146,1.0906996832709472,0.004899293553477934,28.63149216817807,0.0041750647854880505,8.01804128440367,90.41032758620689,1.5098758997984452,3.586206896551724,1.6022304832713754,0.009916474677995859,0.05532994923857868,0.4859053989488772,0.0012267343485617597,-88.87794915254237,0.3409785932721712,-0.9148936170212767,-0.44690532056566684,-0.2646163164358902,-0.10883091647300858,-0.5329842931937173,-0.9154518950437318,-0.7763578274760383,1.0250865051903113,-0.13320079522862832,0.049879081015719494,Utilities—Regulated Electric,Utilities,AEE
2015Q3,2015,Q3,2015-11-06,2015-09-30,343000000.0,1833000000.0,626000000.0,1.41,955000000.0,0.5210038188761593,23459000000.0,7014000000.0,1983000000.0,2489000000.0,16303000000.0,548000000.0,1405000000.0,10254702000.0,17341702000.0,28.91178895300907,0.7967055042185617,0.3051707233897438,1.0206729398346164,0.02755538668448489,28.91178895300907,0.04890219560878244,5.594490998363339,7.474272594752188,1.4620333618477332,0.2886297376093295,1.602189781021898,0.009654107939947938,0.07813632294641715,0.3724387304138208,0.014621254102902936,37.56301098901099,0.5210038188761593,1.3114754098360655,3.0259538630899785,-0.20244095086642236,-0.10773908995936675,0.5353697749196141,1.2866666666666666,1.641350210970464,-0.0828877005347594,-0.08395802098950517,-0.10922021844043679,Utilities—Regulated Electric,Utilities,AEE
2015Q2,2015,Q2,2015-08-06,2015-06-30,150000000.0,1401000000.0,237000000.0,0.61,622000000.0,0.4439685938615275,23152000000.0,6764000000.0,1991000000.0,2556000000.0,16246000000.0,500000000.0,1161000000.0,9141168000.0,16401168000.0,27.88128606760099,0.7789514866979655,0.31366620594333106,1.073625073920757,0.010587480393554827,27.88128606760099,0.022176227084565348,6.524745182012848,15.235280000000001,1.3514441159077468,0.6666666666666666,1.558,0.010939521076518887,0.060513130615065656,0.3411580594679186,0.0064789219073946094,315.2126896551724,0.4439685938615275,0.3555555555555555,-0.0302425478370287,-0.19205090393971405,-0.1682019023256069,0.08362369337979095,0.3888888888888889,-0.07421875,-0.28909952606635075,-0.15602409638554215,-0.10469887491727331,Utilities—Regulated Electric,Utilities,AEE
2015Q1,2015,Q1,2015-05-11,2015-03-31,108000000.0,1556000000.0,256000000.0,0.45,574000000.0,0.36889460154241643,22884000000.0,6704000000.0,1993000000.0,2520000000.0,16038000000.0,449000000.0,1111000000.0,10237720000.0,17426720000.0,27.63396537510305,0.7908730158730158,0.3144118161160636,1.0732398568019093,0.01151161954097417,27.63396537510305,0.016109785202863963,6.579511568123393,23.69842592592593,1.5271062052505968,0.9166666666666666,2.1870824053452114,0.009670121863071073,0.06799510575074287,0.3341269841269841,0.0047194546407970635,-75.27735294117647,0.36889460154241643,1.25,0.03700111536782897,-0.2046290447776093,-0.16898744802879578,0.35058823529411764,1.25,1.048,1.2679900744416874,-0.06151990349819063,-0.09795479009687844,Utilities—Regulated Electric,Utilities,AEE
2014Q4,2014,Q4,2015-03-02,2014-12-31,48000000.0,1370000000.0,125000000.0,0.2,425000000.0,0.3102189781021898,22676000000.0,6713000000.0,2046000000.0,2249000000.0,15821000000.0,524000000.0,1103000000.0,11191138000.0,18140138000.0,27.67106347897774,0.9097376611827479,0.3066678426530252,1.0359004915834946,0.006415933794115688,27.67106347897774,0.007150305377625503,8.168713868613139,58.28717708333333,1.6670844629822734,2.0625,1.8034351145038168,0.008846285337559058,0.06041629917092962,0.34415295686971986,0.0021167754454048332,-64.68865895953758,0.3102189781021898,-0.8333333333333334,-0.4049276299998957,-0.19894673376727245,-0.16278560007575313,-0.5109321058688148,-0.8361774744027304,-0.7771836007130125,0.92,-0.13181242078580488,-0.15229195605505758,Utilities—Regulated Electric,Utilities,AEE
2014Q3,2014,Q3,2014-11-10,2014-09-30,293000000.0,1670000000.0,561000000.0,1.2,869000000.0,0.5203592814371257,21876000000.0,6774000000.0,1942000000.0,2119000000.0,14960000000.0,561000000.0,1154000000.0,9298858000.0,15982858000.0,27.922506183017312,0.9164700330344502,0.3061345767050649,0.9886330085621494,0.025156988784675777,27.922506183017312,0.04325361677000295,5.568178443113773,7.934179180887372,1.3727277826985533,0.3310580204778157,1.427807486631016,0.010431388456517995,0.07633936734320716,0.37753657385559225,0.013393673432071677,77.49048333333333,0.5203592814371257,0.9672131147540983,0.1609291413504945,-0.17243180512310402,-0.2228710651614314,0.40387722132471726,0.9664429530201343,0.7422360248447205,0.024256230022707142,-0.26640008084086125,-0.1560748099993392,Utilities—Regulated Electric,Utilities,AEE
2014Q2,2014,Q2,2014-08-11,2014-06-30,149000000.0,1419000000.0,322000000.0,0.61,619000000.0,0.43622269203664554,21588000000.0,6572000000.0,1965000000.0,2312000000.0,14874000000.0,491000000.0,957000000.0,9917488000.0,16608488000.0,27.089859851607585,0.8499134948096886,0.3120715212154901,1.0251065124771759,0.014613269216319783,27.089859851607585,0.022671941570298233,6.98906835799859,16.640080536912752,1.5090517346317711,0.6510067114093959,1.629327902240326,0.009780702532738128,0.06573096164535853,0.43771626297577854,0.006901982582916435,-236.13066666666666,0.43622269203664554,0.5249999999999999,-0.20491643558420153,-0.2580907939131303,-0.1903744138375011,0.11732851985559567,0.5520833333333334,0.3089430894308943,0.073479336176924,-0.20785445711881342,-0.16100742216130587,Utilities—Regulated Electric,Utilities,AEE
2014Q1,2014,Q1,2014-05-12,2014-03-31,96000000.0,1594000000.0,246000000.0,0.4,554000000.0,0.3475533249686324,21166000000.0,6513000000.0,1840000000.0,2725000000.0,14511000000.0,424000000.0,906000000.0,9995120000.0,16543120000.0,26.846661170651277,0.6752293577981652,0.3105924596050269,1.0093658836173807,0.01141675272749945,26.846661170651277,0.014739751266697375,6.2704642409033875,26.028958333333335,1.534641486258253,1.0104166666666667,2.452830188679245,0.009704735911124628,0.07530945856562411,0.3728440366972477,0.004535575923651138,-46.925446009389674,0.3475533249686324,1.6666666666666667,-0.4030625668730595,-0.27059370734922816,-0.19129233380576025,0.2229580573951435,1.5945945945945945,0.43859649122807015,0.3409658279437548,-0.16971689747622049,-0.16384379577233696,Utilities—Regulated Electric,Utilities,AEE
2013Q4,2013,Q4,2014-03-03,2013-12-31,37000000.0,1322000000.0,171000000.0,0.15,453000000.0,0.3426626323751891,21042000000.0,6544000000.0,1972000000.0,2461000000.0,14356000000.0,526000000.0,907000000.0,8772416000.0,15148416000.0,26.97444352844188,0.8013002844372207,0.3044387415644901,0.9789119804400978,0.008986486486486487,26.97444352844188,0.005654034229828851,6.635715582450832,59.273081081081074,1.340528117359413,2.6216216216216215,1.6520912547528517,0.011057387155374302,0.06282672749738619,0.3795205201137749,0.001758387985932896,-129.00611764705883,0.3426626323751891,-0.8790322580645162,-0.4308803748861023,-0.3925230858570933,-0.19845429749935894,-0.47508690614136734,-0.8774834437086093,-0.6984126984126984,-0.2943274779630921,-0.25674523725401127,-0.16040735925703536,Utilities—Regulated Electric,Utilities,AEE
2013Q3,2013,Q3,2013-11-08,2013-09-30,302000000.0,1638000000.0,567000000.0,1.24,863000000.0,0.5268620268620269,22385000000.0,6574000000.0,3273000000.0,3228000000.0,15660000000.0,581000000.0,967000000.0,8452184000.000001,14441184000.0,27.09810387469085,1.0139405204460967,0.2750949296403842,0.9367204137511409,0.027675651646334717,27.09810387469085,0.045938545786431396,5.160063492063492,6.99684105960265,1.2856988135077578,0.3211920529801324,1.333907056798623,0.011476323752535439,0.07317400044672771,0.3014250309789343,0.013491177127540764,50.01292307692308,0.5268620268620269,2.1794871794871793,0.2832913049803599,-0.31072083176590176,-0.19086593144292405,0.5690909090909091,2.1789473684210527,1.1724137931034482,2.7837844508838874,-0.2872876582210583,-0.16371211539676034,Utilities—Regulated Electric,Utilities,AEE
2013Q2,2013,Q2,2013-08-09,2013-06-30,95000000.0,1403000000.0,261000000.0,0.39,550000000.0,0.3920171062009979,22276000000.0,6374000000.0,3408000000.0,3286000000.0,15751000000.0,511000000.0,762000000.0,8236270000.000001,14269270000.0,26.273701566364387,1.0371272063298844,0.2775632968216915,0.9700345152180734,0.012809495676459531,26.273701566364387,0.01490429871352369,5.870470420527442,21.674394736842107,1.2921666143708816,1.0210526315789474,1.6692759295499022,0.01177717583323519,0.06298258215119411,0.2915398660986001,0.004264679475668881,109.81693333333335,0.3920171062009979,1.6500000000000001,-0.6017556567604991,-0.3223844130790412,-0.19255677304483798,0.14107883817427386,1.6551724137931034,0.41081081081081083,-0.38582028029678483,-0.1908975147947315,-0.21616187543220255,Utilities—Regulated Electric,Utilities,AEE
2013Q1,2013,Q1,2013-05-10,2013-03-31,-145000000.0,1475000000.0,185000000.0,-0.6,482000000.0,0.32677966101694916,21952000000.0,6365000000.0,3296000000.0,2577000000.0,15436000000.0,461000000.0,764000000.0,8474018000.0,14471018000.0,26.236603462489693,1.2790065968180053,0.28052113702623904,0.967478397486253,0.00909096493221703,26.236603462489693,-0.022780832678711706,5.7450969491525425,-14.610375862068965,1.3313461115475256,-0.6689655172413793,2.1540130151843817,0.011446754066370878,0.06719205539358601,0.37718277066356226,-0.006605320699708455,91.11847311827957,0.32677966101694916,0.8739495798319329,-1.9039003787471476,-0.38966372395885995,-0.1892835145659462,1.554022988505747,0.8745674740484429,1.1018722466960353,-2.3922700160031036,-0.24603331686823504,-0.21100911496170724,Utilities—Regulated Electric,Utilities,AEE
2012Q4,2012,Q4,2012-12-31,2012-12-31,-1156000000.0,1509000000.0,-1816000000.0,-4.76,-870000000.0,-0.5765407554671969,21835000000.0,6616000000.0,2369000000.0,1698000000.0,15068000000.0,704000000.0,1006000000.0,7452672000.0,14224672000.0,27.271228359439405,1.395170789163722,0.31971605220975496,1.0551692865779927,-0.08046974368252778,27.271228359439405,-0.17472793228536881,4.9388151093439365,-1.6117370242214533,1.1264619105199516,-0.0847750865051903,3.3792613636363638,0.013149646194009343,0.06910922830318296,0.6048292108362779,-0.05294252347149073,-181.77248780487804,-0.5765407554671969,-4.090909090909091,-10.208008915758299,-0.2816059283969869,-0.15706377982597688,-1.636896046852123,-4.090909090909091,-3.8598425196850394,-15.331326244169178,-0.1176719863173825,-0.17488299271580257,Utilities—Regulated Electric,Utilities,AEE
2012Q3,2012,Q3,2012-09-30,2012-09-30,374000000.0,2001000000.0,635000000.0,1.54,1366000000.0,0.6826586706646677,23498000000.0,7874000000.0,2406000000.0,1546000000.0,15472000000.0,756000000.0,2259000000.0,7884500000.0,14578500000.0,32.45671887881286,1.5562742561448901,0.29755723891395014,0.8879857759715519,0.030028909890763497,32.45671887881286,0.04749809499618999,3.940279860069965,5.2703877005347595,1.0013335026670054,0.25935828877005346,0.83994708994709,0.012302619062717991,0.08515618350497915,0.7554980595084088,0.015916248191335435,37.19103773584906,0.6826586706646677,0.7701149425287357,0.3116511021312826,-0.14255637371968927,-0.002662101947668746,0.2067137809187279,0.7725118483412322,0.7493112947658402,0.48186859680916366,-0.0084048155995995,-0.09667652304120333,Utilities—Regulated Electric,Utilities,AEE
2012Q2,2012,Q2,2012-06-30,2012-06-30,211000000.0,1660000000.0,363000000.0,0.87,1132000000.0,0.6819277108433734,22980000000.0,7555000000.0,2154000000.0,1603000000.0,15280000000.0,686000000.0,1983000000.0,8136804000.0,14906804000.0,31.14179719703215,1.3437305053025577,0.29969538729329853,0.9115817339510258,0.019993768176152886,31.14179719703215,0.027928524156187955,4.901689156626506,9.640763033175356,1.077009133024487,0.4597156398104265,0.7696793002915452,0.011921142502633713,0.072236727589208,0.6094822208359326,0.009181897302001741,70.14486206896552,0.6819277108433734,1.5240963855421685,0.25960889893288897,-0.177545061026345,-0.025465971667368012,0.18782791185729275,1.5235732009925558,1.8601895734597156,0.12592370531364755,-0.13208648195616374,-0.06927551682019491,Utilities—Regulated Electric,Utilities,AEE
2012Q1,2012,Q1,2012-03-31,2012-03-31,-403000000.0,1658000000.0,-422000000.0,-1.66,953000000.0,0.5747889022919179,22899000000.0,7432000000.0,2124000000.0,1614000000.0,15320000000.0,625000000.0,1869000000.0,7903908000.0,14677908000.0,30.634789777411378,1.3159851301115242,0.30490414428577667,0.9394510226049516,-0.022136337639219322,30.634789777411378,-0.05422497308934338,4.767133896260555,-4.903168734491315,1.0634967707212055,-0.22332506203473945,1.128,0.011386772214453913,0.0724049085112887,0.5892193308550185,-0.0175990217913446,109.7765,0.5747889022919179,-17.599999999999998,-3.7902264760487667,-0.30066103263840993,-0.03474949397389193,0.05771365149833518,-17.12,-3.8513513513513513,-3.505893599480802,-0.24130763286387721,-0.07718173266458005,Utilities—Regulated Electric,Utilities,AEE
2011Q4,2011,Q4,2011-12-31,2011-12-31,25000000.0,1578000000.0,148000000.0,0.1,901000000.0,0.5709759188846641,23645000000.0,7919000000.0,2295000000.0,1785000000.0,15577000000.0,712000000.0,2369000000.0,8037338000.000001,14786338000.0,32.64220939818632,1.2857142857142858,0.2962148445760203,0.8844551079681778,0.005996674401462391,32.64220939818632,0.003156964263164541,5.093370088719899,80.37338000000001,1.0149435534789746,3.84,0.9508426966292135,0.011944253184325456,0.06673715373229012,0.6280112044817927,0.0010573059843518714,349.4494782608696,0.5709759188846641,-0.9152542372881355,-0.6509804981552308,-0.17047113065249916,0.02443877588717802,-0.3668306394940267,-0.9122807017543859,-0.730909090909091,-0.61545971276088,-0.2748876168551385,-0.03003661092564538,Utilities—Regulated Electric,Utilities,AEE
2011Q3,2011,Q3,2011-11-08,2011-09-30,285000000.0,2268000000.0,550000000.0,1.18,1423000000.0,0.6274250440917107,23356000000.0,7997000000.0,2680000000.0,1848000000.0,15204000000.0,734000000.0,2440000000.0,7195409000.0,13883409000.0,33.08647083160943,1.4502164502164503,0.3087001198835417,0.901588095535826,0.023066862482920877,33.08647083160943,0.03563836438664499,3.1725789241622575,6.311762280701754,0.8997635363261223,0.3263157894736842,1.151226158038147,0.012924908090700613,0.09710566877890049,0.8311688311688312,0.012202431923274533,17.9885225,0.6274250440917107,1.0701754385964912,-0.1713770914497847,0.01155471604927572,0.040394676882770646,0.3007312614259598,1.065217391304348,0.740506329113924,0.21556255932244653,-0.042059682427465765,-0.012056678136097702,Utilities—Regulated Electric,Utilities,AEE
2011Q2,2011,Q2,2011-08-09,2011-06-30,138000000.0,1781000000.0,316000000.0,0.57,1094000000.0,0.6142616507580011,23391000000.0,7788000000.0,2603000000.0,1727000000.0,15448000000.0,654000000.0,2248000000.0,6956208000.0,13974208000.0,32.288557213930346,1.5072379849449913,0.3161899876020692,0.9496661530559836,0.01291420480204727,32.288557213930346,0.017719568567026195,3.90578775968557,12.601826086956523,0.893195685670262,0.6739130434782609,1.0504587155963303,0.013369352957818399,0.07614039587875679,0.8697162709901564,0.0058997050147492625,128.81866666666667,0.6142616507580011,0.9655172413793103,-0.04457387857460675,-0.021512330819023092,0.04458491915912639,0.08316831683168317,0.9436619718309859,0.3920704845814978,-0.41813988310872824,-0.1348266590240446,-0.007708268106438631,Utilities—Regulated Electric,Utilities,AEE
2011Q1,2011,Q1,2011-05-10,2011-03-31,71000000.0,1904000000.0,227000000.0,0.29,1010000000.0,0.5304621848739496,23329000000.0,7725000000.0,2715000000.0,1837000000.0,15449000000.0,572000000.0,2203000000.0,6753642000.0,13792642000.0,32.1072319201995,1.477953184540011,0.3262891679883407,0.9853721682847897,0.00920386411068307,32.1072319201995,0.00919093851132686,3.547080882352941,23.780429577464787,0.8742578640776699,1.3098591549295775,1.562937062937063,0.013770347910060972,0.0816151571006044,0.9205225911812738,0.0030434223498649747,21.856446601941748,0.5304621848739496,0.31818181818181807,-0.13663460396627475,-0.0996139281426064,0.04142557764600225,-0.010773751224289911,0.36538461538461536,0.14646464646464646,-0.5537213728962618,-0.20559991715436432,-0.007879878332005217,Utilities—Regulated Electric,Utilities,AEE
2010Q4,2010,Q4,2011-02-24,2010-12-31,52000000.0,1764000000.0,198000000.0,0.22,1021000000.0,0.578798185941043,23515000000.0,7730000000.0,2894000000.0,1888000000.0,15631000000.0,707000000.0,2225000000.0,6782514000.0,13974514000.0,32.128013300083126,1.5328389830508475,0.32902402721667023,1.0009055627425614,0.00822950244298922,32.128013300083126,0.006727037516170763,3.8449625850340134,32.608240384615385,0.877427425614489,1.6346153846153846,1.050919377652051,0.012532226251210097,0.07501594726770147,0.8908898305084746,0.0022113544546034447,-3391.257,0.578798185941043,1.3142857142857143,1.2131338320864506,-0.1172685570025553,0.03391218162429669,-0.2939142461964039,1.311377245508982,1.2247191011235956,-0.5823558387980665,-0.15322650761033224,-0.0069436647323239545,Utilities—Regulated Electric,Utilities,AEE
2010Q3,2010,Q3,2010-11-08,2010-09-30,-167000000.0,2267000000.0,89000000.0,-0.7,1446000000.0,0.6378473753859727,23631000000.0,7754000000.0,3120000000.0,1914000000.0,15722000000.0,746000000.0,2266000000.0,6796120000.0,13926120000.0,32.40284162139574,1.6300940438871474,0.32745122931742204,0.9979365488779984,0.03489495175526676,32.40284162139574,-0.021537271085891152,2.9978473753859727,-10.17383233532934,0.8764663399535724,-0.5988023952095808,1.1005361930294906,0.014714278146942669,0.09593330794295629,1.0266457680250785,-0.007066988278109264,13.069461538461539,0.6378473753859727,-2.0937499999999996,-1.5079487791773625,0.033561037680386346,0.02287780706946265,0.35520149953139646,-2.098684210526316,-0.7311178247734139,-1.5937604899536215,-0.015177174453699073,-0.004317655328336924,Utilities—Regulated Electric,Utilities,AEE
2010Q2,2010,Q2,2010-08-09,2010-06-30,152000000.0,1704000000.0,331000000.0,0.64,1067000000.0,0.6261737089201878,23915000000.0,7991000000.0,2830000000.0,1760000000.0,15715000000.0,676000000.0,2526000000.0,5666768000.0,13167768000.0,33.519295302013425,1.6079545454545454,0.3348107882082375,1.0020022525341008,0.01347463601017354,33.519295302013425,0.019021399073958202,3.325568075117371,9.320342105263158,0.709143786760105,0.5921052631578947,0.9423076923076923,0.015882068932414384,0.07125235208028434,1.0,0.006355843612795317,42.28931343283582,0.6261737089201878,0.48837209302325585,-0.31175403591510975,-0.10227301506901364,0.06861482627906783,0.047105004906771344,0.49019607843137253,0.11073825503355705,-0.0766180128596237,-0.1408714315206427,0.04893412768917807,Utilities—Regulated Electric,Utilities,AEE
2010Q1,2010,Q1,2010-05-10,2010-03-31,102000000.0,1916000000.0,298000000.0,0.43,1019000000.0,0.5318371607515657,23688000000.0,7901000000.0,2658000000.0,1640000000.0,15578000000.0,635000000.0,2466000000.0,6196608000.0,13783608000.0,33.253367003367,1.6207317073170733,0.33548632218844987,1.0058220478420452,0.011012073259501173,33.253367003367,0.012909758258448298,3.2341377870563672,15.187764705882353,0.7842814833565371,0.9117647058823529,1.4125984251968504,0.015008210943793768,0.08088483620398514,1.0152439024390243,0.004305977710233029,89.80591304347826,0.5318371607515657,0.3030303030303029,-0.30709992486851995,-0.031430541578143074,0.11243278104788902,0.04620123203285421,0.2911392405063291,0.2163265306122449,-0.27892748624455943,-0.17483069092776868,0.047757453545161345,Utilities—Regulated Electric,Utilities,AEE
2009Q4,2009,Q4,2010-02-26,2009-12-31,79000000.0,1675000000.0,245000000.0,0.33,974000000.0,0.5814925373134329,23790000000.0,7853000000.0,2842000000.0,1711000000.0,15730000000.0,782000000.0,2455000000.0,6640920000.0,14185920000.0,33.0513468013468,1.6610169491525424,0.34329550231189576,1.0399847192155864,0.00995283673186295,33.0513468013468,0.010059849738953266,3.9647283582089554,21.015569620253164,0.845653890233032,0.9113924050632911,0.8964194373401535,0.010841871306987586,0.07040773434216058,1.011689070718878,0.0033207229928541404,-30.888,0.5814925373134329,-0.6826923076923076,-0.21764330047462574,-0.06657678479712385,0.07671860388707764,-0.18561872909698995,-0.6519823788546255,-0.4948453608247423,0.12611083512722868,-0.10095034709232248,0.037279089952643056,Utilities—Regulated Electric,Utilities,AEE
2009Q3,2009,Q3,2009-11-09,2009-09-30,227000000.0,1815000000.0,485000000.0,1.04,1196000000.0,0.6589531680440771,23594000000.0,7840000000.0,2780000000.0,1926000000.0,15548000000.0,857000000.0,2467000000.0,5516096000.0,12837096000.0,35.93033913840513,1.4434060228452752,0.3341527506993303,1.0056122448979592,0.01940496224711437,35.93033913840513,0.02895408163265306,3.039171349862259,6.074995594713657,0.7035836734693878,0.3788546255506608,0.7222870478413069,0.015590736636925824,0.07692633720437399,0.8566978193146417,0.009621090107654488,14.631554376657824,0.6589531680440771,0.35064935064935066,-0.13231099276209748,0.22212907846138122,0.15337103903141883,0.09223744292237443,0.37575757575757573,0.3287671232876712,-0.26892852785589827,-0.10330476387002643,0.12981930797153582,Utilities—Regulated Electric,Utilities,AEE
2009Q2,2009,Q2,2009-08-10,2009-06-30,165000000.0,1684000000.0,365000000.0,0.77,1095000000.0,0.6502375296912114,23190000000.0,7147000000.0,2664000000.0,2545000000.0,15836000000.0,733000000.0,2323000000.0,5316504000.0,13480504000.0,33.45973782771536,1.0467583497053046,0.3628719275549806,1.1774170980831118,0.01569867554585667,33.45973782771536,0.023086609766335524,3.1570688836104512,8.055309090909091,0.7438791101161326,0.5454545454545454,0.8035470668485676,0.016928417621805605,0.0726175075463562,0.6601178781925344,0.0071151358344113845,-64.05426506024097,0.6502375296912114,0.16666666666666663,0.1960221862502381,0.25033649344569286,0.12787714042870776,0.06725146198830409,0.1702127659574468,0.13707165109034267,0.28996528729332244,0.04474326446780243,0.08247442901444872,Utilities—Regulated Electric,Utilities,AEE
2009Q1,2009,Q1,2009-05-08,2009-03-31,141000000.0,1916000000.0,321000000.0,0.66,1026000000.0,0.535490605427975,23071000000.0,7061000000.0,2757000000.0,2881000000.0,15798000000.0,657000000.0,2241000000.0,4932513000.0,12905513000.0,33.19699106723084,0.9569593891010066,0.35876208226778206,1.1722135674833594,0.014114511154845693,33.19699106723084,0.019968842940093472,2.5743804801670147,8.745590425531915,0.6985572865033282,0.6382978723404256,1.3546423135464232,0.0182462773032732,0.08304798231546097,0.6063866712946894,0.006111568635949894,44.841027272727274,0.535490605427975,1.4444444444444444,0.19117967807133612,0.29119497438942926,0.07450985014268062,0.03636363636363636,1.4736842105263157,0.8994082840236687,0.9394720934918396,0.024909366348012354,0.07677284931404435,Utilities—Regulated Electric,Utilities,AEE
2008Q4,2008,Q4,2009-03-02,2008-12-31,57000000.0,1908000000.0,169000000.0,0.27,990000000.0,0.5188679245283019,22657000000.0,7158000000.0,2515000000.0,3063000000.0,15478000000.0,842000000.0,2181000000.0,7074402000.0,15090402000.0,33.653032440056414,0.8210904342148221,0.3578584984772918,1.1327186364906399,0.010218786846587188,33.653032440056414,0.00796311818943839,3.70775786163522,31.028078947368417,0.9883210393964795,2.8947368421052633,1.0902612826603326,0.023323526143976554,0.08421238469347221,0.4286647078028077,0.0025157787880125348,-15.27948596112311,0.5188679245283019,-0.7216494845360825,0.22919605077574068,0.49334992988227494,0.29314893172439,-0.14285714285714285,-0.7205882352941176,-0.6051401869158879,1.7441466854724967,0.08003174105665882,0.08298885036510899,Utilities—Regulated Electric,Utilities,AEE
2008Q3,2008,Q3,2008-11-10,2008-09-30,204000000.0,2060000000.0,428000000.0,0.97,1155000000.0,0.5606796116504854,21479000000.0,7043000000.0,2547000000.0,2918000000.0,14412000000.0,956000000.0,2259000000.0,8208009000.0,15821009000.0,33.49025202092249,0.8728581220013708,0.36402998277387216,1.1101803208859862,0.018532645448536632,33.49025202092249,0.02896492971744995,3.9844703883495147,10.05883455882353,1.165413744143121,0.5784313725490197,0.946652719665272,0.014376202560206743,0.09590763070906466,0.33379026730637423,0.009497648866334559,35.68699565217391,0.5606796116504854,-0.01020408163265307,-0.4292620931137337,0.17401243373663725,0.19171382823515704,0.03401969561324977,-0.009708737864077669,-0.02947845804988662,-0.2939474220501325,0.06869863690190722,0.05720467191202032,Utilities—Regulated Electric,Utilities,AEE
2008Q2,2008,Q2,2008-08-08,2008-06-30,206000000.0,1788000000.0,441000000.0,0.98,1117000000.0,0.6247203579418344,21645000000.0,6817000000.0,2766000000.0,3078000000.0,14804000000.0,719000000.0,2188000000.0,8847185000.0,16523185000.0,32.53937947494033,0.898635477582846,0.3641025641025641,1.1560803872671264,0.019017972094581156,32.53937947494033,0.030218571219011295,4.948090044742729,10.736875,1.2978120874284875,0.7184466019417476,0.933240611961057,0.01672848482313866,0.0826056826056826,0.3648473034437947,0.009517209517209517,-82.68397196261682,0.6247203579418344,0.48484848484848475,0.4409720112822738,0.2645023164397025,0.19975937130841298,-0.25033557046979865,0.4927536231884058,0.3824451410658307,0.06142553054247566,0.07192506867204036,0.03737453402707284,Utilities—Regulated Electric,Utilities,AEE
2008Q1,2008,Q1,2008-05-08,2008-03-31,138000000.0,2079000000.0,319000000.0,0.66,1490000000.0,0.7166907166907167,20758000000.0,6754000000.0,2303000000.0,3510000000.0,13981000000.0,556000000.0,2115000000.0,9191148000.0,16511148000.0,32.36224245328222,0.6561253561253562,0.3615955294344349,1.1113414273023394,0.01372043010752688,32.36224245328222,0.020432336393248447,4.4209466089466085,16.65063043478261,1.3608451288125556,0.9637681159420289,1.0593525179856116,0.014470444823649885,0.10015415743327874,0.33048433048433046,0.006648039310145486,-46.89361224489796,0.7166907166907167,0.2692307692307693,0.040301346857254075,0.42861819515342525,0.1835121578427031,0.5767195767195767,0.2777777777777778,0.2608695652173913,0.06726805450506286,0.19650286344741735,0.08262177991195925,Utilities—Regulated Electric,Utilities,AEE
2007Q4,2007,Q4,2008-02-29,2007-12-31,108000000.0,1807000000.0,253000000.0,0.52,945000000.0,0.5229662423907028,20728000000.0,6752000000.0,2480000000.0,2902000000.0,13954000000.0,735000000.0,2110000000.0,11313627000.0,18342627000.0,32.35265931959751,0.8545830461750517,0.3562331146275569,1.0936018957345972,0.012156837620527277,32.35265931959751,0.015995260663507108,6.261,26.188951388888892,1.6755964158767773,1.4166666666666667,1.1727891156462584,0.013523514607649695,0.08717676572751833,0.4427980702963473,0.005210343496719413,-58.61982901554404,0.5229662423907028,-0.559322033898305,3.569657402970771,1.7352159205762077,0.27406135461810255,-0.19368600682593856,-0.5573770491803278,-0.4718162839248434,0.21765836705711192,0.1464257347745934,0.0539573586517753,Utilities—Regulated Electric,Utilities,AEE
2007Q3,2007,Q3,2007-11-09,2007-09-30,244000000.0,1997000000.0,479000000.0,1.18,1172000000.0,0.586880320480721,20405000000.0,6756000000.0,2341000000.0,2504000000.0,13629000000.0,757000000.0,2134000000.0,11073384000.0,17794384000.0,32.543352601156066,0.9349041533546326,0.3377113452585151,1.0199822380106571,0.02289900152390939,32.543352601156066,0.036116044997039666,5.545009514271407,11.345680327868854,1.6390444049733572,0.5409836065573771,1.0898282694848085,0.01192047525851176,0.09786816956628278,0.5519169329073482,0.01195785346728743,217.12517647058823,0.586880320480721,0.7101449275362319,-0.2815751445086705,0.14543413595075458,0.12199995924549817,0.15695952615992104,0.7062937062937062,0.48757763975155277,-0.01970799282439706,0.4133375906882433,0.04464809693492013,Utilities—Regulated Electric,Utilities,AEE
2007Q2,2007,Q2,2007-08-09,2007-06-30,143000000.0,1723000000.0,322000000.0,0.69,1013000000.0,0.587928032501451,20531000000.0,6618000000.0,2565000000.0,2820000000.0,13894000000.0,612000000.0,2023000000.0,10149971000.0,16795971000.0,31.95557701593433,0.9095744680851063,0.3571672105596415,1.1080386823813841,0.014934624125616126,31.95557701593433,0.021607736476276822,5.890871154962275,17.744704545454542,1.533691598670293,0.9230769230769231,1.1601307189542485,0.013004963265412287,0.08392187423895572,0.6294326241134752,0.0069650772003312066,-57.022308988764046,0.587928032501451,0.16949152542372878,-0.13298763462305532,0.08133015136376028,0.21655294518874704,0.05301455301455302,0.16260162601626016,0.11805555555555555,0.06908559690315824,0.3194448635924675,0.07717415513121816,Utilities—Regulated Electric,Utilities,AEE
2007Q1,2007,Q1,2007-05-10,2007-03-31,123000000.0,2019000000.0,288000000.0,0.59,962000000.0,0.4764735017335314,19626000000.0,6557000000.0,1860000000.0,2249000000.0,13051000000.0,489000000.0,2011000000.0,10391980000.0,16746980000.0,31.737657308809293,0.8270342374388617,0.33200856007337204,0.9937471404605764,0.01396756200905147,31.737657308809293,0.01875857861827055,5.147092620108965,21.12191056910569,1.584868079914595,1.065040650406504,2.1615541922290387,0.012605874915078745,0.10287373891776215,0.5518008003557137,0.006267196575970651,-384.88814814814816,0.4764735017335314,0.9666666666666667,0.40967561980081063,0.22441189621417,0.18708185436162197,0.15347721822541965,1.0163934426229508,0.8701298701298701,0.06979471262761856,0.4007796180007134,0.02727459032970465,Utilities—Regulated Electric,Utilities,AEE
