Quarters,Year,Quarter,FillingDate,Date,NetIncome,Revenue,OperatingIncome,EPSDiluted,GrossProfit,GrossProfitRatio,TotalAssets,CommonStockEquity,CurrentAssets,CurrentLiability,TotalLiability,Inventory,RetainedEarnings,MarketCap,EnterpriseValue,bookValuePerShare,currentRatio,debtToAssets,debtToEquity,roic,shareholdersEquityPerShare,roe,priceToSalesRatio,peRatio,pbRatio,payoutRatio,inventoryTurnover,dividendYield,assetTurnover,quickRatio,returnOnAssets,priceToFreeCashFlowsRatio,grossProfitMargin,epsdilutedGrowth,fiveYNetIncomeGrowthPerShare,fiveYRevenueGrowthPerShare,fiveYShareholdersEquityGrowthPerShare,grossProfitGrowth,netIncomeGrowth,operatingIncomeGrowth,threeYNetIncomeGrowthPerShare,threeYRevenueGrowthPerShare,threeYShareholdersEquityGrowthPerShare,Industry,Sector,Symbol
2023Q2,2023,Q2,2023-04-27,2023-03-31,294900000.0,2275400000.0,262100000.0,2.59,932500000.0,0.409818054,11469100000.0,3155500000.0,3830100000.0,2115000000.0,8033600000.0,1328500000.0,8824200000.0,33688060000.0,37477260000.0,27.48693379790941,1.810921985815603,0.37014238257579063,1.3453335446046586,0.028733166850386547,27.48693379790941,0.09345587070194898,14.805335325657028,28.558884367582227,10.675981619394706,0.4594777890810444,1.010839292435077,0.004022196588346138,0.1983939454708739,1.182789598108747,0.025712566809950214,216.5042416452442,0.409818053968533,-0.21752265861027195,0.418614191159571,0.5074331499886893,0.7727096605704179,0.14614060963618486,-0.23203125,-0.27476480354178195,1.2540285809168878,0.36750411526173005,4.136089433887712,Specialty Industrial Machinery,Industrials,ROK
2023Q1,2023,Q1,2023-01-26,2022-12-31,384000000.0,1981000000.0,361400000.0,3.31,813600000.0,0.4107016658,11149800000.0,2914800000.0,3859500000.0,3746700000.0,7949200000.0,1270500000.0,8659900000.0,29569036000.0,33480136000.0,25.390243902439025,1.0301064937144688,0.3920339378284812,1.499622615616852,0.038318843006863466,25.390243902439025,0.13174145738987236,14.926318021201414,19.250674479166666,10.144447646493756,0.35390625,0.9188508461235734,0.004596024030002196,0.1776713483649931,0.6137134011263246,0.034440079642684175,702.3523990498812,0.41070166582534073,0.13745704467353947,2.808094377332461,0.389806597863817,0.5047247439601286,-0.08212996389891697,0.14285714285714285,-0.039851222104144525,0.24560815243537967,0.18523626465115958,3.097142565567915,Specialty Industrial Machinery,Industrials,ROK
2022Q4,2022,Q4,2022-11-08,2022-09-30,336000000.0,2126300000.0,376400000.0,2.91,886400000.0,0.4168743827,10758700000.0,2725600000.0,3281600000.0,1996400000.0,7742000000.0,1054200000.0,8411800000.0,24780672000.0,28389672000.0,23.65972222222222,1.6437587657784012,0.38105904988520917,1.5041458761373643,0.043964701201720746,23.65972222222222,0.12327560904021133,11.654362977942906,18.438000000000002,9.091822717933667,0.38392857142857145,1.1761525327262379,0.00520566996730355,0.19763540204671567,1.1157082748948106,0.031230539005641947,69.10393753485778,0.4168743827305648,0.14117647058823543,0.8304007820136852,0.4212524987506247,0.14052723131601347,0.10468594217347957,0.12789526686807653,-0.009994739610731194,40.66152263374485,0.2342669822210664,5.772463783055692,Specialty Industrial Machinery,Industrials,ROK
2022Q3,2022,Q3,2022-07-27,2022-06-30,297900000.0,1968700000.0,380200000.0,2.55,802400000.0,0.4075786052,10799900000.0,2391200000.0,3492300000.0,3281200000.0,8114300000.0,989100000.0,8072800000.0,23119960000.0,27069460000.0,20.613793103448277,1.0643362184566623,0.41041120751118065,1.8536299765807962,0.04528722136326387,20.613793103448277,0.12458179993308799,11.743770000507949,19.402450486740516,9.668768819003011,0.43705941591137965,1.1791527651400262,0.005631497632348845,0.18228872489560088,0.6659453858344508,0.02758358873693275,70.78983466013472,0.407578605170925,5.071428571428571,0.519777193733009,0.3622152316222767,0.21486214157879746,0.20825176931185063,5.030364372469635,0.7942425672487022,0.1495322255494288,0.19260177429542388,1.0855782814377506,Specialty Industrial Machinery,Industrials,ROK
2022Q2,2022,Q2,2022-05-03,2022-03-31,49400000.0,1808100000.0,211900000.0,0.42,664100000.0,0.3672916321,10715500000.0,2632200000.0,3284900000.0,3027600000.0,7785600000.0,931200000.0,8035100000.0,32539485999.999996,36578186000.0,22.652323580034423,1.084984806447351,0.41824459894545285,1.70264417597447,0.03401069057246009,22.652323580034423,0.018767570853278626,17.996507936507935,164.673512145749,12.36208722741433,2.633603238866397,1.2285223367697595,0.003998219271195618,0.16873687648733143,0.6657088122605364,0.004610144183659185,708.9212636165577,0.3672916320999945,-0.7941176470588236,-0.7109673995976367,0.28978313769263514,0.327883001170471,-0.11346949672940862,-0.7932189200502302,-0.32666031140768986,-0.8545689431566066,0.11135761996937793,1.006417127157565,Specialty Industrial Machinery,Industrials,ROK
2022Q1,2022,Q1,2022-01-27,2021-12-31,238900000.0,1857300000.0,314700000.0,2.04,749100000.0,0.4033274108,10743300000.0,2504900000.0,3132300000.0,2914100000.0,7936500000.0,868900000.0,8111700000.0,40466600000.0,44398000000.0,21.59396551724138,1.0748773206135684,0.41620358735211715,1.7850612798914127,0.03609673141202218,21.59396551724138,0.09537306878518105,21.7878641038066,42.34679782335705,16.15497624655675,0.544579321892005,1.275405685349292,0.003214997059303228,0.17287984138951717,0.6957208057376205,0.022237115225303212,-824.1670061099796,0.4033274107575513,2.044776119402985,0.23357749109422948,0.3816266072232621,0.3548225689007474,0.04128440366972477,2.043312101910828,0.15613519470977222,2.06598676057457,0.1654650020461211,1.0257618140141849,Specialty Industrial Machinery,Industrials,ROK
2021Q4,2021,Q4,2021-11-09,2021-09-30,78500000.0,1807800000.0,272200000.0,0.67,719400000.0,0.3979422502489213,10701600000.0,2389600000.0,3063400000.0,2992200000.0,8007500000.0,798100000.0,8000400000.0,34108640000.000004,37824240000.0,20.6,1.0237952008555578,0.40907901622187337,1.8320220957482425,0.6585440444535682,20.6,0.03285068630733177,18.867485341298817,108.62624203821657,14.273786407766991,1.5821656050955415,1.363738879839619,0.003641306132405162,0.16892801076474545,0.697379854287815,0.007335351723106825,212.64738154613468,0.3979422502489213,-0.7112068965517242,-0.5304586839949356,0.30157678050354775,0.33013416411235624,-0.05886970172684458,-0.7106524143015113,-0.16885496183206106,-0.7630780771799702,0.09122917725872529,0.5422936630602784,Specialty Industrial Machinery,Industrials,ROK
2021Q3,2021,Q3,2021-07-27,2021-06-30,271300000.0,1848200000.0,327500000.0,2.32,764400000.0,0.4135916026404069,8573100000.0,2269600000.0,3286200000.0,2456300000.0,5995000000.0,734400000.0,7921900000.0,33185677006.44,34631577006.44,19.56117971840761,1.3378658958596263,0.27524466062451153,1.0396986253084244,0.05634566983551298,19.56117971840761,0.11953648219950652,17.95567417294665,30.580240514596387,14.621817503718717,0.4577957980095835,1.4757625272331154,0.003742578461662777,0.21558129498081208,0.9546472336440989,0.03164549579498664,75.93976431679634,0.4135916026404069,-0.34463276836158196,0.5841513370927827,0.39840099438814947,0.19323909090089308,-0.003909304143862392,-0.3462650602409639,-0.05374169315226813,0.450117063259858,0.15495427937235134,0.6682245011246745,Specialty Industrial Machinery,Industrials,ROK
2021Q2,2021,Q2,2021-04-28,2021-03-31,415000000.0,1776100000.0,346100000.0,3.54,767400000.0,0.43207026631383366,8317700000.0,1817200000.0,2969500000.0,2139800000.0,6189000000.0,681100000.0,7899300000.0,30817584000.0,32548484000.0,15.652024117140396,1.3877465183662026,0.2852711687125047,1.3057451023552717,0.06135435759860576,15.652024117140396,0.22837332159366058,17.351266257530543,18.564809638554216,16.95882896764253,0.29975903614457833,1.4809866392600206,0.004036656475082537,0.21353258713346238,0.9816805308907375,0.04989360039433978,137.63994640464492,0.43207026631383366,-0.300395256916996,1.7715931427135885,0.3835826799302448,-0.07975803350418352,0.18700696055684454,-0.30052250126411595,0.2728944464876793,0.9740006552747345,0.16347589634078144,0.009443052613103003,Specialty Industrial Machinery,Industrials,ROK
2021Q1,2021,Q1,2021-01-26,2020-12-31,593300000.0,1565300000.0,271900000.0,5.06,646500000.0,0.41301986839583466,8171000000.0,1557600000.0,2932100000.0,2188600000.0,6297200000.0,640600000.0,7608800000.0,29119041000.0,30519441000.0,13.416020671834625,1.3397148862286392,0.2607759148207074,1.3680020544427325,0.056559307125360836,13.416020671834625,0.3809065228556754,18.602849932920208,12.269948171245575,18.69481317411402,0.20950615203101297,1.4342803621604745,0.004268684535318317,0.1915677395667605,1.578360595814676,0.07261045159711174,91.16794301815905,0.41301986839583466,1.2488888888888887,2.6205107591884493,0.24203768646002793,-0.21163661776342813,0.011262318160488035,1.2584697373429767,-0.04563004563004563,3.7623193645786426,0.0858682806412838,-0.20491436206916805,Specialty Industrial Machinery,Industrials,ROK
2020Q4,2020,Q4,2020-11-10,2020-09-30,262700000.0,1570000000.0,284900000.0,2.25,639300000.0,0.4071974522292994,7264700000.0,1027800000.0,2685800000.0,1810800000.0,5917900000.0,584000000.0,7139800000.0,25643016000.0,26937716000.0,8.845094664371773,1.483211840070687,0.27520751028948204,1.9452228059933838,0.07393821276666102,8.845094664371773,0.25559447363300253,16.333131210191084,24.40332698896079,24.94942206654991,0.45108488770460603,1.5936643835616437,0.00462114128852862,0.2161135353146035,1.07891539650983,0.0361611628835327,84.40755760368664,0.4071974522292994,-0.1758241758241758,0.4869561276829697,0.11283436344801559,-0.48108359909481446,0.15355467340310358,-0.17337948395217118,0.5483695652173913,0.4187743853503668,0.040381702436217366,-0.573618353016468,Specialty Industrial Machinery,Industrials,ROK
2020Q3,2020,Q3,2020-07-28,2020-06-30,317800000.0,1394000000.0,184000000.0,2.73,554200000.0,0.3975609756097561,7329500000.0,770500000.0,2942500000.0,2242100000.0,6240400000.0,674800000.0,6877200000.0,24644100000.0,26131500000.0,6.659464131374244,1.31238570982561,0.32706187325192715,3.111226476314082,0.04927540493518587,6.659464131374244,0.4124594419208306,17.678694404591106,19.386485210824418,31.984555483452304,0.3713027061044682,1.2445168938944873,0.004788164307075527,0.19019032676171635,0.9421970474109094,0.043359028583122995,79.26696687037632,0.3975609756097561,1.4159292035398232,0.7872671583597426,0.02574791926107911,-0.6505980152686986,-0.20692615912993703,1.4039334341906202,-0.46943483275663206,0.6255036274239072,-0.03293961116253893,-0.6075282789631207,Specialty Industrial Machinery,Industrials,ROK
2020Q2,2020,Q2,2020-04-28,2020-03-31,132200000.0,1681300000.0,346800000.0,1.13,698800000.0,0.41563076191042647,6665900000.0,620800000.0,2758200000.0,1762000000.0,5728000000.0,629000000.0,6795800000.0,17505560000.0,18915460000.0,5.3517241379310345,1.5653802497162315,0.307790395895528,3.3049291237113403,0.08927542063328997,5.3517241379310345,0.21295103092783504,10.411919348123476,33.104311649016644,28.19838917525773,0.8956127080181543,1.5620031796502385,0.006763565404362957,0.25222400576066245,1.1026674233825198,0.01983228071228191,88.50131445904954,0.41563076191042647,-0.5751879699248121,-0.2554903509708738,0.25775344793010063,-0.7193813470485096,-0.005832977663963579,-0.5745091728355327,0.15715715715715717,-0.22518240338458734,0.20139992470942686,-0.686281034940897,Specialty Industrial Machinery,Industrials,ROK
2020Q1,2020,Q1,2020-01-29,2019-12-31,310700000.0,1684500000.0,299700000.0,2.66,702900000.0,0.4172751558325913,7107900000.0,717000000.0,3007500000.0,2067500000.0,6071400000.0,625300000.0,6782000000.0,23448919000.0,24800219000.0,6.197061365600692,1.4546553808948004,0.3204181263101619,3.176429567642957,0.08460442334939872,6.197061365600692,0.43333333333333335,13.920403086969428,18.86781380753138,32.70421059972106,0.3794657225619569,1.569806492883416,0.005027950328968257,0.23698982821930528,1.0758403869407498,0.043711926166659636,120.80844410097887,0.4172751558325913,37.0,0.6980417685351294,0.2525137906509554,-0.673288269025467,-0.027666343892654585,37.358024691358025,-0.056954059156702326,0.6084818697634014,0.2563315755686832,-0.6111914417814964,Specialty Industrial Machinery,Industrials,ROK
2019Q4,2019,Q4,2019-11-12,2019-09-30,8100000.0,1730200000.0,317800000.0,0.07,722900000.0,0.4178129695988903,6113000000.0,404200000.0,2985700000.0,1936800000.0,5708800000.0,575700000.0,6440200000.0,19067360000.0,20305860000.0,3.4935177182368196,1.5415634035522512,0.36919679371830527,5.583621969322118,0.017151361978768973,3.4935177182368196,0.02003958436417615,11.020321350132933,588.4987654320988,47.17308263236022,13.938271604938272,1.7496960222338023,0.005921113358115649,0.2830361524619663,1.1548430400660883,0.0013250449860952068,42.28733643823464,0.4178129695988903,-0.9681818181818183,-0.9615191736876181,0.1472881520857245,-0.8203363785850896,-0.010132822127892648,-0.9690130068859985,-0.13781877373846987,-0.9514248886018245,0.24893647212200334,-0.7744248898078331,Specialty Industrial Machinery,Industrials,ROK
2019Q3,2019,Q3,2019-07-25,2019-06-30,261400000.0,1665100000.0,368600000.0,2.2,730300000.0,0.43859227674013573,6158800000.0,1156500000.0,2945800000.0,1952500000.0,5002300000.0,656300000.0,6431600000.0,19259457544.0,20711157544.0,9.883969969824193,1.5087323943661972,0.36378840033772814,1.9373108517077389,0.08825097147287067,9.883969969824193,0.22602680501513187,11.566547080655816,18.419527107880644,16.653227448335493,0.43764345830145374,1.4243486210574432,0.005939938845039778,0.27036110930700785,1.0939820742637645,0.042443333116840946,59.55305363017934,0.43859227674013573,-0.23611111111111102,0.5423771761575406,0.1894633706515554,-0.49934732249825137,0.03120587404687941,-0.2445086705202312,0.14047029702970298,0.5135351712147831,0.24928964067722045,-0.39707423013008136,Specialty Industrial Machinery,Industrials,ROK
2019Q2,2019,Q2,2019-04-25,2019-03-31,346000000.0,1657200000.0,323200000.0,2.88,708200000.0,0.42734733285059134,6254200000.0,1336300000.0,2976800000.0,1871900000.0,4917900000.0,665400000.0,6398000000.0,21412876475.489998,22863976475.489998,11.28993730836286,1.5902558897376997,0.3567362732243932,1.6696101174885878,0.07790003824114794,11.28993730836286,0.2589238943351044,12.921117834594495,15.471731557434971,16.02400394783357,0.33410404624277457,1.426209798617373,0.00539862078466292,0.2649739375139906,1.1467492921630429,0.05532282306290173,204.12656316005717,0.42734733285059134,3.3636363636363633,1.2446483267307924,0.21112001963368737,-0.4316607791744757,-0.041288750507648575,3.3088418430884183,-0.08181818181818182,1.2666124082393069,0.26628775944025423,-0.3362216904020164,Specialty Industrial Machinery,Industrials,ROK
2019Q1,2019,Q1,2019-01-31,2018-12-31,80300000.0,1642300000.0,352000000.0,0.66,738700000.0,0.44979601777994277,5935400000.0,1274300000.0,2737900000.0,2265500000.0,4661100000.0,627200000.0,6167600000.0,17988976003.68,19223376003.68,10.659676457446627,1.2085190907084529,0.3145028136267143,1.4648826806874362,0.07449435051476835,10.659676457446627,0.0630149886212038,10.953526154588078,56.00552927671233,14.116751160386093,1.455790784557908,1.440688775510204,0.0064984243670171,0.27669575765744514,0.857294195541823,0.013528995518414935,105.817505904,0.44979601777994277,-0.7642857142857142,-0.5294190260255042,0.19782830436236432,-0.44960050338436114,0.008326508326508327,-0.7678519803411391,0.11994909322303532,-0.5241001157362682,0.26559351573207796,-0.3736072125184802,Specialty Industrial Machinery,Industrials,ROK
2018Q4,2018,Q4,2018-11-09,2018-09-30,345900000.0,1729500000.0,314300000.0,2.8,732600000.0,0.4235906331309627,6262000000.0,1617500000.0,2830700000.0,2236900000.0,4644500000.0,581600000.0,6198100000.0,22768011000.0,23925411000.0,13.356729975227084,1.2654566587688318,0.2836473969977643,1.0981143740340031,0.06650355297858054,13.356729975227084,0.2138485316846986,13.164504770164788,16.455630962705982,14.076050077279753,0.32523850823937556,1.7140646492434664,0.004941143080087233,0.2761897157457681,0.9387098216281461,0.055237943149153625,72.07347578347579,0.4235906331309627,0.772151898734177,0.8427424257359097,0.1562115878677548,-0.28244061359155215,-0.012269111500606715,0.7416918429003021,-0.07422680412371134,0.8786705571506104,0.17628735040254384,-0.2163988617865713,Specialty Industrial Machinery,Industrials,ROK
2018Q3,2018,Q3,2018-07-27,2018-06-30,198600000.0,1698700000.0,339500000.0,1.58,741700000.0,0.43662800965444165,5837600000.0,1444200000.0,3375800000.0,1753600000.0,4393400000.0,570300000.0,5851500000.0,20473693514.19,20761493514.19,11.725747766694449,1.9250684306569343,0.21034329176373853,0.8502285002077274,0.10024970427878348,11.725747766694449,0.13751557955961777,12.0525657939542,25.77252456469033,14.176494608911506,0.5780463242698892,1.6780641767490794,0.005607195395419684,0.2909928737837467,1.5043339416058394,0.034020830478278745,63.84064083002806,0.43662800965444165,-0.10734463276836155,0.09769522178814062,0.17752663448143122,-0.19015771475455107,0.05836187214611872,-0.1266490765171504,0.08953786906290115,0.049207514852742454,0.17419742543123365,-0.3847854029516019,Specialty Industrial Machinery,Industrials,ROK
2018Q2,2018,Q2,2018-05-02,2018-03-31,227400000.0,1651200000.0,311600000.0,1.77,700800000.0,0.42441860465116277,6513600000.0,1947200000.0,3940900000.0,1877800000.0,4566400000.0,570400000.0,5880900000.0,21876106376.8,21980506376.8,15.505603883867105,2.0986793055703483,0.23616740358634242,0.790006162695152,0.06785486851018686,15.505603883867105,0.11678307313064913,13.248610935562015,24.050248875109936,11.234647892769104,0.46701846965699206,1.6661991584852736,0.00485461161007276,0.25350036845983787,1.7096602407072106,0.03491156963890936,60.88535033899248,0.42441860465116277,1.9567645143068726,0.4377147154753526,0.2058822672514443,0.07176557421425439,0.005307703342418591,1.9619289340101522,0.012345679012345678,0.18294744133945254,0.14100118870408837,-0.186960769474128,Specialty Industrial Machinery,Industrials,ROK
2018Q1,2018,Q1,2018-01-31,2017-12-31,-236400000.0,1586600000.0,307800000.0,-1.849985,697100000.0,0.43936720030253373,7158700000.0,2156200000.0,4533900000.0,2286600000.0,5002500000.0,570800000.0,5759700000.0,25090547443.5,25622847443.5,16.873680056338465,1.982812909997376,0.2904577646779443,0.9643354048789538,-0.057688162806316085,16.873680056338465,-0.10963732492347648,15.81403469273919,-26.533996873413706,11.63646574691587,-0.4538917089678511,1.5583391730903995,0.0042765109147826635,0.2216324192940059,1.660718971398583,-0.03302275552823837,140.4845881494961,0.43936720030253373,-2.1783343949044585,-2.602446230389213,0.16561182967016752,0.19880241580904948,0.07626987802995214,-2.155425219941349,0.3852385238523852,-2.1697921837374516,0.06815205003125699,-0.11041235613415205,Specialty Industrial Machinery,Industrials,ROK
2017Q4,2017,Q4,2017-11-15,2017-09-30,204600000.0,1667500000.0,222200000.0,1.57,647700000.0,0.38842578710644676,7161700000.0,2663600000.0,4420700000.0,2145800000.0,4498100000.0,558700000.0,6103400000.0,22882164000.0,23315064000.0,20.74454828660436,2.060164041383167,0.25745283940963737,0.6922210542123441,0.03687790599719867,20.74454828660436,0.07681333533563599,13.722437181409296,27.959633431085045,8.590690794413577,0.47653958944281527,1.8253087524610703,0.004260960632919159,0.23283577921443233,1.7107838568366112,0.028568635938394517,364.9467942583732,0.38842578710644676,-0.05988023952095801,0.1412162938562893,0.09107515950754862,0.5661758656733216,-0.04426737494466578,-0.056708160442600276,-0.23616363011344105,-0.12414273850189206,-0.003653547516967128,0.06684464496400284,Specialty Industrial Machinery,Industrials,ROK
2017Q3,2017,Q3,2017-08-02,2017-06-30,216900000.0,1599200000.0,290900000.0,1.67,677700000.0,0.4237743871935968,7215500000.0,2178000000.0,4456500000.0,2196200000.0,5037500000.0,585500000.0,5898700000.0,20789054088.48,21081854088.48,16.9680101123731,2.02918677716055,0.255311482225764,0.845821854912764,0.05686519489620893,16.9680101123731,0.09958677685950414,12.999658634617308,23.96156533941909,9.545020242644629,0.450437989857077,1.573868488471392,0.004699588523084331,0.22163398239900214,1.6967944631636462,0.03006028688240593,72.89289652342215,0.4237743871935968,0.15172413793103448,0.25071239633097286,0.12697799137848656,0.2457764659224753,0.03229246001523229,0.1445910290237467,0.1763040841083704,0.16662644712413002,0.04135975972687275,-0.14051947541606685,Specialty Industrial Machinery,Industrials,ROK
2017Q2,2017,Q2,2017-05-05,2017-03-31,189500000.0,1554300000.0,247300000.0,1.45,656500000.0,0.42237663256771535,7065000000.0,2197800000.0,4317400000.0,2025400000.0,4867200000.0,543200000.0,5877100000.0,20060960756.84,20483560756.84,17.05897549713897,2.1316283203317865,0.2637508846426044,0.8478478478478478,0.050105455570158684,17.05897549713897,0.08622258622258622,12.906749505783955,26.465647436464383,9.127746272108473,0.5171503957783641,1.6527982326951398,0.004885109999858099,0.22,1.7853757282512097,0.026822363765038923,73.48337273567766,0.42237663256771535,-0.12121212121212119,0.2510724311981402,0.1029842715679679,0.19902705701033915,0.02210804919819399,-0.11737307871448532,-0.0918105031215571,0.12942823039260357,0.04357656972107186,-0.14124546688633705,Specialty Industrial Machinery,Industrials,ROK
2017Q1,2017,Q1,2017-02-02,2016-12-31,214700000.0,1490300000.0,272300000.0,1.65,642300000.0,0.4309870495873314,7094300000.0,2049700000.0,4487200000.0,2203900000.0,5044600000.0,541700000.0,5785600000.0,17283814195.2,17588714195.2,15.938593003187066,2.0360270429692817,0.267750165625925,0.9267209835585696,0.05746781681705485,15.938593003187066,0.10474703615163194,11.597540223579145,20.125540516068934,8.432362880031224,0.4541220307405682,1.5654421266383607,0.005641115953854523,0.2100700562423354,1.5967602885793366,0.03026373285595478,63.68391376271187,0.4309870495873314,0.15384615384615383,0.29694363399518753,0.11958534458685934,0.2236148420452173,-0.014726184997699034,0.15928725701943844,0.0900720576461169,0.1696022717667109,0.010422758143217801,-0.17703003456663505,Specialty Industrial Machinery,Industrials,ROK
2016Q4,2016,Q4,2016-11-15,2016-09-30,185200000.0,1538600000.0,249800000.0,1.43,651900000.0,0.4236968672819446,7101200000.0,1990100000.0,4185000000.0,1975900000.0,5111100000.0,526600000.0,5668400000.0,15720690000.0,16159190000.0,15.48715953307393,2.1180221671137205,0.2766997127246099,0.9873373197326768,0.049376678003222194,15.48715953307393,0.09306065021858198,10.217528922396983,21.2212338012959,7.899447263956585,0.5048596112311015,1.683820736802127,0.0059475760923979794,0.21666760547513098,1.7754947112708133,0.02608009913817383,67.03918976545842,0.4236968672819446,-0.02054794520547947,0.016970921627531152,0.030623813897563572,0.2616014696284358,0.05690661478599222,-0.030366492146596858,-0.07515734912995187,-0.07018602221856757,-0.03064357119384291,-0.16798821924425886,Specialty Industrial Machinery,Industrials,ROK
2016Q3,2016,Q3,2016-08-03,2016-06-30,191000000.0,1474000000.0,270100000.0,1.46,616800000.0,0.41845318860244235,6855700000.0,2121300000.0,4153900000.0,1699300000.0,4734400000.0,556300000.0,5482800000.0,14857716381.859999,15224216381.859999,16.393344693089933,2.444477137644913,0.2736117391367767,0.8842690802809597,0.051155894999697214,16.393344693089933,0.0900391269504549,10.079861860149252,19.447272751125652,7.004061840314901,0.493717277486911,1.5408952004314218,0.006346870378757009,0.2150035736686261,2.033307832636968,0.02786002888107706,59.62165482287319,0.41845318860244235,0.14062499999999994,0.17762295023604435,0.07591593009218864,0.23751141739420362,0.03820905571452617,0.13690476190476192,0.14740866610025488,0.004819763176810095,-0.027468207597853105,0.1322112664556221,Specialty Industrial Machinery,Industrials,ROK
2016Q2,2016,Q2,2016-05-04,2016-03-31,168000000.0,1440300000.0,235400000.0,1.28,594100000.0,0.412483510379782,6539600000.0,2215600000.0,4063000000.0,1504900000.0,4324000000.0,569700000.0,5480100000.0,14817477902.5,15211977902.5,17.008596311621865,2.699847165924646,0.2738393785552633,0.8082686405488355,0.045488508708646805,17.008596311621865,0.0758259613648673,10.287771924251892,22.049818307291666,6.687794684284167,0.5642857142857143,1.4853431630682816,0.006397849932612714,0.22024282830754174,2.218021130972158,0.025689644626582665,73.31755518307769,0.412483510379782,-0.08571428571428563,0.11846581341645429,0.08980544752425046,0.32181170894333155,-0.030357434307165008,-0.09433962264150944,-0.06882911392405064,0.02397777895633708,0.014044893827785416,0.17565417825942034,Specialty Industrial Machinery,Industrials,ROK
2016Q1,2016,Q1,2016-02-03,2015-12-31,185500000.0,1426600000.0,252800000.0,1.4,612700000.0,0.42948268610682744,6419700000.0,2236500000.0,3957200000.0,1383400000.0,4183200000.0,562200000.0,5406700000.0,13485321828.36,13690021828.36,17.01755938203729,2.860488651149342,0.25762886116173656,0.7395036887994635,0.05088170623934991,17.01755938203729,0.08294209702660407,9.452770102593579,18.17428817838275,6.029654293923541,0.5153638814016173,1.4477054429028815,0.007089189358384505,0.2222222222222222,2.338875234928437,0.028895431250681496,93.25948705643154,0.42948268610682744,-0.06666666666666672,0.3385585273012282,0.13132987239174057,0.5272582533842622,-0.0775368864799759,-0.07848981619473423,-0.16705107084019769,0.22260878293657702,0.01905193954822832,0.20902442325833367,Specialty Industrial Machinery,Industrials,ROK
2015Q4,2015,Q4,2015-11-17,2015-09-30,201300000.0,1607500000.0,303500000.0,1.5,664200000.0,0.41318818040435457,6404700000.0,2256800000.0,4048000000.0,1327700000.0,4147900000.0,535600000.0,5316900000.0,13434628000.0,14230128000.0,17.045317220543808,3.048881524440762,0.23434352897091199,0.6650567174760723,0.05829507310305629,17.045317220543808,0.08919709322935129,8.357466874027994,16.684833581718827,5.9529546260191415,0.431197218082464,1.7612023898431666,0.006460915776752434,0.25098755601355255,2.4028018377645552,0.03143004356175933,43.57647745702238,0.41318818040435457,-0.013157894736842117,0.6483021869671861,0.2736817474560482,0.6614184727149207,-0.02064287820701858,-0.023289665211062592,0.005632869449966865,0.08888783987915407,0.020039162357657528,0.28689061264352994,Specialty Industrial Machinery,Industrials,ROK
2015Q3,2015,Q3,2015-08-04,2015-06-30,206100000.0,1575200000.0,301800000.0,1.52,678200000.0,0.43054850177755205,6406500000.0,2556000000.0,4174900000.0,1416000000.0,3850500000.0,599400000.0,5115300000.0,16714922731.84,17230522731.84,19.05960590491646,2.9483757062146894,0.2329196909388902,0.5838028169014085,0.05398838931146724,19.05960590491646,0.08063380281690141,10.611301886642966,20.275258044444445,6.539484636870109,0.4240659873847647,1.4964964964964964,0.005228860545882936,0.24587528291578864,2.289618644067797,0.032170451884804496,64.0173218377633,0.43054850177755205,0.006622516556291397,0.8303170629158663,0.3171488711027854,0.9696772962784306,0.0074272133095662505,0.0004854368932038835,0.03782668500687758,0.13751183061286487,0.06249864522156916,0.3993396001566382,Specialty Industrial Machinery,Industrials,ROK
2015Q2,2015,Q2,2015-05-06,2015-03-31,206000000.0,1550800000.0,290800000.0,1.51,673200000.0,0.43409852979107555,6280200000.0,2566500000.0,4046000000.0,1279300000.0,3713700000.0,595600000.0,5083800000.0,15609343346.939999,16346543346.939999,19.071163237520672,3.1626670835613226,0.23970574185535493,0.5865575686732905,0.05320707480150977,19.071163237520672,0.0802649522696279,10.065349075922104,18.943377848228156,6.081957275254237,0.4262135922330097,1.473472128945601,0.0056248362310008385,0.24693481099328046,2.4215586648948646,0.032801503136842776,58.41820114872754,0.43409852979107555,-0.032051282051282076,0.5866126495766043,0.405207822366304,0.9080569151891325,-0.0208,-0.03828197945845005,-0.03260146373918829,0.30200184187918,0.053565166526247654,0.3404580324465132,Specialty Industrial Machinery,Industrials,ROK
2015Q1,2015,Q1,2015-02-05,2014-12-31,214200000.0,1574400000.0,300600000.0,1.56,687500000.0,0.43667428861788615,6202000000.0,2569100000.0,3932500000.0,1770800000.0,3632900000.0,593500000.0,4965700000.0,15061378693.6,15183078693.6,18.967979347162625,2.2207476846622995,0.22792647533053853,0.5502315986143007,0.0562332260941616,18.967979347162625,0.08337550114826203,9.566424475101627,17.5786399318394,5.862511655287844,0.41129785247432304,1.4943555181128896,0.005849398105728272,0.253853595614318,1.7051050372712897,0.0345372460496614,66.00078305696758,0.43667428861788615,-0.12849162011173182,1.944084571482016,0.5527687490276656,0.9780853114709598,-0.08686412538185682,-0.13872135102533173,-0.15347789355111235,0.22853887344948537,0.1229979505594062,0.4561825531371803,Specialty Industrial Machinery,Industrials,ROK
2014Q4,2014,Q4,2014-11-18,2014-09-30,248700000.0,1781800000.0,355100000.0,1.79,752900000.0,0.4225502301043888,6229500000.0,2658100000.0,3934200000.0,1692100000.0,3571400000.0,588400000.0,4839600000.0,15020596000.0,15059896000.0,19.444769568397952,2.3250398912593817,0.1975439441367686,0.46296226628042586,0.0669919037028322,19.444769568397952,0.09356307136676574,8.430012347064766,15.099111379171692,5.650876942176742,0.320064334539606,1.7486403806934059,0.0052993902505599644,0.2860261658239024,1.7939838071035992,0.03992294726703588,53.397070742979025,0.4225502301043888,0.25174825174825183,7.976953042932392,0.7299914863762957,1.1063689915326254,0.10476889214966985,0.24536805207811718,0.23685127133402994,0.2837425944480654,0.1219358169733542,0.5839928433414967,Specialty Industrial Machinery,Industrials,ROK
2014Q3,2014,Q3,2014-08-05,2014-06-30,199700000.0,1649500000.0,287100000.0,1.43,681500000.0,0.41315550166717185,6145100000.0,2721900000.0,3907700000.0,1712700000.0,3423200000.0,655400000.0,4590500000.0,17256107831.76,17266307831.76,19.74216940004215,2.281602148654172,0.1928853883582041,0.4354678717072633,0.053554386959952655,19.74216940004215,0.07336786803335905,10.461417297217338,21.602538597596393,6.339728804055991,0.400600901352028,1.4769606347268844,0.004636039643468116,0.2684252493856894,1.7091726513691832,0.03249743698231111,65.61257730707224,0.41315550166717185,0.11718749999999993,5.248609280844007,0.674812659665556,0.7378021586973339,0.039188777066178716,0.10759844703272324,0.09039118875807065,0.15560174331178978,0.1300311206451779,0.4903096649325489,Specialty Industrial Machinery,Industrials,ROK
2014Q2,2014,Q2,2014-05-05,2014-03-31,180300000.0,1600500000.0,263300000.0,1.28,655800000.0,0.40974695407685097,6158100000.0,2750200000.0,3929400000.0,1696700000.0,3407900000.0,667500000.0,4550900000.0,17243447805.399998,17251547805.399998,19.86478654766074,2.3159073495609124,0.20264367256134197,0.45374881826776237,0.04780147985752169,19.86478654766074,0.0655588684459312,10.773788069603247,23.909384089572935,6.26988866460621,0.4459234608985025,1.4152808988764045,0.004662640610355299,0.25990159302382226,1.726881593681853,0.029278511229112875,95.74374128484175,0.40974695407685097,-0.09219858156028361,3.5388492440842385,0.5459841214110592,0.772187943064116,-0.01190296820852795,-0.08985360928823827,-0.05389867049946101,0.12941009987675028,0.13944718607546472,0.5437786266005007,Specialty Industrial Machinery,Industrials,ROK
2014Q1,2014,Q1,2014-02-06,2013-12-31,198100000.0,1591700000.0,278300000.0,1.41,663700000.0,0.4169755607212414,5940800000.0,2687800000.0,3719800000.0,1538700000.0,3253000000.0,645600000.0,4451000000.0,16398398526.16,16308498526.16,19.367162439268384,2.4174952882303242,0.19460342041475895,0.4301287298162066,0.0525752365079485,19.367162439268384,0.0737034005506362,10.302443001922473,20.69459682756184,6.1010486368628625,0.40636042402826855,1.4374225526641884,0.004909015954916582,0.26792687853487746,1.806719958406447,0.033345677349851874,97.66765054294223,0.4169755607212414,-0.07843137254901968,0.7071240158779886,0.3656475019880358,0.6940883379048697,-0.048049340218014915,-0.07988852763585694,-0.05178875638841567,0.35368806529226676,0.19533304183788935,0.7381257803176974,Specialty Industrial Machinery,Industrials,ROK
2013Q4,2013,Q4,2013-11-18,2013-09-30,215300000.0,1715700000.0,293500000.0,1.53,697200000.0,0.40636474908200737,5844600000.0,2585500000.0,3679900000.0,1544700000.0,3259100000.0,615400000.0,4333400000.0,14853966000.0,14737166000.0,18.61411087113031,2.382274875380333,0.1854874585087089,0.41929994198414233,0.06167625485441291,18.61411087113031,0.0832720943724618,8.657670921489771,17.247986530422665,5.745103848385225,0.3362749651648862,1.6550211244718882,0.004874119140975549,0.29355302330356225,1.7865604971839193,0.03683742257810629,50.92206376414124,0.40636474908200737,0.055172413793103496,0.747492812040005,0.1783672707382628,0.5607283866366959,0.06785112574666871,0.05694648993618066,0.09026745913818722,0.6804392978066707,0.29579719118203457,0.8143298393523754,Specialty Industrial Machinery,Industrials,ROK
2013Q3,2013,Q3,2013-08-07,2013-06-30,203700000.0,1624200000.0,269200000.0,1.45,652900000.0,0.4019825144686615,5771300000.0,2007800000.0,3485100000.0,1552300000.0,3763500000.0,619000000.0,4118500000.0,11785504571.91,11885904571.91,14.479051020583077,2.2451201443020037,0.19494741219482611,0.5603645781452335,0.06800032827036562,14.479051020583077,0.10145432812033071,7.256190476486886,14.464291325368187,5.869859832607829,0.3549337260677467,1.5691437802907915,0.0061346546139672675,0.2814270614939442,1.6440765315982735,0.035295340737788714,44.982841877519085,0.4019825144686615,0.16935483870967738,0.40831715670031277,0.16174673481031446,0.11688556591337344,0.05921479558728099,0.1580443433769187,0.12353923205342238,0.7494677747127588,0.31342490952626956,0.4963089063422336,Specialty Industrial Machinery,Industrials,ROK
2013Q2,2013,Q2,2013-05-02,2013-03-31,175900000.0,1522800000.0,239600000.0,1.24,616400000.0,0.4047806671920147,5719900000.0,2020500000.0,3436900000.0,1469900000.0,3699400000.0,640000000.0,4059200000.0,11823559385.76,11997459385.76,14.467346457955378,2.33818627117491,0.19947901187083691,0.564711705023509,0.05870057194756961,14.467346457955378,0.08705765899529819,7.764354731914894,16.804376614212618,5.851798755634744,0.3757816941444002,1.41625,0.0055905330910427185,0.26622843056696793,1.6802503571671543,0.03075228587912376,69.87919258723404,0.4047806671920147,0.08771929824561413,0.2956552373989236,0.1387386936569813,0.1300931589246225,0.01498435698995554,0.08983890954151177,0.02480752780153978,0.3054602237919639,0.3296022665220231,0.4474481765868131,Specialty Industrial Machinery,Industrials,ROK
2013Q1,2013,Q1,2013-02-06,2012-12-31,161400000.0,1489200000.0,233800000.0,1.14,607300000.0,0.40780284716626375,5711100000.0,1967800000.0,3392600000.0,1487900000.0,3743300000.0,646600000.0,3949500000.0,11742115198.71,11945815198.71,14.075447157779317,2.280126352577458,0.20276304039502022,0.588474438459193,0.055581086159070356,14.075447157779317,0.08202053054172172,7.8848477025987105,18.187910778671,5.967128366048379,0.40582403965303593,1.3639034952056912,0.0055782113266267305,0.26075537111939906,1.6331742724645473,0.028260755371119398,80.59104460336307,0.40780284716626375,-0.17391304347826086,0.09623581218016196,0.18925126377350057,0.17334846527737668,-0.07169061449098135,-0.17315573770491804,-0.12696041822255413,1.1491935608630015,0.42293779136378745,0.4678651197157603,Specialty Industrial Machinery,Industrials,ROK
2012Q4,2012,Q4,2012-11-19,2012-09-30,195200000.0,1664000000.0,267800000.0,1.38,654200000.0,0.3931490384615385,5636500000.0,1851700000.0,3387500000.0,1531600000.0,3784800000.0,619000000.0,3858800000.0,9699324000.0,9857424000.0,13.245350500715308,2.2117393575346043,0.18841479641621572,0.5735270292163958,0.07038428717041649,13.245350500715308,0.10541664416482152,5.828920673076923,12.422289959016393,5.2380644812874655,0.33760245901639346,1.631340872374798,0.0067942879318187545,0.2952186640645791,1.5938887437973361,0.034631420207575626,28.081424435437174,0.3931490384615385,0.03759398496240588,0.2568214017257444,0.29145143502548837,0.1301260152951379,0.03594615993665875,0.023597273203985317,0.02330913259457394,5.889605021508729,0.5797911493602711,0.4348123529337609,Specialty Industrial Machinery,Industrials,ROK
2012Q3,2012,Q3,2012-08-02,2012-06-30,190700000.0,1560400000.0,261700000.0,1.33,631500000.0,0.40470392207126377,5382400000.0,1922500000.0,3261600000.0,1556400000.0,3459900000.0,634800000.0,3665200000.0,9324254650.14,9693654650.14,13.620429167289327,2.095605242868157,0.21830410225921523,0.611183355006502,0.0658160307437476,13.620429167289327,0.09919375812743823,5.975554120827993,12.223721355715783,4.850067438304292,0.31725222863135816,1.4632955261499685,0.006488454280803197,0.2899078478002378,1.4743639167309175,0.03543029131985731,40.15613544418604,0.40470392207126377,0.1465517241379312,0.26713446825486237,0.3294365314317646,0.06723623270711118,0.021348859776807377,0.1364719904648391,0.06729200652528548,4.828512507082268,0.5475745952443466,0.1989366887536172,Specialty Industrial Machinery,Industrials,ROK
2012Q2,2012,Q2,2012-05-03,2012-03-31,167800000.0,1561100000.0,245200000.0,1.16,618300000.0,0.39606687592082507,5434600000.0,2030600000.0,3270600000.0,1481700000.0,3404000000.0,664100000.0,3602100000.0,11375192143.7,11727392143.7,14.227348246564107,2.2073294189107107,0.21418319655540427,0.5732295873140943,0.057677604132073644,14.227348246564107,0.08263567418496996,7.286651811991545,16.947544910160907,5.60188719772481,0.36174016686531585,1.419665712995031,0.005336173598932823,0.2872520516689361,1.534926098400486,0.030876237441578035,51.21653374020712,0.39606687592082507,-0.08661417322834654,-0.7401334620977223,0.4613963391404711,0.0496812382013521,-0.0006465168902537578,-0.0845608292416803,-0.04330862270776434,3.0975281222170765,0.46271605847280706,0.2692577875851592,Specialty Industrial Machinery,Industrials,ROK
2012Q1,2012,Q1,2012-02-08,2011-12-31,183300000.0,1473900000.0,256300000.0,1.27,618700000.0,0.41977067643666466,5279100000.0,1854800000.0,3114000000.0,1512800000.0,3424300000.0,677300000.0,3495500000.0,10447451448.5,10818451448.5,13.02582516614985,2.058434690639873,0.237729916084181,0.67662281647617,0.062194373457197326,13.02582516614985,0.09882467112357128,7.088304124092543,14.249115450763776,5.632656592894112,0.32896890343698854,1.262660564004134,0.005771742543839015,0.27919531738364495,1.3741406663141196,0.034721827584247314,-47.35925407298277,0.41977067643666466,-0.10386301536174433,-0.4942106526604022,0.5224234130062089,0.10453861238890759,-0.06709891435464414,-0.09167492566897918,-0.06117216117216117,0.539508791918566,0.2324931924857767,0.13939760534149914,Specialty Industrial Machinery,Industrials,ROK
2011Q4,2011,Q4,2011-11-14,2011-09-30,201800000.0,1654300000.0,273000000.0,1.4171940470827258,663200000.0,0.40089463821555943,5284900000.0,1748000000.0,3075100000.0,1329900000.0,3536900000.0,641700000.0,3382800000.0,7974066800.0,7890166800.0,12.275793827059488,2.3122791187307317,0.171242596832485,0.5177345537757437,0.08108433896307407,12.275793827059488,0.1154462242562929,4.820206008583691,9.878675421209117,4.561823112128146,0.30079286422200197,1.5444911952625837,0.007612176010363997,0.31302389827622096,1.5431987367471238,0.03818426081855854,56.75492384341637,0.40089463821555943,0.15219028218107788,0.4411273603024581,0.3474268806380516,0.07897968889700213,0.09294660514172709,0.12423398328690807,0.15287162162162163,0.5977283205964488,0.1083169959610816,0.02928257100404043,Specialty Industrial Machinery,Industrials,ROK
2011Q3,2011,Q3,2011-08-04,2011-06-30,179500000.0,1516200000.0,236800000.0,1.23,606800000.0,0.40021105395066614,5327700000.0,1897100000.0,3095700000.0,1339300000.0,3430600000.0,690500000.0,3180800000.0,12424857347.880001,12308057347.880001,13.24702500734012,2.311431344732323,0.1698669219362952,0.4770439091244531,0.06830939827937108,13.24702500734012,0.09461810131252965,8.194735092916503,17.304815247743736,6.549395049222498,0.28022284122562674,1.3170166545981172,0.004048336217605144,0.28458809617658654,1.543492869409393,0.03369183700283424,66.01943330435708,0.40021105395066614,0.07894736842105271,0.4855833245486296,0.3089573080011381,0.4297913557610716,0.052558542931483085,0.07872596153846154,0.07441016333938294,0.2016621377749145,0.050115164876876624,0.021849498351713365,Specialty Industrial Machinery,Industrials,ROK
2011Q2,2011,Q2,2011-05-05,2011-03-31,166400000.0,1464100000.0,220400000.0,1.14,576500000.0,0.39375725701796327,5111100000.0,1856900000.0,2947800000.0,1177100000.0,3254200000.0,621900000.0,3112400000.0,13658727969.6,13543327969.6,12.867639313937303,2.504290204740464,0.1770460370566023,0.4873175722979159,0.06522212030791684,12.867639313937303,0.08961171845549033,9.329094986408032,20.520925435096153,7.355661570143789,0.30228365384615385,1.4272391059655893,0.0036826269702385068,0.2864549705542838,1.7211791691445077,0.03255659251433155,67.3507296331361,0.39375725701796327,0.09615384615384602,0.394728827916984,0.304749444849412,0.36298982989401035,0.05993748850891708,0.10859427048634245,0.11934992381919757,0.18619823366107488,0.0595764228654119,0.005134645973301048,Specialty Industrial Machinery,Industrials,ROK
2011Q1,2011,Q1,2011-02-03,2010-12-31,150100000.0,1365800000.0,196900000.0,1.04,543900000.0,0.3982281446771123,4778900000.0,1586100000.0,2631700000.0,1120100000.0,3192800000.0,612600000.0,2996500000.0,10207643492.15,10343243492.15,11.142555192828693,2.349522364074636,0.18935319843478624,0.5705188827942753,0.06354894760935834,11.142555192828693,0.09463463842128492,7.473746882523063,17.001404883660893,6.435687215276464,0.33111259160559625,1.341658504733921,0.004868900450747606,0.28579798698445247,1.5357557360949916,0.03140890163008224,-1292.1067711582277,0.3982281446771123,0.12749437623762386,0.293301918537875,0.3175135406445221,0.2576104420883518,0.027777777777777776,0.1431835491241432,0.12578616352201258,0.0012767501793853814,0.07122496853766906,-0.07114140757168588,Specialty Industrial Machinery,Industrials,ROK
2010Q4,2010,Q4,2010-11-18,2010-09-30,131300000.0,1356900000.0,174900000.0,0.9223992792499889,529200000.0,0.3900066327658634,4748300000.0,1460400000.0,2586600000.0,1222300000.0,3287900000.0,603300000.0,2912400000.0,8787028765.449999,8878528765.449999,10.259496629220745,2.116174425263847,0.19057346839921657,0.619624760339633,0.06152637170599828,10.259496629220745,0.08990687482881403,6.475811603987029,16.730824001237625,6.016864397048753,0.37776085300837775,1.3719542516161114,0.005644683922627388,0.28576543183876335,1.3682402028961793,0.027652001769054187,593.7181598277026,0.3900066327658634,0.11132443283131195,0.2748085939827767,0.27579325029853785,0.11174097849842177,0.04316972205795387,0.09966499162479062,0.005172413793103448,-0.16972897806008871,0.03427017199557697,-0.12463441085315305,Specialty Industrial Machinery,Industrials,ROK
2010Q3,2010,Q3,2010-08-05,2010-06-30,119400000.0,1268100000.0,174000000.0,0.83,507300000.0,0.4000473148805299,4614500000.0,1376000000.0,2518600000.0,1226700000.0,3238500000.0,576500000.0,2791200000.0,6980598000.000001,7059398000.000001,9.676511954992968,2.0531507295997393,0.19607758153646115,0.6575581395348837,0.05857819392078822,9.676511954992968,0.08677325581395348,5.504769339957417,14.61599246231156,5.073109011627907,0.3458961474036851,1.3196877710320902,0.005916398566426544,0.27480767147036517,1.347028613352898,0.02587495936721205,62.438264758497326,0.4000473148805299,-0.13610328457694568,0.2050772122067875,0.2882641903368289,-0.06544444987195902,0.07228915662650602,-0.12846715328467154,0.16077384923282187,-0.2124968521459371,0.07241067774797019,-0.24179157369038515,Specialty Industrial Machinery,Industrials,ROK
2010Q2,2010,Q2,2010-05-05,2010-03-31,137000000.0,1164500000.0,149900000.0,0.960763,473100000.0,0.40626878488621726,4542200000.0,1419300000.0,2436500000.0,1115700000.0,3122900000.0,524500000.0,2774000000.0,8003120000.0,8090720000.0,9.99507042253521,2.1838307788832125,0.1991986262163709,0.6374973578524625,0.05402197412326502,9.99507042253521,0.09652645670400901,6.872580506655217,14.604233576642335,5.6387796801240055,0.3021897810218978,1.3182078169685414,0.005172982536810644,0.2563735634714456,1.4421439455050642,0.030161595702523008,49.67796399751707,0.40626878488621726,0.8127603773584905,0.18669014084507052,0.24181707942996114,-0.07285545854311402,0.1084817244611059,0.7885117493472585,0.3114610673665792,-0.7867490145866286,0.09569293089661045,-0.2625724966302,Specialty Industrial Machinery,Industrials,ROK
2010Q1,2010,Q1,2010-02-08,2009-12-31,76600000.0,1067500000.0,114300000.0,0.53,426800000.0,0.3998126463700234,4398800000.0,1367400000.0,2257100000.0,995000000.0,3031400000.0,468700000.0,2692700000.0,6699348000.0,6887848000.0,9.5890603085554,2.268442211055276,0.20569246158043103,0.661693725318122,0.04022225653782305,9.5890603085554,0.05601872166154746,6.275735831381733,21.86471279373368,4.899333040807371,0.5391644908616188,1.3669724770642202,0.006164779020286751,0.24267982176957353,1.493065326633166,0.017413840138219516,63.14182846371348,0.3998126463700234,1.6151557093425606,-0.2570667681586977,0.1656362074571599,-0.09721813189341677,0.16835477689570216,1.6505190311418685,1.3567010309278351,-0.7889388501259853,0.10105150799835408,-0.18688549614120578,Specialty Industrial Machinery,Industrials,ROK
2009Q4,2009,Q4,2009-11-18,2009-09-30,28900000.0,1074400000.0,48500000.0,0.2026647966339411,365300000.0,0.3400037230081906,4305700000.0,1316400000.0,2134800000.0,947200000.0,2989300000.0,436400000.0,2667200000.0,6074760000.0,6335660000.0,9.231416549789621,2.253800675675676,0.21011682188726571,0.6872531145548465,0.021911846732599966,9.231416549789621,0.021953813430568216,5.65409530900968,52.549826989619376,4.614676390154968,1.42560553633218,1.624885426214482,0.0067821609413376,0.24952969319738952,1.4464738175675675,0.006712032886638642,69.58487972508591,0.3400037230081906,-0.1228758541914467,-0.7473536825745802,0.2422607342009181,-0.08479508144213593,-0.013236088600756347,-0.11890243902439024,-0.2561349693251534,-0.7939126374397921,-0.12616536552614546,-0.18860555192653006,Specialty Industrial Machinery,Industrials,ROK
2009Q3,2009,Q3,2009-08-04,2009-06-30,32800000.0,1010800000.0,65200000.0,0.231056,370200000.0,0.3662445587653344,4164000000.0,1607500000.0,2106200000.0,956400000.0,2556500000.0,460300000.0,4498100000.0,4544980000.0,4869280000.0,11.360424028268552,2.2022166457549144,0.21729106628242076,0.5628615863141524,0.01695689082225411,11.360424028268552,0.020404354587869364,4.496418678274634,34.641615853658536,2.827359253499222,1.2530487804878048,1.3917010645231371,0.009042944083362304,0.24274735830931796,1.3814303638644918,0.007877041306436119,27.069565217391304,0.3662445587653344,-0.203255172413793,-0.6607326564386994,0.13583208942191904,0.25316227131935015,0.018151815181518153,-0.1921182266009852,-0.07909604519774012,-0.7252600374700595,-0.11681913490396241,0.22616482299977164,Specialty Industrial Machinery,Industrials,ROK
2009Q2,2009,Q2,2009-05-07,2009-03-31,40600000.0,1058100000.0,70800000.0,0.29,363600000.0,0.34363481712503546,4175700000.0,1586100000.0,2137800000.0,999800000.0,2589600000.0,528300000.0,4551900000.0,3090360000.0,3550660000.0,11.209187279151944,2.138227645529106,0.2346432933400388,0.6177416304142236,0.020221333870227728,11.209187279151944,0.025597377214551416,2.9206691239013325,19.029310344827586,1.9484017401172686,1.0147783251231528,1.3145939806927882,0.013331780116232412,0.2533946404195704,1.2678535707141427,0.009722920707905262,20.42538003965631,0.34363481712503546,-0.6506024096385543,-0.31584871090171446,0.2544647146362908,0.2560802262875387,-0.22704081632653061,-0.6570945945945946,-0.5490445859872611,-0.6529470929461282,-0.03835164742167953,0.18732021391937614,Specialty Industrial Machinery,Industrials,ROK
2009Q1,2009,Q1,2009-02-06,2008-12-31,118400000.0,1189200000.0,157000000.0,0.83,470400000.0,0.3955600403632694,4399300000.0,1618800000.0,2361000000.0,1192300000.0,2780500000.0,600500000.0,4554400000.0,4565184000.0,5090784000.0,11.432203389830509,1.980206323911767,0.24540267769872479,0.666913763281443,0.0482144204397774,11.432203389830509,0.07314059797380776,3.838869828456105,9.639324324324326,2.820103780578206,0.34628378378378377,1.1970024979184013,0.008981018070684556,0.2703157320482804,1.155749391931561,0.02691337258200168,213.3263551401869,0.3955600403632694,-0.06426751592356697,1.5044416589459915,0.540419648801945,0.2868999948794101,-0.20040795512493625,-0.05732484076433121,-0.17671735710540115,0.02554199675053994,0.15320202754269846,0.2903017405183553,Specialty Industrial Machinery,Industrials,ROK
2008Q4,2008,Q4,2008-11-21,2008-09-30,125600000.0,1484300000.0,190700000.0,0.8870056497175142,588300000.0,0.3963484470794314,4593600000.0,1688800000.0,2436600000.0,1303100000.0,2904800000.0,575500000.0,4486100000.0,5287344000.000001,5709644000.000001,11.926553672316384,1.8698488220397513,0.218673807035876,0.5948010421601136,0.05032908697053711,11.926553672316384,0.07437233538607295,3.5621801522603254,10.524171974522293,3.1308289909995266,0.3328025477707006,1.5569070373588185,0.007905670597562784,0.3231234761407175,1.183408794413322,0.027342389411354927,26.9213034623218,0.3963484470794314,-0.1388294662936756,1.4664052618264614,0.845804163596168,0.4000736919675754,-0.0285667107001321,-0.17693315858453473,-0.16359649122807018,0.22589257234740753,0.40293213441859355,0.29238684206108667,Specialty Industrial Machinery,Industrials,ROK
2008Q3,2008,Q3,2008-07-29,2008-06-30,152600000.0,1475000000.0,228000000.0,1.03,605600000.0,0.4105762711864407,5111300000.0,1896600000.0,2740900000.0,1581600000.0,3214700000.0,602200000.0,4363000000.0,6397699000.0,6830099000.0,12.963773069036227,1.7329919069296915,0.24226713360593197,0.6529051987767585,0.05198377441903394,12.963773069036227,0.08045977011494253,4.337423050847458,10.481158256880734,3.373246335547822,0.27850589777195284,1.4437064098306212,0.0066430133709010075,0.28857629174573984,1.1356853818917552,0.029855418386711796,42.99528897849462,0.4105762711864407,0.07291666666666674,0.5075508373205739,0.8055898348352619,0.410763539865707,0.0600385086644495,0.06862745098039216,0.07042253521126761,0.49699500482979203,0.45646054078675924,0.2520385577591154,Specialty Industrial Machinery,Industrials,ROK
2008Q2,2008,Q2,2008-04-25,2008-03-31,142800000.0,1406600000.0,213000000.0,0.96,571300000.0,0.4061566898905161,4979500000.0,1880600000.0,2664700000.0,1478800000.0,3098900000.0,592700000.0,4296600000.0,8434998000.0,8898498000.0,12.801906058543226,1.8019340005409792,0.2458479767044884,0.6509624587897479,0.04905644991579098,12.801906058543226,0.07593321280442412,5.996728280961183,14.767153361344539,4.485269594810167,0.29831932773109243,1.4093133119622068,0.005050386496831416,0.28247816045787727,1.1773735461184744,0.028677578070087358,337.39992,0.4061566898905161,-0.07692307692307698,2.682038315666634,0.7270758619503425,0.45501149079340025,-0.007298001737619461,-0.08812260536398467,-0.061260467166152494,0.1956705241660994,0.4499575825542274,0.187507123077539,Specialty Industrial Machinery,Industrials,ROK
2008Q1,2008,Q1,2008-02-06,2007-12-31,156600000.0,1331900000.0,226900000.0,1.04,575500000.0,0.4320894962084241,4941000000.0,1783800000.0,2667100000.0,1541500000.0,3157200000.0,554600000.0,4197900000.0,10254352000.0,10641152000.0,11.995965030262273,1.7301978592280247,0.25375430074883626,0.702881488956161,0.05341356370025363,11.995965030262273,0.08779011099899092,7.699040468503641,16.37029374201788,5.748599618791344,0.2765006385696041,1.3638658492607285,0.004222597390844395,0.26956081764824935,1.1706130392474863,0.03169398907103825,147.3326436781609,0.4320894962084241,-0.06387409200968522,3.653818810644635,0.6894429226740149,0.38117314492349746,0.002438599547117227,-0.05205811138014528,-0.029927319367250963,0.45653635858600633,0.3946824032037753,0.129384879360815,Specialty Industrial Machinery,Industrials,ROK
2007Q4,2007,Q4,2007-11-19,2007-09-30,165200000.0,1370500000.0,233900000.0,1.1109616677874916,574100000.0,0.41889821233126595,4545800000.0,1742800000.0,2382000000.0,1744500000.0,2803000000.0,504700000.0,4098100000.0,10557700000.0,10860600000.0,11.720242098184263,1.3654342218400688,0.203946500065995,0.5319600642644021,0.06206707714646856,11.720242098184263,0.09478999311452835,7.703538854432689,15.977148910411621,6.057895340830847,0.26573849878934624,1.5779671091737666,0.004158102617047273,0.30148708698138943,0.8895958727429063,0.03634123806590699,71.52913279132791,0.41889821233126595,0.05805873122618244,3.208050725333845,0.6819965099032654,0.35194340175450556,0.041734712393395025,0.0060901339829476245,0.010803802938634399,0.38494883585670403,0.5196177416068843,0.16194769861095995,Specialty Industrial Machinery,Industrials,ROK
2007Q3,2007,Q3,2007-07-27,2007-06-30,164200000.0,1280600000.0,231400000.0,1.05,551100000.0,0.4303451507106044,4586900000.0,1965400000.0,2512100000.0,1586000000.0,2621500000.0,472300000.0,3949500000.0,10693760000.0,10704660000.0,12.762337662337663,1.583921815889029,0.17554339532145893,0.4096875954004274,0.061600920503813036,12.762337662337663,0.08354533428309759,8.350585662970483,16.2816077953715,5.441009463722398,0.27222898903775883,1.5445691297903874,0.004180007780238196,0.2791863785999259,1.0575031525851197,0.03579759750594083,1353.640506329114,0.4303451507106044,-0.7640449438202248,1.1976262626262624,0.5502923709456373,0.4983630609896433,0.1614330874604847,-0.7748525983820101,0.5540631296171927,0.5605478382377116,0.3222029367280765,0.4078066111337831,Specialty Industrial Machinery,Industrials,ROK
2007Q2,2007,Q2,2007-04-27,2007-03-31,729300000.0,1206500000.0,148900000.0,4.45,474500000.0,0.39328636552009943,4816900000.0,2184900000.0,2769000000.0,1563600000.0,2632000000.0,454000000.0,3898900000.0,9651044000.0,9289544000.0,13.553970223325061,1.7709132770529548,0.1573833793518653,0.3469724014829054,0.037787203732848815,13.553970223325061,0.3337910201839901,7.999207625362619,3.3083244206773617,4.417155933910019,0.06430824077882902,1.6123348017621146,0.004859577886081547,0.25047229545973554,1.25818623688923,0.15140443023521352,119.44361386138614,0.39328636552009943,0.78,12.683831306187203,0.4309726918576994,0.6323156045714581,-0.04642282958199357,0.6996038219529247,-0.27188264058679706,9.787572611543691,0.2555975636049782,0.5188321473469715,Specialty Industrial Machinery,Industrials,ROK
2007Q1,2007,Q1,2007-01-26,2006-12-31,429100000.0,1146300000.0,204500000.0,2.5,497600000.0,0.4340922969554218,5061500000.0,1988300000.0,2504000000.0,1624100000.0,3073200000.0,450900000.0,3226900000.0,,,,,,,,,,,,,,,,,,,,,,,,,,,,,,,Specialty Industrial Machinery,Industrials,ROK
