Quarters,Year,Quarter,FillingDate,Date,NetIncome,Revenue,OperatingIncome,EPSDiluted,GrossProfit,GrossProfitRatio,TotalAssets,CommonStockEquity,CurrentAssets,CurrentLiability,TotalLiability,Inventory,RetainedEarnings,MarketCap,EnterpriseValue,bookValuePerShare,currentRatio,debtToAssets,debtToEquity,roic,shareholdersEquityPerShare,roe,priceToSalesRatio,peRatio,pbRatio,payoutRatio,inventoryTurnover,dividendYield,assetTurnover,quickRatio,returnOnAssets,priceToFreeCashFlowsRatio,grossProfitMargin,epsdilutedGrowth,fiveYNetIncomeGrowthPerShare,fiveYRevenueGrowthPerShare,fiveYShareholdersEquityGrowthPerShare,grossProfitGrowth,netIncomeGrowth,operatingIncomeGrowth,threeYNetIncomeGrowthPerShare,threeYRevenueGrowthPerShare,threeYShareholdersEquityGrowthPerShare,Industry,Sector,Symbol
2023Q1,2023,Q1,2023-05-05,2023-03-31,13442000.0,35221000.0,67842000.0,0.26,35221000.0,1.0,8302457000.0,696161000.0,1110340000.0,7430000.0,7606296000.0,0.0,331069000.0,490116000.0,1831523000.0,13.465396518375242,149.44010767160162,0.22382771750579378,2.6693825135277613,0.01870837063963344,13.465396518375242,0.019308751854815193,13.915448170125778,9.115384615384615,0.7040267983986463,0.0,0.0,0.0,0.004242238171182338,1093.106056527591,0.001619038797792027,31.74737660318694,1.0,-0.03703703703703707,0.31594777517564415,0.21564007263366278,0.3663789172428178,-0.12483538327742577,-0.018043684710351376,0.16074392184372166,0.8571428669482578,0.12009691760841153,0.20772751400331832,Banks—Regional,Financial Services,LBC
2022Q4,2022,Q4,2023-02-22,2022-12-31,13689000.0,40245000.0,58447000.0,0.27,40245000.0,1.0,7974632000.0,682536000.0,817549000.0,3964000.0,7292096000.0,0.0,317711000.0,563277000.0,1742171000.0,13.462248520710059,206.24344096871846,0.1711413141070334,1.999585369855949,0.019755995348953816,13.462248520710059,0.02005608495376068,13.996198285501304,10.287037037037036,0.8252707549491894,0.44838921761998685,0.0,0.010896947682933974,0.005046627856934339,206.24344096871846,0.0017165682378823249,158.0462962962963,1.0,-0.34146341463414626,-0.396168985308521,0.24794408263653392,0.11831385408780969,-0.1201932536125746,-0.3482049328635368,0.13637159022417514,0.22727272136148363,0.32288626065492815,0.24054333987722545,Banks—Regional,Financial Services,LBC
2022Q3,2022,Q3,2022-11-04,2022-09-30,21002000.0,45743000.0,51433000.0,0.41,45743000.0,1.0,7921584000.0,676669000.0,918142000.0,950000.0,7244915000.0,0.0,310160000.0,589581125.98,1691181125.98,13.336406871794482,966.4652631578947,0.17146292963629498,2.0072709108884847,0.017773054586734324,13.336406871794482,0.031037331398364638,12.888991233194151,7.018154532663555,0.8712991521408546,0.29230549471478906,0.0,0.010412477146034438,0.005774476417847744,966.4652631578947,0.0026512374292818205,18.08420115269002,1.0,-0.06818181818181825,0.26298072226857405,0.4490112557465695,0.666050920748561,-0.04371367646443952,-0.06934904949705321,0.15553808133003819,0.79968034529699,0.48674877393089244,0.21989294822249764,Banks—Regional,Financial Services,LBC
2022Q2,2022,Q2,2022-08-05,2022-06-30,22567000.0,47834000.0,44510000.0,0.44,47834000.0,1.0,7530516000.0,671622000.0,7369571000.0,276000.0,6858894000.0,0.0,295297000.0,662874097.5,1687854097.5,13.222219925405971,26701.344202898552,0.1476031655732489,1.6549904559409907,0.017598329253230394,13.222219925405971,0.033600745657527596,13.857801929589831,7.34340073447955,0.9869749613621948,0.27145832410156423,0.0,0.009241573962693572,0.006352021561337895,2779.9891304347825,0.00299674019682051,49.03277590798136,1.0,-0.02222222222222224,0.27147453619523465,0.8254985578051276,0.0,0.06080901268517697,-0.016259808195292068,0.03401012869953073,1.1156021477524212,0.6308408867240066,0.22855672111411302,Banks—Regional,Financial Services,LBC
2022Q1,2022,Q1,2022-05-06,2022-03-31,22940000.0,45092000.0,43046000.0,0.45,45092000.0,1.0,7260826000.0,668000000.0,790836000.0,153000.0,6592826000.0,0.0,278856000.0,682275215.52,1442509215.52,13.011933891272593,5168.862745098039,0.12508177444274246,1.3595763473053892,0.01952906085481039,13.011933891272593,0.034341317365269464,15.130737503770069,7.435431729729729,1.0213700831137724,0.27136006974716653,0.0,0.009123884113620603,0.006210312710978062,5168.862745098039,0.0031594201541257153,19.651349852242287,1.0,0.0,0.9680164630080269,0.7150711969515117,0.0,-0.027372144690580445,-0.018945387674806483,-0.036441778215516855,1.1278426181326098,0.500745094177267,0.26493493590393263,Banks—Regional,Financial Services,LBC
2021Q4,2021,Q4,2022-03-14,2021-12-31,23383000.0,46361000.0,44674000.0,0.45,46361000.0,1.0,7179957000.0,669133000.0,803491000.0,0.0,6510824000.0,0.0,0.0,713689830.36,1483442830.3600001,13.16345969965854,0.0,0.12648627282865343,1.3572279352535295,0.020108671238027207,13.16345969965854,0.034945220158025384,15.394185422229892,7.630434828294059,1.066588899904802,0.0,0.0,0.0,0.006457002458371269,0.0,0.0032567047407108425,0.0,1.0,-0.062499999999999944,0.8759602237432933,0.8145485896325305,0.7627235678182628,0.017871649065800164,-0.054965040617548394,0.0,1.4210526102333891,0.5424032636496299,0.26403966398978895,Banks—Regional,Financial Services,LBC
2021Q3,2021,Q3,2021-11-05,2021-09-30,24743000.0,45547000.0,0.0,0.48,45547000.0,1.0,7220786000.0,653936000.0,6532271000.0,0.0,6566850000.0,0.0,244972000.0,691257566.97,1467353566.97,12.685983024299508,0.0,0.12576677940600925,1.3887215262655672,0.0,12.685983024299508,0.03783703604022412,15.176796868509452,6.984375045164289,1.0570722012092926,0.25126298347007237,0.0,0.008993753265155667,0.006307762063575905,0.0,0.0034266352721158055,16.8970317030066,1.0,0.17073170731707318,0.46458555428654824,0.42014672202071174,0.5847967073451262,0.09992996691540486,0.16624245852187028,0.0,1.1818181605141316,0.48721366240574004,0.2240156304907256,Banks—Regional,Financial Services,LBC
2021Q2,2021,Q2,2021-08-06,2021-06-30,21216000.0,41409000.0,0.0,0.41,41409000.0,1.0,7257078000.0,638699000.0,6567299000.0,0.0,6618379000.0,0.0,226446000.0,613711604.26,1705020604.26,12.342882369209448,0.0,0.16006511160552497,1.8187048985515868,0.0,12.342882369209448,0.03321752500003914,14.820729895916346,7.231707252309577,0.960877665786231,0.14168552036199095,0.0,0.004898066093478173,0.005706015561635138,0.0,0.0029234906941884875,32.0894956475817,1.0,0.17142857142857143,0.17337879598465475,0.5512451216437456,0.0,0.061007481807932765,0.1523545706371191,0.0,1.0500000183587859,0.4047078310391597,0.23235616241012896,Banks—Regional,Financial Services,LBC
2021Q1,2021,Q1,2021-05-07,2021-03-31,18411000.0,39028000.0,0.0,0.35,39028000.0,1.0,7078974000.0,623969000.0,6400811000.0,0.0,6455005000.0,0.0,208236000.0,622291798.3100001,1538024798.31,11.861884231877367,0.0,0.14089245136371456,1.5984351786707351,0.0,11.861884231877367,0.029506273548846176,15.944752442092858,8.449999977051762,0.997312043242533,0.1634349030470914,0.0,0.004835352174288245,0.005513228329416099,0.0,0.002600800624497279,24.6052666288403,1.0,1.0588235294117645,0.5414802807214794,0.4487192579709193,0.0,0.034896054306321596,1.1159636823353638,0.0,0.7714681637011862,0.3239172242451043,0.20366515097380256,Banks—Regional,Financial Services,LBC
2020Q4,2020,Q4,2021-03-11,2020-12-31,8701000.0,37712000.0,0.0,0.17,37712000.0,1.0,6906104000.0,613691000.0,6271343000.0,0.0,6292413000.0,0.0,192834000.0,501587059.40000004,1285869059.4,11.990285010929451,0.0,0.13946256818605685,1.5694266332730966,0.0,11.990285010929451,0.014178145027383487,13.300462966694953,14.411764722445696,0.8173283613414569,0.3463969658659924,0.0,0.006008926951993849,0.00546067652615715,0.0,0.0012598999377941601,42.04770386453182,1.0,-0.37037037037037035,-0.30671034874076053,0.46594448867474064,0.6056233282023612,0.02760293195999891,-0.3922609485227352,0.0,-0.6198101022978704,0.15837845430161437,-0.003962687098234851,Banks—Regional,Financial Services,LBC
2020Q3,2020,Q3,2020-11-06,2020-09-30,14317000.0,36699000.0,0.0,0.27,36699000.0,1.0,7071663000.0,608833000.0,6406057000.0,0.0,6462830000.0,0.0,187147000.0,426953394.04999995,1331000394.05,11.907050326445344,0.0,0.15811174825497198,1.8364855387273686,0.0,11.907050326445344,0.023515479614278464,11.633924467969154,7.455357163686526,0.7012651975993417,0.21107773974994762,0.0,0.007078055923935569,0.005189585533134144,0.0,0.002024559145423078,25.212790483642372,1.0,0.5000000000000001,-0.14565842352853042,0.15357223580089474,0.48748852299408335,0.08515923001862859,0.5364885168491093,0.0,-0.14565842352853042,0.15357223580089474,0.48748852299408335,Banks—Regional,Financial Services,LBC
2020Q2,2020,Q2,2020-08-07,2020-06-30,9318000.0,33819000.0,0.0,0.18,33819000.0,1.0,7168346000.0,596682000.0,6488993000.0,0.0,6571664000.0,0.0,175852000.0,517666670.0,1465551670.0,11.526374684311818,0.0,0.15597489295299083,1.873832292577956,0.0,11.526374684311818,0.0156163584622965,15.30697743871788,13.888888978321528,0.8675754757140319,0.3260356299635115,0.0,0.005868641301554145,0.004717824725536407,0.0,0.001299881451034869,26.02255416478158,1.0,0.28571428571428553,-0.4848580974981447,0.26641454567985595,0.0,0.027527116944672317,0.22993664202745512,0.0,-0.4848580974981447,0.26641454567985595,0.0,Banks—Regional,Financial Services,LBC
2020Q1,2020,Q1,2020-05-08,2020-03-31,7576000.0,32913000.0,0.0,0.14,32913000.0,1.0,7074050000.0,603340000.0,6387785000.0,0.0,6470710000.0,0.0,169572000.0,496228002.62,1482978002.62,11.14936636140778,0.0,0.15691124603303624,1.8397553618192064,0.0,11.14936636140778,0.012556767328537806,15.076960551150002,16.375000086457234,0.8224682643617197,0.4276663146779303,0.0,0.006529256678166785,0.004652638870236993,0.0,0.0010709565241975953,33.4385446509434,1.0,-0.3636363636363636,-0.3834078926414314,0.187607158193059,0.0,-0.031286790675771135,-0.39182788793449463,0.0,-0.3834078926414314,0.187607158193059,0.0,Banks—Regional,Financial Services,LBC
2019Q4,2019,Q4,2020-03-11,2019-12-31,12457000.0,33976000.0,0.0,0.22,33976000.0,1.0,7045828000.0,614464000.0,6376001000.0,0.0,6431364000.0,0.0,165236000.0,652860042.31,1699270042.31,10.851896977692368,0.0,0.1610846872787698,1.8470976330590563,0.0,10.851896977692368,0.020272953338193938,19.215329712444078,13.102272664164726,1.0624870493796217,0.25985389740708037,0.0,0.004958183669116272,0.004822144395236444,0.0,0.0017679966073540258,33.805925968827665,1.0,-0.04347826086956525,-0.10280162242959885,0.19382226447924716,0.4531813819895932,0.011852998987432247,-0.02190640703517588,0.0,-0.10280162242959885,0.19382226447924716,0.4531813819895932,Banks—Regional,Financial Services,LBC
2019Q3,2019,Q3,2019-11-12,2019-09-30,12736000.0,33578000.0,0.0,0.23,33578000.0,1.0,7161419000.0,605372000.0,6485303000.0,0.0,6556047000.0,0.0,156016000.0,627386434.29,1592557434.29,10.932440335217054,0.0,0.15827212456078887,1.8723247854211955,0.0,10.932440335217054,0.021038303720687445,18.68444917177914,12.315217381634737,1.036365134644483,0.2539258793969849,0.0,0.005154717767622517,0.004688735570422565,0.0,0.0017784184949937993,30.67154408653141,1.0,0.09523809523809533,-0.29821941681529435,-0.02538257898444183,0.3657353484796832,0.047479411030696285,0.09246869102762052,0.0,-0.29821941681529435,-0.02538257898444183,0.3657353484796832,Banks—Regional,Financial Services,LBC
2019Q2,2019,Q2,2019-08-09,2019-06-30,11658000.0,32056000.0,0.0,0.21,32056000.0,1.0,7114337000.0,597467000.0,6429792000.0,0.0,6516870000.0,0.0,146514000.0,614543146.02,1745660146.02,10.762400871011833,0.0,0.17219159002448156,2.0503709828325247,0.0,10.762400871011833,0.019512374742035963,19.17092419578238,13.178571496397323,1.0285809024096728,0.2802367472979928,0.0,0.005316144230325005,0.004505830972021708,0.0,0.001638662885944256,38.713817942547564,1.0,0.0,-0.3990011129710626,0.11936030833280405,0.0,-0.04230401529636711,-0.029308909242298085,0.0,-0.3990011129710626,0.11936030833280405,0.0,Banks—Regional,Financial Services,LBC
2019Q1,2019,Q1,2019-05-10,2019-03-31,12010000.0,33472000.0,0.0,0.21,33472000.0,1.0,6992016000.0,588298000.0,6306419000.0,0.0,6403718000.0,0.0,138123000.0,594209045.64,1755440045.6399999,10.28664283192887,0.0,0.18103591296129756,2.1516408350869796,0.0,10.28664283192887,0.020414823779785075,17.75242129660612,12.369047577851791,1.0100477065024869,0.2742714404662781,0.0,0.005543503627502266,0.004787174400058581,0.0,0.0017176734149349773,34.73890942063724,1.0,0.1052631578947368,-0.07511183099850026,0.14281312902891197,0.0,0.014364506939814534,0.13269829293596153,0.0,-0.07511183099850026,0.14281312902891197,0.0,Banks—Regional,Financial Services,LBC
2018Q4,2018,Q4,2019-03-04,2018-12-31,10603000.0,32998000.0,0.0,0.19,32998000.0,1.0,6937212000.0,581145000.0,6281108000.0,0.0,6356067000.0,0.0,129806000.0,503363472.26,1710948472.26,10.413802726814493,0.0,0.18729166702704197,2.2357277443667245,0.0,10.413802726814493,0.018245016304020513,15.254363060185465,11.868421019051212,0.8661581399822764,0.31123266999905685,0.0,0.006555898832276543,0.004756665934384015,0.0,0.0015284238106028762,44.042652223291626,1.0,-0.09523809523809519,-0.22514685727442707,0.1764423950575359,0.39451602511778633,0.007418714700045795,-0.1258141643993734,0.0,-0.22514685727442707,0.1764423950575359,0.39451602511778633,Banks—Regional,Financial Services,LBC
2018Q3,2018,Q3,2018-11-09,2018-09-30,12129000.0,32755000.0,0.0,0.21,32755000.0,1.0,6692415000.0,571399000.0,6041036000.0,0.0,6121016000.0,0.0,122503000.0,599834179.84,1657394179.8400002,10.364232864586471,0.0,0.1670933437331666,1.9570527774812347,0.0,10.364232864586471,0.02122684848940933,18.312751636086094,12.363636322862561,1.049764140014246,0.27199274466155493,0.0,0.0054998533109266575,0.0048943468090367976,0.0,0.0018123502502459875,24.78346402677354,1.0,0.049999999999999906,-0.32873161439749493,-0.04509569948176765,0.29475201775794174,0.024362021516137103,0.08043826830571886,0.0,-0.32873161439749493,-0.04509569948176765,0.29475201775794174,Banks—Regional,Financial Services,LBC
2018Q2,2018,Q2,2018-08-09,2018-06-30,11226000.0,31976000.0,0.0,0.2,31976000.0,1.0,6510233000.0,562180000.0,5890022000.0,0.0,5948053000.0,0.0,113673000.0,645775650.0,1876588650.0,10.015677890611082,0.0,0.20073490457253987,2.3245775374435236,0.0,10.015677890611082,0.019968693301077946,20.195635789342006,14.38125,1.1486990821445089,0.2942276857295564,0.0,0.0051147794129431795,0.004911652163601518,0.0,0.0017243622463282036,37.325914687012315,1.0,0.0,-0.4276201046456318,0.10431869700347736,0.0,0.015433470943156558,0.011169158710142317,0.0,-0.4276201046456318,0.10431869700347736,0.0,Banks—Regional,Financial Services,LBC
2018Q1,2018,Q1,2018-05-10,2018-03-31,11102000.0,31490000.0,0.0,0.2,31490000.0,1.0,6033888000.0,553751000.0,5458052000.0,0.0,5480137000.0,0.0,105750000.0,674853549.6999999,1914637549.6999998,9.854804072611667,0.0,0.21780400962033103,2.3732778812137587,0.0,9.854804072611667,0.020048722259643773,21.430725617656396,15.196666134480274,1.2186949544109174,0.5459376688884886,0.0,0.00898120785271762,0.00521885722771122,0.0,0.0018399413446189257,148.31946147252745,1.0,-0.5555555555555556,-0.12982896768473992,0.094267248314544,0.0,0.08406774993114845,-0.45631733594515184,0.0,-0.12982896768473992,0.094267248314544,0.0,Banks—Regional,Financial Services,LBC
2017Q4,2017,Q4,2018-03-16,2017-12-31,20420000.0,29048000.0,0.0,0.45,29048000.0,1.0,5704380000.0,549745000.0,5168422000.0,0.0,5154635000.0,0.0,102459000.0,549836892.64,1619536892.6399999,12.03798778983293,0.0,0.20077168772066378,2.0832895251434755,0.0,12.03798778983293,0.037144494265523104,18.92856281465161,6.7315976082272275,1.0001671550264213,2.306562193927522,0.0,0.08566176739042179,0.005092227376156567,0.0,0.0035797054193444336,33.50008484981417,1.0,0.37304798345019513,0.8235351739998533,0.26551429131902976,0.6120112242830373,-0.13781128491288475,0.15061700569110273,0.0,0.8235351739998533,0.26551429131902976,0.6120112242830373,Banks—Regional,Financial Services,LBC
2017Q3,2017,Q3,2017-09-30,2017-09-30,17747000.0,33691000.0,0.0,0.327738,33691000.0,1.0,5320429000.0,433460000.0,4811532000.0,0.0,4886969000.0,0.0,435912000.0,636262500.0,1513735500.0,8.004801477377654,0.0,0.18128688494856335,2.2251741798551192,0.0,8.004801477377654,0.04094264753379781,18.885236413285448,8.962958528201948,1.4678690075208787,0.028173775849439343,0.0,0.0007858391780122199,0.006332384099101783,0.0,0.0033356332731815422,43.14229048006509,1.0,-0.062046030828406186,0.0,0.0,0.0,0.20609293334287965,-0.06204746049363141,0.0,0.0,0.0,0.0,Banks—Regional,Financial Services,LBC
2017Q2,2017,Q2,2017-06-30,2017-06-30,18921000.0,27934000.0,0.0,0.349418,27934000.0,1.0,,,,,,,,636262500.0,,,0.0,0.0,0.0,0.0,,0.0,22.77735018257321,8.406829713017283,0.0,0.5496538237936685,0.0,0.016345454902654172,0.0,0.0,0.0,29.763881742059223,1.0,0.5389202568551974,0.0,0.0,0.0,0.007284004038655705,0.538918259455063,0.0,0.0,0.0,0.0,Banks—Regional,Financial Services,LBC
2017Q1,2017,Q1,2017-03-31,2017-03-31,12295000.0,27732000.0,0.0,0.227054,27732000.0,1.0,,,,,,,,636262500.0,,,0.0,0.0,0.0,0.0,,0.0,22.943260493292946,12.937423749491664,0.0,0.7970719804798698,0.0,0.015402447889039507,0.0,0.0,0.0,56.606983985765126,1.0,-0.0740341843651152,0.0,0.0,0.0,0.01892199728111107,-0.0740322337701461,0.0,0.0,0.0,0.0,Banks—Regional,Financial Services,LBC
2016Q4,2016,Q4,2016-12-31,2016-12-31,13278000.0,27217000.0,0.0,0.24520775623268698,27217000.0,1.0,5064557000.0,404375000.0,4569681000.0,0.0,4660182000.0,0.0,407648000.0,636262500.0,1845797500.0,7.467682363804247,0.0,0.25051411209312086,3.1375406491499227,0.0,7.467682363804247,0.032835857805255025,23.37739280596686,11.979637370085856,1.5734466769706337,0.33890646181653866,0.0,0.007072552602109978,0.005374013956205844,0.0,0.0026217495429511407,-42.34692179700499,1.0,0.0,0.0,0.0,0.0,0.0,0.0,0.0,0.0,0.0,0.0,Banks—Regional,Financial Services,LBC
