Quarters,Year,Quarter,FillingDate,Date,NetIncome,Revenue,OperatingIncome,EPSDiluted,GrossProfit,GrossProfitRatio,TotalAssets,CommonStockEquity,CurrentAssets,CurrentLiability,TotalLiability,Inventory,RetainedEarnings,MarketCap,EnterpriseValue,bookValuePerShare,currentRatio,debtToAssets,debtToEquity,roic,shareholdersEquityPerShare,roe,priceToSalesRatio,peRatio,pbRatio,payoutRatio,inventoryTurnover,dividendYield,assetTurnover,quickRatio,returnOnAssets,priceToFreeCashFlowsRatio,grossProfitMargin,epsdilutedGrowth,fiveYNetIncomeGrowthPerShare,fiveYRevenueGrowthPerShare,fiveYShareholdersEquityGrowthPerShare,grossProfitGrowth,netIncomeGrowth,operatingIncomeGrowth,threeYNetIncomeGrowthPerShare,threeYRevenueGrowthPerShare,threeYShareholdersEquityGrowthPerShare,Industry,Sector,Symbol
2023Q1,2023,Q1,2023-05-04,2023-03-31,365000000.0,3300000000.0,440000000.0,9.31,3300000000.0,1.0,41839000000.0,9013000000.0,35357000000.0,387000000.0,32826000000.0,0.0,12342000000.0,13855374000.0,15330374000.0,232.89405684754522,91.36175710594316,0.0737350319080284,0.3422833684677688,0.03253657224172526,232.89405684754522,0.040497059802507486,4.1985981818181815,9.489982191780822,1.5372655053811162,0.1780821917808219,0.0,0.004691320494127405,0.07887377805396878,86.93798449612403,0.008723917875666244,13.021968045112782,1.0,-0.27151799687010947,0.8349269623287074,1.1385983270258264,0.1420577571179089,0.00794135613927917,-0.26411290322580644,-0.2605042016806723,21.825969956651612,0.664055108864677,0.09117046580174717,Insurance—Reinsurance,Financial Services,RE
2022Q4,2022,Q4,2023-02-24,2022-12-31,496000000.0,3274000000.0,595000000.0,12.78,3274000000.0,1.0,39966000000.0,8441000000.0,30985000000.0,2914000000.0,31525000000.0,0.0,12042000000.0,12853276000.0,14539276000.0,217.55154639175257,10.633150308853809,0.07716559075213932,0.3653595545551475,0.04508264336561669,217.55154639175257,0.05876081033052956,3.925863164324985,6.478465725806451,1.5227195829877977,0.12903225806451613,0.0,0.0049792753224936585,0.08191963168693389,10.633150308853809,0.012410548966621629,12.663326108374385,1.0,2.554744525547445,-0.08164474283674181,1.0593063579403033,0.06633203309393802,0.051043338683788124,2.554858934169279,2.5824468085106385,1.393914801187677,0.7285798771872767,-0.029137511322252556,Insurance—Reinsurance,Financial Services,RE
2022Q3,2022,Q3,2022-11-03,2022-09-30,-319000000.0,3115000000.0,-376000000.0,-8.22,3115000000.0,1.0,38144000000.0,7649000000.0,30372000000.0,2858000000.0,30495000000.0,0.0,11610000000.0,10182672000.0,11587672000.0,197.13917525773195,10.627011896431071,0.0808515100671141,0.4031899594718264,-0.02786846356576647,197.13917525773195,-0.041704798012812135,3.268915569823435,-7.980150470219437,1.3312422538893973,-0.2035141065830721,0.0,0.006375635000322116,0.08166421979865772,10.627011896431071,-0.008363045302013422,9.107169880171076,1.0,-3.6430868167202575,0.4773480449616104,1.113104173078117,0.0054889999517182065,0.0989154427782558,-3.601321047052108,-3.6198256701109943,-4.211581849585142,0.7465109742003351,-0.10506544226120358,Insurance—Reinsurance,Financial Services,RE
2022Q2,2022,Q2,2022-08-04,2022-06-30,122630000.0,2834613000.0,143521000.0,3.11,2834613000.0,1.0,37907650000.0,8852866000.0,30208900000.0,2839051000.0,29054784000.0,0.0,11994137000.0,10902331439.999998,11875601439.999998,227.59180420587177,10.64049219263761,0.08149592496501366,0.34896258454606677,0.012371796366149001,227.59180420587177,0.013852011314753889,3.846144584816339,22.226069151104948,1.2315030454544325,0.5299029601239501,0.0,0.005960376489893248,0.07477680626469856,10.64049219263761,0.0032349670844803095,15.23806330690304,1.0,-0.5945241199478488,-0.47280865044145776,1.1851047062827336,0.08914212120010105,-0.021309028560616863,-0.5881457996782546,-0.5596502262790519,-0.6255814446372082,0.649361563764895,0.04313049450563713,Insurance—Reinsurance,Financial Services,RE
2022Q1,2022,Q1,2022-05-05,2022-03-31,297751000.0,2896331000.0,325925000.0,7.67,2896331000.0,1.0,37986782000.0,9527629000.0,29298073000.0,2810147000.0,28459153000.0,0.0,11936489000.0,11693544000.0,13004272000.0,245.55744845360826,10.425815090811975,0.08131633787773863,0.32420930747828236,0.02548253124389602,245.55744845360826,0.03125132181364325,4.037364513931592,9.818223952228541,1.2273299054780575,0.2051949447692871,0.0,0.0052248488567708815,0.07624575832719918,10.705411852120191,0.00783827911508798,13.814987258384834,1.0,-0.3020928116469518,0.07780827780653013,1.3392639119017706,0.20489358246616265,-0.04980038574482904,-0.3086924521774663,-0.7636654211530416,-0.1045513664791111,0.7572838191404139,0.18636788763239515,Insurance—Reinsurance,Financial Services,RE
2021Q4,2021,Q4,2022-02-28,2021-12-31,430707000.0,3048129000.0,1379083000.0,10.99,3048129000.0,1.0,38185283000.0,10139180000.0,30276803000.0,2795523000.0,28046103000.0,0.0,11699836000.0,10726981120.0,12374694120.0,258.91014019049567,10.830461062205533,0.08088388398221377,0.3046177304279044,0.08979675338409213,258.91014019049567,0.042479470726429554,3.519201818558204,6.226379603767759,1.057973240439562,0.14155330654017698,0.0,0.005683612128889437,0.079824706288022,10.830461062205533,0.011279397876925517,10.286700070291456,1.0,6.845744680851065,0.20332228701677021,1.1915971709396336,0.3104285685798416,0.09381114972700734,6.862511569662982,20.10616514269881,2.1485916271857453,0.7123042098280364,0.31814761728111485,Insurance—Reinsurance,Financial Services,RE
2021Q3,2021,Q3,2021-11-04,2021-09-30,-73468000.0,2786705000.0,-72180000.0,-1.88,2786705000.0,1.0,36606097000.0,9978635000.0,29028422000.0,882966000.0,26627462000.0,0.0,11330097000.0,9830576000.0,10673083000.0,254.55701530612245,32.876035996856054,0.05220299776837722,0.1915039481852979,-0.005084576664958505,254.55701530612245,-0.007362530045442087,3.527670133724237,-33.45189742472913,0.9851623994664601,-0.8365138563728426,0.0,0.00625161740268322,0.0761267993143328,32.876035996856054,-0.0020069880708669923,8.45583482928902,1.0,-1.1109144542772862,-1.263598267229876,1.1388226308423703,0.31523122132831494,-0.017632663593638295,-1.1080440364597886,-1.0930408823028972,-1.371861838527243,0.6880158629512132,0.24684239831803503,Insurance—Reinsurance,Financial Services,RE
2021Q2,2021,Q2,2021-08-05,2021-06-30,679982000.0,2836724000.0,775788000.0,16.95,2836724000.0,1.0,35370056000.0,10416789000.0,28242874000.0,776778000.0,24953267000.0,0.0,11465022000.0,9961199270.0,10765616270.0,263.53603865712046,36.35900347332185,0.05402202360098045,0.183430997786362,0.05629199696360419,263.53603865712046,0.0652775053809768,3.511515138589443,3.662302557273575,0.9562638995567635,0.09124506236929801,0.0,0.006228667685311751,0.08020128664766604,36.35900347332185,0.019224792858682498,13.766244244025671,1.0,0.9894366197183099,3.6494527607215086,1.3957690692308828,0.38868650206022237,0.03387707365004321,0.9890540627504666,0.9956782787201531,9.0602194029592,0.6973805730537591,0.3070485105369934,Insurance—Reinsurance,Financial Services,RE
2021Q1,2021,Q1,2021-05-10,2021-03-31,341862000.0,2743773000.0,388734000.0,8.52,2743773000.0,1.0,33595352000.0,9682882000.0,25940804000.0,24035000.0,23912470000.0,0.0,10847085000.0,9799150830.0,10577067830.0,244.8696861644286,1079.2928645724985,0.05687027776937714,0.19731491099447457,0.03072351472274427,244.8696861644286,0.03530581081128532,3.571414555795979,7.1660135010618315,1.0120076677584215,0.1820295908875511,0.0,0.006350448225522415,0.08167120856480385,1132.4311628874557,0.010175871948000426,10.835381725982622,1.0,4.291925465838508,1.1452413872159262,1.4293450142692268,0.3305531711139708,0.02738484212386703,4.375019653470017,1.8957703252335334,0.6819694257765079,0.7402226272262502,0.20078343068315718,Insurance—Reinsurance,Financial Services,RE
2020Q4,2020,Q4,2021-03-01,2020-12-31,63602000.0,2670638000.0,134242000.0,1.61,2670638000.0,1.0,32788357000.0,9726176000.0,25461000.0,12370000.0,23062181000.0,0.0,10567452000.0,9251002710.0,10359743710.0,246.1139198866368,2.0582861762328215,0.05826434060114693,0.19641758487611163,0.006145319927133412,246.1139198866368,0.0065392606508457175,3.4639673029440905,36.36286087701645,0.9511449011410035,0.9746077167384674,0.0,0.006700570948162656,0.08145080279563871,2155.953435731609,0.0019397739264581022,13.545235024620371,1.0,-0.7347611202635914,-0.8065621302566729,1.0304984686351557,0.3890531924831843,0.059186025574619876,-0.7383247550985983,-0.5191027014246872,-0.884381962995924,0.6492370723627447,0.2063309175143843,Insurance—Reinsurance,Financial Services,RE
2020Q3,2020,Q3,2020-11-09,2020-09-30,243057000.0,2521406000.0,279149000.0,6.07,2521406000.0,1.0,30153027000.0,9591292000.0,24631568000.0,761818000.0,20561735000.0,0.0,10565792000.0,7799471820.0,7968567820.0,242.92206772535016,32.33261487651907,0.03674513341562689,0.1155190562439346,0.023270774974173923,242.92206772535016,0.02534142428361059,3.0933026335306573,8.02226619681803,0.8131826056385312,0.25469334353670126,0.0,0.007937075923687356,0.08362032773691344,32.33261487651907,0.008060782753253927,7.18168860299331,1.0,0.27253668763102745,2.047520402226123,0.9562059144049373,0.4224941643784877,0.2544838960851578,0.2733497485331098,0.14255484610347086,1.3913376305637288,0.6808432731108898,0.23900014608479503,Insurance—Reinsurance,Financial Services,RE
2020Q2,2020,Q2,2020-08-10,2020-06-30,190880000.0,2009915000.0,244320000.0,4.77,2009915000.0,1.0,28584793000.0,9286299000.0,21601676000.0,18677735000.0,19298494000.0,0.0,10384645000.0,8134383800.0,8229797800.0,235.4001115364141,1.1565468725196069,0.035609598432285304,0.10961234394886488,0.019091251538445615,235.4001115364141,0.02055501335892803,4.047128261642905,10.653792696982396,0.8759554048388922,0.3244341994970662,0.0,0.007613115083160939,0.07031413521168406,1.1414876589693557,0.00667767648343649,13.589082137063833,1.0,14.25,0.025138221577702666,0.7586120887457227,0.3493899215394072,-0.0243969328848929,10.490488803274742,49.48581067672157,-0.19086079043983223,0.527732939389033,0.12650882883987366,Insurance—Reinsurance,Financial Services,RE
2020Q1,2020,Q1,2020-05-11,2020-03-31,16612000.0,2060177000.0,-5039000.0,-0.36,2060177000.0,1.0,27222638000.0,8580944000.0,20336582000.0,18009507000.0,18641694000.0,0.0,10255692000.0,7736053679.999999,7997718679.999999,213.43508108645906,1.129213698076244,0.03964681894532043,0.12577765336774135,-0.00017204875040025146,213.43508108645906,0.001935917540074845,3.7550432220144185,116.42267156272572,0.9015387677626144,3.809113893570913,0.0,0.0081794933977242,0.07567881555049881,1.2418636445739464,0.0006102274144041441,15.28897600540723,1.0,-1.0676691729323309,-0.9430864023718863,0.7220637119826219,0.23850459184803513,0.03547972518919756,-0.9236735218981456,-1.022217911013717,-0.9419673143076372,0.6058242941488045,0.04727655827065886,Insurance—Reinsurance,Financial Services,RE
2019Q4,2019,Q4,2020-03-02,2019-12-31,217644000.0,1989587000.0,226799000.0,5.32,1989587000.0,1.0,25076414000.0,9132925000.0,20748000.0,17557294000.0,18191126000.0,0.0,10306571000.0,11283251762.519999,11506121762.519999,224.08070033485777,0.001181731079971663,0.04111058303631452,0.11287796625944044,0.022168261289975014,224.08070033485777,0.023830700460148308,5.671152737990346,12.960674039394606,1.2354477631777332,0.2903411074966459,0.0,0.005600424534521503,0.07934096956606315,1.2747853968840528,0.0086792314084462,30.901250653915355,1.0,1.078125,-0.2917771849260007,0.5880747987635715,0.3565866806051774,0.06134288277888439,1.084752581467078,1.2471588375756735,-0.4157549190368062,0.3744807381426886,0.13414542655658945,Insurance—Reinsurance,Financial Services,RE
2019Q3,2019,Q3,2019-11-12,2019-09-30,104398000.0,1874594000.0,100927000.0,2.56,1874594000.0,1.0,27023741000.0,8983258000.0,20364593000.0,17406706000.0,18040483000.0,0.0,10152118000.0,10851274996.21,11164923996.21,220.28334200864634,1.169928015099468,0.038145014785332644,0.1147491255399767,0.011311291502227446,220.28334200864634,0.011621396157162579,5.78860008951805,25.985351721800225,1.2079442665689886,0.54593957738654,0.0,0.005252378178592517,0.06936841201963859,1.2819845409005013,0.003863195698922662,17.1330871240795,1.0,-0.6948748510131109,-0.5768595081884504,0.4906254255733536,0.3559424420110135,0.041977150467407125,-0.6955039302328972,-0.7349459922947431,-0.639943742161379,0.38300849407366294,0.13814788643676626,Insurance—Reinsurance,Financial Services,RE
2019Q2,2019,Q2,2019-08-09,2019-06-30,342855000.0,1799074000.0,380779000.0,8.39,1799074000.0,1.0,26387791000.0,8884160000.0,19793852000.0,16869908000.0,17503631000.0,0.0,10152059000.0,10199325428.08,10568695428.08,218.18152705211884,1.173323055466574,0.03906113247599998,0.11601963494579116,0.03409503252092395,218.18152705211884,0.03859171829413248,5.669208397253254,7.437054606232955,1.1480348652072903,0.16624812238409822,0.0,0.0055885068480190595,0.06817827229266747,1.2896785803455477,0.012992940561034456,25.905746193457603,1.0,-0.017564402810304285,0.33227848927086595,0.6120863810316902,0.3680222378838696,0.04028976573915648,-0.017325881341358554,-0.0980541244744478,1.2756756878927986,0.4749332194395566,0.1496937692471395,Insurance—Reinsurance,Financial Services,RE
2019Q1,2019,Q1,2019-05-10,2019-03-31,348900000.0,1729397000.0,422175000.0,8.54,1729397000.0,1.0,25630507000.0,8426629000.0,19223944000.0,16570210000.0,17203878000.0,0.0,9866203000.0,8847892234.050001,9294570234.050001,206.9825481737045,1.1601508973030517,0.040211924016953705,0.12230893278913786,0.03788530441166481,206.9825481737045,0.041404457227202006,5.116171841427967,6.3398482617153915,1.0499919047165838,0.16376325594726282,0.0,0.006457696193463505,0.06747416272335151,1.288441486257567,0.013612684290638496,19.24283111872067,1.0,1.891440501043841,0.36900958433042014,0.7477801582838677,0.38098402052628993,-0.054536200381378915,1.9054976084378155,1.60532522744055,1.126550878454816,0.48725415530454447,0.12468509333099868,Insurance—Reinsurance,Financial Services,RE
2018Q4,2018,Q4,2019-03-01,2018-12-31,-385313000.0,1829152000.0,-697435000.0,-9.58,1829152000.0,1.0,21935717000.0,7903804000.0,18433000.0,16256582000.0,16890195000.0,0.0,9531433000.0,8762524775.68,9136996775.68,196.41968531911337,0.0011338791881343815,0.04698123156858743,0.13038873433602352,-0.042638926730859734,196.41968531911337,-0.048750323262064695,4.790484757789402,-5.685329054353214,1.108646517003711,-0.14761505581176862,0.0,0.006491051546908304,0.08338692553336642,1.2747450847908866,-0.017565553020218123,131.88628500421433,1.0,-2.908366533864542,-2.2566303376964902,0.6923925034866184,0.3488592121167868,0.06463651708282404,-2.873971976480086,-4.533087471694672,-2.1509042283736606,0.3658161188980548,0.10858171323559936,Insurance—Reinsurance,Financial Services,RE
2018Q3,2018,Q3,2018-11-09,2018-09-30,205613000.0,1718100000.0,197401000.0,5.02,1718100000.0,1.0,24411000000.0,8329013000.0,18665898000.0,15448000000.0,16082000000.0,0.0,10014000000.0,9153858087.4,9544782087.4,204.16134039836524,1.2083051527705853,0.04223194461513252,0.12377504993688929,0.022080498617613124,204.16134039836524,0.02468635839564664,5.327895982422443,11.129960274155817,1.09903275302848,0.25709950246336566,0.0,0.00577494205123895,0.07038220474376305,1.3007118720870015,0.008422965056736717,22.273190457466402,1.0,1.952941176470588,0.03917527195627923,0.6667960621797864,0.47112502205636925,-0.005844230991783358,1.9417411832033764,2.087864472531598,1.49504952536504,0.2900612659991972,0.19552051416223765,Insurance—Reinsurance,Financial Services,RE
2018Q2,2018,Q2,2018-08-09,2018-06-30,69895000.0,1728200000.0,63928000.0,1.7,1728200000.0,1.0,23886000000.0,8241349000.0,18205684000.0,15011000000.0,15645000000.0,0.0,9861000000.0,9420701519.119999,9832595519.119999,201.6268229775559,1.2128228632336286,0.04315892154400067,0.12508801653709847,0.008062083483785972,201.6268229775559,0.008481014455279105,5.451163938849669,33.6959064279276,1.1431018779959445,0.7617139995707848,0.0,0.0056513838053297355,0.07235200535878758,1.359050562920525,0.0029261910742694464,-149.55393572390142,1.0,-0.6673189823874756,-0.6946428553266837,0.7943958887522451,0.4985251453254121,0.05927060986821943,-0.6676699093753269,-0.7158982836928601,-0.6377118667117767,0.45939335191044645,0.15579045847578968,Insurance—Reinsurance,Financial Services,RE
2018Q1,2018,Q1,2018-05-10,2018-03-31,210318000.0,1631500000.0,225018000.0,5.11,1631500000.0,1.0,23513000000.0,8344180000.0,18582914000.0,14536000000.0,15169000000.0,0.0,9844000000.0,10508534821.18,10440534821.18,203.92493759271463,1.2784063015960374,0.026921277591119806,0.07586125898530473,0.024224661025314776,203.92493759271463,0.025205352712908878,6.4410265529757895,12.491245187264049,1.2593849630736633,0.2531404825074411,0.0,0.005066358051428305,0.06938714753540595,1.4160821408915796,0.008944753965891209,53.7136312675322,1.0,-0.6310469314079421,-0.3201058250794711,0.8770999137848214,0.5208373150799368,-0.029389017788089715,-0.6316833763845716,-0.6759132035361523,-0.29201101937290214,0.33994723623504713,0.18331986623413765,Insurance—Reinsurance,Financial Services,RE
2017Q4,2017,Q4,2018-03-01,2017-12-31,571025000.0,1680900000.0,694314000.0,13.85,1680900000.0,1.0,21129439000.0,8369232000.0,18626000.0,14590000000.0,15223000000.0,0.0,9686000000.0,9076508027.859999,9074441027.859999,204.01857924171304,0.0012766278272789582,0.029958201919132826,0.07563418005379705,0.06425945240885884,204.01857924171304,0.06822908003984117,5.399790604949729,3.9737787434262946,1.0845090717834085,0.09343724005078587,0.0,0.005878362012816916,0.07955251438526124,1.404196710075394,0.02702509044371694,76.6111671480059,1.0,1.8804831532104258,11.210526308459391,0.9084506460891477,0.5621889007382698,0.08845431587126854,1.8930638098217079,1.7741834051786618,0.8461538346080923,0.33302853653915687,0.23513040963236387,Insurance—Reinsurance,Financial Services,RE
2017Q3,2017,Q3,2017-11-09,2017-09-30,-639400000.0,1544300000.0,-896834000.0,-15.73,1544300000.0,1.0,23936000000.0,7969331000.0,18482036000.0,15334000000.0,15967000000.0,0.0,9167000000.0,9283320368.1,9331320368.1,196.0629855395715,1.2052977696621885,0.026445521390374333,0.07942950292816298,-0.07373133168299865,196.0629855395715,-0.0802325816307542,6.011345184290617,-3.6296998624100714,1.1648807620238135,-0.08023459493274945,0.0,0.005526255473880612,0.06451788101604278,1.3595870614321117,-0.026712901069518718,22.65019999243637,1.0,-3.6436974789915966,-4.250132099519637,0.9628242554893207,0.498012110723833,0.1271440040872929,-3.6026360135789703,-4.161662418608259,-3.600105692184172,0.23202334146810888,0.20685532086244512,Insurance—Reinsurance,Financial Services,RE
2017Q2,2017,Q2,2017-08-09,2017-06-30,245674000.0,1370100000.0,283659000.0,5.95,1370100000.0,1.0,5769336000.0,8584798000.0,469205000.0,13304000000.0,13937000000.0,0.0,9858000000.0,10459221425.31,10623221425.31,208.96428461980105,0.03526796452194829,0.10971799874370292,0.07373499061946479,0.027433179179477428,208.96428461980105,0.02861733030876207,7.633910973877819,10.643394727677736,1.2183421701139618,0.20882958717650218,0.0,0.004905145221980938,0.2374796683708489,1.4981863349368612,0.0425827166245821,41.41445822732132,1.0,-0.15841584158415842,0.45853656912226526,0.6377466624021497,0.7039739667634348,0.04819830158365848,-0.1576207898012296,-0.1833955159429302,-0.05379747275552095,0.21683565400663168,0.3102291112624511,Insurance—Reinsurance,Financial Services,RE
2017Q1,2017,Q1,2017-05-10,2017-03-31,291643000.0,1307100000.0,347364000.0,7.07,1307100000.0,1.0,22193000000.0,8347876000.0,18123469000.0,13212000000.0,13845000000.0,0.0,9663000000.0,9577113855.76,9742113855.76,203.80011316103455,1.3717430366333636,0.028522507096832333,0.07582767161371348,0.03332907590221048,203.80011316103455,0.03493619215235109,7.326993998745314,8.209620885603288,1.147251571029565,0.1758348391698069,0.0,0.005354535904275364,0.05889694948857748,1.4877988949439902,0.013141215698643717,25.083323352225705,1.0,-0.2213656387665198,0.2491227894815151,0.7199524520961822,0.7208203902183422,-0.09954532929181592,-0.21931247523904362,-0.18196847167207525,0.1373801693752844,0.31295394929167053,0.3597508685642594,Insurance—Reinsurance,Financial Services,RE
2016Q4,2016,Q4,2017-03-01,2016-12-31,373572000.0,1451600000.0,424634000.0,9.08,1451600000.0,1.0,19367410000.0,8075396000.0,17483000.0,12613000000.0,13246000000.0,0.0,9423000000.0,8844746244.0,8995824244.0,197.57669086159032,0.0013861095694917942,0.03268377134578139,0.07838624879820136,0.043833679085237345,197.57669086159032,0.046260517750460785,6.093101573436209,5.9190371896180665,1.095270899903856,0.13675275448909446,0.0,0.005775971247864327,0.07495065163591828,1.4930610481249504,0.019288691673280012,20.945514627942995,1.0,0.2861189801699717,10.892110540029888,0.8696092795442832,0.7377604400994706,0.0511984937359693,0.26465669580289375,0.2875773591313339,0.1994750699117308,0.32227347563105946,0.3568046356210792,Insurance—Reinsurance,Financial Services,RE
2016Q3,2016,Q3,2016-11-09,2016-09-30,295394000.0,1380900000.0,329793000.0,7.06,1380900000.0,1.0,21663000000.0,8041092000.0,17539588000.0,12989000000.0,13622000000.0,0.0,9100000000.0,7892545481.81,8089545481.81,193.5454475062059,1.3503416737239202,0.029220329594239026,0.07872065137421634,0.03499920528644261,193.5454475062059,0.03673555780732269,5.715508350937794,6.679676535246146,0.9815265739790069,0.1606633851737002,0.0,0.006013142415128182,0.06374463370724276,1.4656182154130417,0.013635876840696119,28.569783286492555,1.0,0.9237057220708447,5.129310374003294,0.7550950928186554,0.7269869576231127,0.09551765172550575,0.8972972278601341,0.6880172797674192,0.46597939069423444,0.31547990594992664,0.3946301007619996,Insurance—Reinsurance,Financial Services,RE
2016Q2,2016,Q2,2016-08-09,2016-06-30,155692000.0,1260500000.0,195373000.0,3.67,1260500000.0,1.0,21282000000.0,7985468000.0,17459104000.0,12664000000.0,13297000000.0,0.0,8853000000.0,7686556133.73,7890556133.73,189.77360136081444,1.3786405559065067,0.02974344516492811,0.0792689921241936,0.01894568138934559,189.77360136081444,0.019496916148183174,6.09802152616422,12.34256759135023,0.9625680215273543,0.3091488323099453,0.0,0.00626184199563548,0.05922845597218306,1.4884417245735944,0.007315665820881496,25.010676221175213,1.0,-0.08250000000000002,0.5289256161900451,0.5836189216033335,0.6736673068168665,0.03591387245233399,-0.09315844040865301,0.048543428792237345,-0.33928571172362987,0.27131314994119365,0.410429968386682,Insurance—Reinsurance,Financial Services,RE
2016Q1,2016,Q1,2016-05-10,2016-03-31,171686000.0,1216800000.0,186328000.0,4.0,1216800000.0,1.0,20856000000.0,7840299000.0,17070971000.0,12378000000.0,13016000000.0,0.0,8745000000.0,8410909898.55,8719909898.55,184.03600207830692,1.3791380675391824,0.03059071729957806,0.08137444758165473,0.021306942202031304,184.03600207830692,0.021897889353454505,6.912319114521696,12.247518578320307,1.0727792267297458,0.283692322029752,0.0,0.005790812241181739,0.05834292289988492,1.5010941185975117,0.008231971614883007,22.90895939901129,1.0,-0.5157384987893462,1.693618495645179,0.5404620193003133,0.69189820712612,-0.1486146095717884,-0.5194650709105718,-0.566361404284534,-0.46693121725384135,0.34463064091183016,0.3725090348578202,Insurance—Reinsurance,Financial Services,RE
2015Q4,2015,Q4,2016-02-29,2015-12-31,357281000.0,1429200000.0,429685000.0,8.26,1429200000.0,1.0,19678794000.0,7608585000.0,17672000.0,12304000000.0,12937000000.0,0.0,8622000000.0,7862329142.52,8211671142.52,177.18106204893678,0.0014362808842652796,0.03216660533160721,0.08319549561449337,0.04490238174195371,177.18106204893678,0.04695761432644835,5.501209867422334,5.5015024186284744,1.0333497151599147,0.13771233286964601,0.0,0.006257942030677945,0.07262640180084207,1.5818787386215865,0.018155634943889346,24.505604518542068,1.0,3.13,0.5098121486670292,0.7874869475037727,0.5480566546548102,-0.001327650059394871,3.0346572109358236,3.6965242102962073,6.298245604358461,0.5501058508162815,0.35669157967195564,Insurance—Reinsurance,Financial Services,RE
2015Q3,2015,Q3,2015-11-09,2015-09-30,88553000.0,1431100000.0,91490000.0,2.0,1431100000.0,1.0,21682000000.0,7486320000.0,17647227000.0,13558000000.0,14196000000.0,0.0,8314000000.0,7598899547.46,7835899547.46,170.77192568412892,1.3016098982150759,0.029425329766626696,0.0852221117985873,0.011938702105765555,170.77192568412892,0.011828642109875078,5.30983128185312,21.452970389089018,1.0150380357051263,0.47088184477092815,0.0,0.005487373499224362,0.0660040586661747,1.4561869007228205,0.0040841712019186426,24.95763008572217,1.0,-0.5726495726495726,-0.3525641092076784,0.8245095306717476,0.5178832520549194,0.11525872817955113,-0.5764169580545019,-0.6396981797846617,-0.5826446333497729,0.6865299924940194,0.3047766876671554,Insurance—Reinsurance,Financial Services,RE
2015Q2,2015,Q2,2015-08-10,2015-06-30,209057000.0,1283200000.0,253926000.0,4.68,1283200000.0,1.0,21483000000.0,7726662000.0,18002209000.0,13118000000.0,13756000000.0,0.0,8267000000.0,8061539051.37,8360539051.37,174.44928836274812,1.3723287848757433,0.029697900665642603,0.08257123192395371,0.02591934500505397,174.44928836274812,0.027056573718379294,6.282371455244701,9.640360106777099,1.0433404556029497,0.2006868940049843,0.0,0.0052043412222719495,0.0597309500535307,1.4995893428876352,0.009731275892566215,35.36755515306928,1.0,-0.34909596662030606,0.7481481584047621,0.6850083652696176,0.6771782403782715,-0.030669285390542377,-0.3527206187418338,-0.3195798386880677,0.15121951539169676,0.4227353141366832,0.4225256073370287,Insurance—Reinsurance,Financial Services,RE
2015Q1,2015,Q1,2015-05-11,2015-03-31,322978000.0,1323800000.0,373190000.0,7.19,1323800000.0,1.0,21267000000.0,7666630000.0,17794464000.0,12963000000.0,13601000000.0,0.0,8100000000.0,7740795072.0,7979795072.0,172.3328944368158,1.3727118722517935,0.029999529787934357,0.08321778930247058,0.03985263816046959,172.3328944368158,0.04212776669801464,5.847405251548572,5.991735560936039,1.0096737513092455,0.13082005585519757,0.0,0.005458354033015796,0.062246673249635585,1.5052564221245082,0.01518681525367941,17.007652815861633,1.0,-0.03748326639892897,20.064864186998758,0.902013511530466,0.7016615966958613,-0.04529063897302755,-0.05040823466804656,-0.06553686746143234,0.2736842029705124,0.6038555444484793,0.4551216584354537,Insurance—Reinsurance,Financial Services,RE
2014Q4,2014,Q4,2015-03-02,2014-12-31,340123000.0,1386600000.0,399363000.0,7.47,1386600000.0,1.0,18998293000.0,7451120000.0,17435000.0,12729000000.0,13367000000.0,0.0,7819000000.0,7682088415.3,7882614415.3,165.17978802128198,0.001369706968340011,0.033581964442805465,0.08562471145277488,0.04334162148044251,165.17978802128198,0.045647231557135036,5.5402339645896435,5.646551699899742,1.030997811778632,0.12606909853200166,0.0,0.005581685302475849,0.0729855045398026,1.499537355644591,0.017902818953260697,19.805475486558883,1.0,0.24499999999999997,1.2938035965763124,0.8028606478645749,0.6242607056298072,-0.01049025904517234,0.23718881403774245,0.2956907963039867,8.810340668786635,0.6181491857859419,0.45281763691691884,Insurance—Reinsurance,Financial Services,RE
2014Q3,2014,Q3,2014-11-10,2014-09-30,274916000.0,1401300000.0,308224000.0,6.0,1401300000.0,1.0,21487000000.0,7382187000.0,17598719000.0,13217000000.0,14105000000.0,0.0,7522000000.0,7361841488.61,8097839488.61,162.4577380157388,1.3315214496481804,0.052962163168427424,0.15415458860633036,0.03382841658810292,162.4577380157388,0.037240454624083624,5.253579881973881,6.69462807603959,0.9972439723634744,0.1235759286472959,0.0,0.004614742120237432,0.06521617722343742,1.4917545585231142,0.012794526923255922,21.942110829448723,1.0,-0.041533546325878565,0.6090425700127018,0.9486942715630551,0.6233262988664565,0.11355689764780674,-0.05261489261985499,-0.15108048408330993,4.215517302413903,0.6283845556582829,0.4495943889826571,Insurance—Reinsurance,Financial Services,RE
2014Q2,2014,Q2,2014-08-11,2014-06-30,290184000.0,1258400000.0,363078000.0,6.26,1258400000.0,1.0,21192000000.0,7322868000.0,17641438000.0,12981000000.0,13869000000.0,0.0,7281000000.0,7368928843.1,8164912843.1,159.486827779652,1.359019952237886,0.05369875424688562,0.1554014083006822,0.035333590941206576,159.486827779652,0.039627096924319816,5.855792151223777,6.348496852945028,1.0062900004615678,0.1182663413558294,0.0,0.004657257619217626,0.05938089845224613,1.5030904398736615,0.013693091732729331,32.994957544048184,1.0,0.008051529790660197,0.42342342660099286,0.7540083019255887,0.765690304825636,0.10269891342446548,-0.012754607342489614,0.02371231687098921,1.6115702395408238,0.4488877158747537,0.4065596458552132,Insurance—Reinsurance,Financial Services,RE
2014Q1,2014,Q1,2014-05-12,2014-03-31,293933000.0,1141200000.0,354668000.0,6.21,1141200000.0,1.0,20112000000.0,7037511000.0,16806455000.0,12587000000.0,13075000000.0,0.0,7025000000.0,7186333116.650001,7289333116.650001,149.88048022078047,1.3352232462064035,0.02426412092283214,0.06934269800786101,0.04007204706976614,149.88048022078047,0.04176661322447667,6.297172377015423,6.112220401120324,1.0211469817453926,0.1181970040791609,0.0,0.004834454434001443,0.05674224343675418,1.4727157384603162,0.01461480708035004,19.576115077622536,1.0,-0.17639257294429708,2.5345853098676283,0.6068640524164196,0.822825453803328,-0.1121139033688633,-0.1939046396700289,-0.22500316844317997,2.077432209467102,0.3108390826125373,0.37789624261040816,Insurance—Reinsurance,Financial Services,RE
2013Q4,2013,Q4,2014-03-03,2013-12-31,364638000.0,1285300000.0,457638000.0,7.54,1285300000.0,1.0,17740748000.0,6968276000.0,16596000.0,12352000000.0,12840000000.0,0.0,6766000000.0,7458809077.72,7335809077.72,145.61911543819963,0.0013435880829015545,0.027507295633757946,0.07003166923927812,0.04978247753994875,145.61911543819963,0.052328294688671916,5.803165858336575,5.113845154454555,1.0703951849381397,0.09862109818504929,0.0,0.004821279057459467,0.07244903089768255,1.4664591968911918,0.020553699314143914,23.16184541104866,1.0,0.5675675675675677,29.13891560708859,0.7972775255594573,0.799559059051547,0.0509403107113655,0.5532439650876004,0.4554203226719502,0.3827846852210042,0.44256044634496783,0.2722953463095842,Insurance—Reinsurance,Financial Services,RE
2013Q3,2013,Q3,2013-11-12,2013-09-30,234759000.0,1223000000.0,314437000.0,4.81,1223000000.0,1.0,20028000000.0,6717450000.0,16247856000.0,12822000000.0,13310000000.0,0.0,6437000000.0,7038413716.38,6936413716.38,138.7790550343466,1.2671857744501638,0.024365887757140003,0.07264661441469605,0.033522895492683,138.7790550343466,0.034947636379876294,5.755039833507768,7.495360898176428,1.047780588821651,0.09871400031521688,0.0,0.003292503244881556,0.061064509686438985,1.4144450943690532,0.011721539844218094,18.50344314266636,1.0,-0.13489208633093527,2.2768893528415854,0.6795854110083654,0.6917204987850366,0.05449215381962407,-0.14831919663911886,-0.07453747034688989,0.5544871549769107,0.41212781117796665,0.2335189319248858,Insurance—Reinsurance,Financial Services,RE
2013Q2,2013,Q2,2013-08-09,2013-06-30,275642000.0,1159800000.0,339762000.0,5.56,1159800000.0,1.0,19559000000.0,6622800000.0,16027902000.0,12408000000.0,12936000000.0,0.0,6226000000.0,6352563701.16,6441563701.16,134.55017662300997,1.2917393617021276,0.026995245155682804,0.07972458778764269,0.040618812271451823,134.55017662300997,0.04162016065712387,5.4772923789963786,5.761607176301145,0.9591960652835659,0.08458435216694117,0.0,0.003670171775804877,0.05929751009765325,1.254679400386847,0.014092847282580909,37.32959424803878,1.0,-0.2586666666666667,1.2563652034983974,0.5589990773854069,0.4900657949608743,0.07398833225298639,-0.2828228951743625,-0.296968016536963,1.0740740607110166,0.37042779779100315,0.29358296952132423,Insurance—Reinsurance,Financial Services,RE
2013Q1,2013,Q1,2013-05-10,2013-03-31,384343000.0,1079900000.0,483281000.0,7.5,1079900000.0,1.0,19802000000.0,6816866000.0,16562194000.0,12167000000.0,12985000000.0,0.0,5973000000.0,6585686780.339999,6879686780.339999,134.0872791393839,1.36123892496096,0.04130895869104131,0.11999649105615395,0.0517792403039794,134.0872791393839,0.05638118748410193,6.098422798722103,4.283730144909624,0.9660871697257948,0.06304524864509045,0.0,0.003679342915660047,0.05453489546510454,1.3206035999013725,0.01940930209069791,29.18256044320961,1.0,5.637168141592921,5.050968415451985,0.4611652482660413,0.48481909603814766,-0.024480578139114726,5.539003351651156,8.288506630789929,20.852668634975476,0.3577315354078268,0.3240140500314316,Insurance—Reinsurance,Financial Services,RE
2012Q4,2012,Q4,2013-03-01,2012-12-31,58777000.0,1107000000.0,52030000.0,1.13,1107000000.0,1.0,17978104000.0,6733467000.0,16576000.0,12226000000.0,13044000000.0,0.0,5613000000.0,5668886981.400001,5949886981.400001,130.59789321592066,0.001355799116636676,0.04549979241415001,0.12148273690210407,0.010633466016144337,130.59789321592066,0.0087290841404584,5.120945782655827,24.111842138081222,0.8418971952190454,0.4208278748490056,0.0,0.004363290374487479,0.061574902448000075,1.3125761491902503,0.003269365890863686,30.729338898947304,1.0,-0.7655601659751038,4.877921220958679,0.34993781292388837,0.4496148589871874,0.1031390134529148,-0.7657558922693107,-0.8435333848573516,-0.6531915006216067,0.2592752639067664,0.2842069161714086,Insurance—Reinsurance,Financial Services,RE
2012Q3,2012,Q3,2012-11-09,2012-09-30,250922000.0,1003500000.0,332531000.0,4.82,1003500000.0,1.0,19667000000.0,6785372000.0,16533957000.0,12064000000.0,12882000000.0,0.0,5579000000.0,5614638920.4,5953638920.4,130.88210978804085,1.3705203083554376,0.041592515381095235,0.12055344939083665,0.03437665992421563,130.88210978804085,0.03697984428856664,5.595056223617339,5.594008218091678,0.8274622114159695,0.09922206900949299,0.0,0.004434301181780409,0.05102455890578126,0.12206233421750663,0.012758529516448874,32.097223513943035,1.0,0.1813725490196079,0.23167418605856138,0.1999919143739644,0.4633784513759939,-0.05827702702702703,0.16952146575872404,0.3156830627037635,0.28723406223242903,0.22315424890261648,0.3078131793849681,Insurance—Reinsurance,Financial Services,RE
2012Q2,2012,Q2,2012-08-09,2012-06-30,214551000.0,1065600000.0,252744000.0,4.08,1065600000.0,1.0,18903000000.0,6417351000.0,16029819000.0,11668000000.0,12486000000.0,0.0,5353000000.0,5415581196.88,5834581196.88,122.63349598979634,1.3738274768597873,0.04327355446225467,0.12746692521571595,0.0312985631554798,122.63349598979634,0.03343295387769814,5.082189561636636,6.3103658301289665,0.8438966790004162,0.11712366756621968,0.0,0.00464012985614124,0.05637200444373909,0.1188378471031882,0.011350103158228852,39.02502808116911,1.0,-0.2816901408450704,-0.08828817341794,0.2921114376249222,0.4450876569554986,0.07441016333938294,-0.29587074669187147,-0.2900010674816983,-0.07657656852623415,0.30321733403880796,0.3576843801496883,Insurance—Reinsurance,Financial Services,RE
2012Q1,2012,Q1,2012-05-10,2012-03-31,304704000.0,991800000.0,355978000.0,5.68,991800000.0,1.0,19165000000.0,6330998000.0,16116958000.0,12016000000.0,12834000000.0,0.0,5164000000.0,4945827021.84,5291827021.84,118.43194927227464,1.3412914447403461,0.04268197234542134,0.12920553757875142,0.04425981803908375,118.43194927227464,0.048128904795104975,4.986718110344828,4.057894728851607,0.7812081162938291,0.08415051984877127,0.0,0.005184370558608974,0.05175058700756587,0.12155176431424768,0.015898982520219148,29.841237506425806,1.0,6.376623376623376,0.22917515414328501,0.18068363270308208,0.4624179625941949,-0.022279179810725552,6.424199600409337,13.116337644656229,2.2183923568293262,0.22662606226336326,0.44035281551703714,Insurance—Reinsurance,Financial Services,RE
2011Q4,2011,Q4,2012-02-29,2011-12-31,41042000.0,1014400000.0,-29380000.0,0.77,1014400000.0,1.0,17380044000.0,6071375000.0,15797000.0,12004000000.0,12822000000.0,0.0,4885000000.0,4490406000.0,4859406000.0,113.69616104868913,0.0013159780073308898,0.04706547348211546,0.13473060056412262,0.004114024686350998,113.69616104868913,0.0067599184698688515,4.426662066246057,27.352504751230448,0.739602808260073,0.6282832220652015,0.0,0.005742465157938948,0.05836579009811483,0.09799500166611129,0.002361443964123451,39.78599021831585,1.0,-0.3362068965517241,-0.7560381145416439,0.2715939516075013,0.4580177972317291,-0.014571595103944046,-0.3490975988834967,-2.3066488770291307,3.838178105681151,0.27111714003385956,0.4050556204716484,Insurance—Reinsurance,Financial Services,RE
2011Q3,2011,Q3,2011-11-09,2011-09-30,63054000.0,1029400000.0,22485000.0,1.16,1029400000.0,1.0,18736000000.0,6091841000.0,15713917000.0,11826000000.0,12644000000.0,0.0,4869000000.0,4314850483.86,4688850483.86,112.0711691839216,1.328760104853712,0.04365926558497011,0.13427796293435762,0.021843707048134896,112.0711691839216,0.010350565617191913,4.191616945657664,17.10775876177562,0.7082999185073937,0.4113299711358518,0.0,0.0060108687652134,0.05494235695986337,0.12057086081515306,0.003365392826643894,20.753453339714298,1.0,-0.5186721991701245,-0.6943548898121199,0.2716810736442418,0.5039219650799686,0.0029228371005455963,-0.5198154014865359,-0.8539138231243015,1.3054003405345673,0.25888384484044885,0.3661506355142959,Insurance—Reinsurance,Financial Services,RE
2011Q2,2011,Q2,2011-08-09,2011-06-30,131312000.0,1026400000.0,153916000.0,2.41,1026400000.0,1.0,19004000000.0,6152558000.0,15836619000.0,12033000000.0,12851000000.0,0.0,4832000000.0,4435849584.75,4881849584.75,113.38788813515347,1.3160989778110197,0.04514838981267102,0.1394541912485831,0.02047355468903279,113.38788813515347,0.021342667553885718,4.321755246249026,8.445247930025435,0.7209764759226975,0.1986185573291093,0.0,0.0058795952165880076,0.05400968217217428,0.11266359178924625,0.006909703220374658,29.446691348579396,1.0,1.4148020654044748,-0.28951348179674624,0.36669462176430023,0.6754954460483028,0.018152961015772243,1.415675846786958,1.4682539199639795,-0.024927888097007998,0.2515485896187743,0.25570562531798563,Insurance—Reinsurance,Financial Services,RE
2011Q1,2011,Q1,2011-05-10,2011-03-31,-315900000.0,1008100000.0,-328702000.0,-5.81,1008100000.0,1.0,18792000000.0,5914170000.0,15365817000.0,12060000000.0,12878000000.0,0.0,4727000000.0,4794411853.200001,5368411853.200001,108.77486677576947,1.2741141791044777,0.04565772669220945,0.14507530219794154,-0.04487238385402403,108.77486677576947,-0.053414088536514845,4.755889151076283,-3.7942480636277307,0.8106652080004464,-0.08244697689142133,0.0,0.005432366012239108,0.05364516815666241,0.0949092039800995,-0.016810344827586206,25.4878199164301,1.0,-2.0544464609800364,-3.229631059973349,0.18023137791567445,0.6476945379736339,-0.013793778125611427,-2.0441836097219146,-2.318848953192582,-5.650369602183289,0.27541447931734864,0.20452141615743485,Insurance—Reinsurance,Financial Services,RE
2010Q4,2010,Q4,2011-03-01,2010-12-31,302533000.0,1022200000.0,249234000.0,5.51,1022200000.0,1.0,18164928000.0,6283517000.0,15365000.0,11306000000.0,12124000000.0,0.0,5069000000.0,4656618000.0,5266618000.0,114.45386156648452,0.001359012913497258,0.047784389786736284,0.13813919815924744,0.04463284780782234,114.45386156648452,0.04814708068745577,4.555486206221874,3.8480248435707836,0.7410846505229475,0.08614927958272321,0.0,0.005596980469516719,0.05627327562212193,0.10536697328851936,0.01665478663058835,36.419092459057424,1.0,0.7717041800643086,3.1009023641211826,0.274278210458157,0.7086404562290698,0.023223223223223222,0.736699196326062,0.14570327942704264,27.41314580194688,0.17066393406323754,0.27041879703931254,Insurance—Reinsurance,Financial Services,RE
2010Q3,2010,Q3,2010-11-09,2010-09-30,174200000.0,999000000.0,217538000.0,3.11,999000000.0,1.0,18550000000.0,6281620000.0,15487491000.0,11450000000.0,12268000000.0,0.0,4793000000.0,4827908304.51,5527908304.51,112.506627537353,1.3526193013100436,0.04409703504043127,0.1302211849809444,0.026113632409564592,112.506627537353,0.027731699784450507,4.832741045555556,6.928685856070608,0.7685769442452743,0.152548794489093,0.0,0.005504247041141159,0.0538544474393531,0.07748200873362446,0.009390835579514825,16.213493941686732,1.0,0.15185185185185174,1.4209871224558985,0.05762066234182826,0.7610293795205114,0.0013029968928535633,0.11186994568304685,0.2544286571019975,-0.20602821248137795,0.10924186490649658,0.25792420860097637,Insurance—Reinsurance,Financial Services,RE
2010Q2,2010,Q2,2010-08-09,2010-06-30,156673000.0,997700000.0,173416000.0,2.7,997700000.0,1.0,18207000000.0,6035599000.0,15102116000.0,11353000000.0,12171000000.0,0.0,4645000000.0,4103672056.64,4863672056.639999,104.01356526268953,1.330231304501013,0.05223265776898995,0.15756513976491812,0.024248315974230477,104.01356526268953,0.02595815262080864,4.113132260839932,6.548148143968648,0.6799113156192119,0.1758822515685536,0.0,0.006714961531931543,0.05479760531663646,0.05892107812912886,0.00860509694073708,18.52589976362241,1.0,8.105263157894736,-0.21764239315601436,-0.11489364873833535,0.43387898500698596,0.06980484666523697,7.901894273127754,24.345805320081848,-0.39960440874047454,0.09099314282320731,0.2256742589280355,Insurance—Reinsurance,Financial Services,RE
2010Q1,2010,Q1,2010-05-10,2010-03-31,-22700000.0,932600000.0,6842000.0,-0.38,932600000.0,1.0,18159955000.0,6036955000.0,15044388000.0,11305000000.0,12123000000.0,0.0,4516000000.0,4824279869.18,5428279869.18,101.27330532194935,1.330772932330827,0.04504416448168511,0.13549877380235567,0.0023119489657406913,101.27330532194935,-0.0037601737962267403,5.172935737915505,-53.1308355636564,0.7991247026323701,-1.2459911894273128,0.0,0.005862843940852779,0.051354752806380854,0.08451685095090668,-0.0012500030974746357,17.779988608715524,1.0,-1.115501519756839,-1.127943902314823,-0.12387066884271054,0.5138633078278412,-0.08836754643206256,-1.115095803312934,-0.9711486967998751,-1.0821186535167553,-0.004399296287502687,0.2505400928056555,Insurance—Reinsurance,Financial Services,RE
2009Q4,2009,Q4,2010-03-01,2009-12-31,197227000.0,1023000000.0,237147000.0,3.29,1023000000.0,1.0,18001722000.0,6101722000.0,14918000.0,10882000000.0,11900000000.0,0.0,4567000000.0,5140800000.0,5910800000.0,101.69536666666667,0.0013708877044660908,0.05655014559162729,0.1668381483128861,0.029897264415252017,101.69536666666667,0.0323231704099269,5.025219941348974,6.5163491814001135,0.8425162601639341,0.14535535195485405,0.0,0.0055765639589168995,0.056827896797873007,0.09797197206395883,0.010956007430844671,27.62860889567255,1.0,-0.12266666666666666,1.0041031891449774,-0.20920687968699045,0.5586365812457564,0.0631885262939098,-0.13730764856660455,-0.18527463617749315,0.0433976170053291,0.14131323454266734,0.3041219081487701,Insurance—Reinsurance,Financial Services,RE
2009Q3,2009,Q3,2009-11-09,2009-09-30,228618000.0,962200000.0,291076000.0,3.75,962200000.0,1.0,18128952000.0,6084952000.0,15113049000.0,11026000000.0,12044000000.0,0.0,4398000000.0,5332393282.0,6085393282.0,100.07706899665244,1.3706737710865227,0.056153273504171666,0.16729795074800918,0.03422700883757521,100.07706899665244,0.037571044110126094,5.541876202452713,5.831117062086101,0.8763246254037831,0.12728656536230742,0.0,0.005457211886120593,0.05307532393488603,0.14968991474696172,0.012610657251450608,16.94205520694662,1.0,-0.15349887133182838,17.365712163187393,-0.22022736403266124,0.585678047214096,0.0030230376316063797,-0.16130570678092945,-0.11799427906525745,-0.009288262292209611,0.06265300322571467,0.3429689666027142,Insurance—Reinsurance,Financial Services,RE
2009Q2,2009,Q2,2009-08-10,2009-06-30,272588000.0,959300000.0,330016000.0,4.43,959300000.0,1.0,17327415000.0,5545415000.0,14207305000.0,10764000000.0,11782000000.0,0.0,4199000000.0,4393946679.58,4939946679.58,90.32548196236571,1.319890839836492,0.05875082924948701,0.18357507959278072,0.043805174950204646,90.32548196236571,0.04915556365033095,4.580367642635255,4.029842362448091,0.7923566909924684,0.10840169046326324,0.0,0.006724933676897617,0.055363134085494,0.1550867707172055,0.01573160220379093,42.486020049893156,1.0,1.5170454545454546,-0.059191039936939464,-0.1314106904683493,0.5014924301195718,0.034731959874878655,1.5110357787685618,1.1535610341812297,0.3035372411744899,0.12894964445293375,0.33470987227199434,Insurance—Reinsurance,Financial Services,RE
2009Q1,2009,Q1,2009-05-11,2009-03-31,108556000.0,927100000.0,153242000.0,1.76,927100000.0,1.0,16724854000.0,5039854000.0,13601083000.0,10667000000.0,11685000000.0,0.0,3898000000.0,4339615200.0,4890615200.0,82.22426338630208,1.2750616855723258,0.06086749695991367,0.20198997828111687,0.02064005161459139,82.22426338630208,0.02153951285096751,4.680849099342034,9.993955193632779,0.8610597053009869,0.27211761671395407,0.0,0.006807055150880659,0.0554324719366758,0.1614377050717165,0.006490699410589772,24.041390313895384,1.0,7.518518518518519,-0.21670425136659718,-0.2015503270366709,0.3629336822950986,0.012007422770439908,7.539518072289157,5.340518340178445,-0.3203512976368006,-0.03719707067254528,0.2455126233323489,Insurance—Reinsurance,Financial Services,RE
2008Q4,2008,Q4,2009-03-02,2008-12-31,-16600000.0,916100000.0,-35305000.0,-0.27,916100000.0,1.0,16846355000.0,4960355000.0,13714000.0,10707000000.0,11886000000.0,0.0,3819000000.0,4667382000.0,5640382000.0,80.91933115823818,0.0012808443074624077,0.069985465698663,0.2376846012029381,-0.0017324868959547603,80.91933115823818,-0.0033465346734255913,5.094838991376487,-70.29189759036144,0.9409370901881013,-1.7760843373493975,0.0,0.006316817436412961,0.054379715968231705,0.1987297095358177,-0.0009853763618302,84.38891299631156,1.0,0.9287598944591029,-1.1263048360681431,-0.22803783905996958,0.45224746746751204,-0.008120398440883499,0.9288164665523156,0.8654047768818741,0.896758792882568,0.022782134592142553,0.20801553582924706,Insurance—Reinsurance,Financial Services,RE
2008Q3,2008,Q3,2008-11-10,2008-09-30,-233200000.0,923600000.0,-262305000.0,-3.79,923600000.0,1.0,17370576000.0,5036576000.0,14119579000000.0,11155000000.0,12334000000.0,0.0,3865000000.0,5312595880.0,6267595880.0,82.03426933350707,1265.762348722546,0.06787339694435003,0.23408760237113468,-0.03487359540554698,82.03426933350707,-0.04630129675398525,5.75205270679948,-5.695321483704974,1.0548030805054862,-0.12634219554030876,0.0,0.005545876378611354,0.053170372703818226,0.13283056925145675,-0.013425000990180175,14.151864762559304,1.0,-2.540650406504065,-3.101164861486988,-0.20175015707303698,0.5040342329948904,-0.008906535035948062,-2.523914080521738,-2.386434030677506,0.4874895989914521,-0.11079511575852888,0.2840555404244176,Insurance—Reinsurance,Financial Services,RE
2008Q2,2008,Q2,2008-08-11,2008-06-30,153027000.0,931900000.0,189194000.0,2.46,931900000.0,1.0,17792603000.0,5567603000.0,14580935000000.0,11046000000.0,12225000000.0,0.0,4128000000.0,4914759180.0,5867759180.0,90.29814460410653,1320.019464059388,0.0662634916318877,0.21176078826022618,0.025327961013385355,90.29814460410653,0.02748525712052386,5.273912630110527,8.029235331020015,0.8827423902171184,0.19392656197925856,0.0,0.006038139187116794,0.052375697923457296,0.13697084917617236,0.008600596551274707,-267.6301012851231,1.0,0.9838709677419355,0.22549510553250204,-0.0352710196726045,0.5987517135450134,0.02767975297750331,0.9635712727599348,0.8194005019858251,-0.2808488554781904,-0.22195313302902706,0.24480505601315616,Insurance—Reinsurance,Financial Services,RE
2008Q1,2008,Q1,2008-05-12,2008-03-31,77933000.0,906800000.0,103987000.0,1.24,906800000.0,1.0,18045984000.0,5632984000.0,14996499000000.0,11234000000.0,12413000000.0,0.0,4005000000.0,5584612810.0,6545612810.0,90.30546515542588,1334.9206871995727,0.06533309571813872,0.20930292008640536,0.014123124775395832,90.30546515542588,0.013835118296093154,6.158593747243052,17.914788375912643,0.9914128657209039,0.3848690541875714,0.0,0.005370828922336695,0.05024940729194928,0.22361767847605482,0.004318578582359377,22.28034410258047,1.0,5.526315789473684,-0.32614113393495314,-0.005095418128446222,0.8463927855291512,-0.09645277002789956,5.3681157051805855,2.839283736385453,-0.5802278706271973,-0.18589056000363333,0.349912790547532,Insurance—Reinsurance,Financial Services,RE
2007Q4,2007,Q4,2008-02-29,2007-12-31,12238000.0,1003600000.0,27085000.0,0.19,1003600000.0,1.0,17999770000.0,5684770000.0,14936000.0,11136000000.0,12315000000.0,0.0,3957000000.0,6335240000.0,7263240000.0,90.09144215530904,0.001341235632183908,0.06550083695513888,0.20739625349838253,0.008515229815009597,90.09144215530904,0.0021527695931409714,6.312514946193702,129.41738846216703,1.1144232748202654,2.4830854714822683,0.0,0.004796661215676123,0.05575626799675774,0.2266260775862069,0.0006798975764690326,26.873844065495884,1.0,-0.9512820512820513,-0.819893464386807,0.13527943336170847,0.9626058158179593,-0.008496344595929657,-0.9503704574855933,-0.919210509046872,-0.8817541111050375,-0.2623169706455458,0.3807887419366273,Insurance—Reinsurance,Financial Services,RE
2007Q3,2007,Q3,2007-11-09,2007-09-30,246587000.0,1012200000.0,335254000.0,3.9,1012200000.0,1.0,17861344000.0,5612344000.0,14888798000.0,10854000000.0,12249000000.0,0.0,3975000000.0,6971008590.0,8160008590.0,89.43831970805246,1.3717337387138382,0.07810162549917857,0.24855924725925566,0.03787525377136364,89.43831970805246,0.04393654416051475,6.8869873443983405,7.067494018338355,1.242085052163588,0.12181501863439678,0.0,0.004308989095651078,0.056669867620264186,0.2761517412935323,0.013805624033667344,19.583520169231072,1.0,-0.12359550561797758,2.2694591776159445,0.4770620301497176,0.984028382836114,0.021083425804499144,-0.12826123845751375,-0.10570077278268454,18.19417532753845,-0.20517613374167468,0.41711164767943476,Insurance—Reinsurance,Financial Services,RE
2007Q2,2007,Q2,2007-08-09,2007-06-30,282868000.0,991300000.0,374879000.0,4.45,991300000.0,1.0,17484925000.0,5337925000.0,2640747000.0,10752000000.0,12147000000.0,0.0,3758000000.0,6833564640.0,8040564640.0,84.86232333349231,0.24560518973214285,0.07978301308126858,0.2613375047420112,0.04457113959652183,84.86232333349231,0.05299212709058295,6.893538424291335,6.039534906740953,1.2801912053841147,0.10684488878204675,0.0,0.004422728340504876,0.056694552593162396,0.24560518973214285,0.016177821752166508,68.04509384926365,1.0,-0.030501089324618667,3.319703292261865,0.6189179897389085,1.0286682429317284,-0.016957556525188416,-0.049445194937865866,0.0008757151896537454,-0.04710566109509386,-0.12394503184404473,0.41067762185523743,Insurance—Reinsurance,Financial Services,RE
2007Q1,2007,Q1,2007-05-09,2007-03-31,297582000.0,1008400000.0,374551000.0,4.59,1008400000.0,1.0,17073883000.0,5196883000.0,3618985000.0,10881000000.0,11877000000.0,0.0,3506000000.0,6171421240.0,7007421240.0,80.98365330673815,0.3325967282418895,0.058334709216409646,0.19165334297501022,0.050361245762599705,80.98365330673815,0.05726163163573242,6.120013129710433,5.184639225490789,1.1875236059768903,0.10329253785511221,0.0,0.004980700361332004,0.05906096463235692,0.3325967282418895,0.017429075741001623,38.024542301033264,1.0,0.45714285714285713,2.653545104426598,0.5349644783957834,0.8949229539302328,0.030556974961676035,0.44211561853346965,0.42441367403052277,1.0509306928642825,-0.17048127785067932,0.34236956661444445,Insurance—Reinsurance,Financial Services,RE
