Quarters,Year,Quarter,FillingDate,Date,NetIncome,Revenue,OperatingIncome,EPSDiluted,GrossProfit,GrossProfitRatio,TotalAssets,CommonStockEquity,CurrentAssets,CurrentLiability,TotalLiability,Inventory,RetainedEarnings,MarketCap,EnterpriseValue,bookValuePerShare,currentRatio,debtToAssets,debtToEquity,roic,shareholdersEquityPerShare,roe,priceToSalesRatio,peRatio,pbRatio,payoutRatio,inventoryTurnover,dividendYield,assetTurnover,quickRatio,returnOnAssets,priceToFreeCashFlowsRatio,grossProfitMargin,epsdilutedGrowth,fiveYNetIncomeGrowthPerShare,fiveYRevenueGrowthPerShare,fiveYShareholdersEquityGrowthPerShare,grossProfitGrowth,netIncomeGrowth,operatingIncomeGrowth,threeYNetIncomeGrowthPerShare,threeYRevenueGrowthPerShare,threeYShareholdersEquityGrowthPerShare,Industry,Sector,Symbol
2023Q1,2023,Q1,2023-05-05,2023-03-31,23800000.0,358100000.0,10300000.0,0.34,240500000.0,0.6716001117,2289100000.0,502800000.0,1330000000.0,383300000.0,1786300000.0,386100000.0,-560500000.0,22194193680.0,22970093680.0,7.2259028785766635,3.4698669449517348,0.6101087763749945,2.777645186953063,0.0052464149996875355,7.2259028785766635,0.04733492442322991,61.97764222284278,233.13228655462186,44.141196658711216,0.0,0.3045843045843046,0.0,0.1564370276527893,2.186016175319593,0.010397099296666813,-606.3987344262295,0.6716001117006423,0.4166666666666668,4.045107293983673,1.4354996029648102,1.4775510746715854,0.10676484123331799,0.4,0.17045454545454544,11.242233495729321,0.6344669406509224,6.70158773926127,Medical Devices,Healthcare,PODD
2022Q4,2022,Q4,2023-02-24,2022-12-31,17000000.0,369700000.0,8800000.0,0.24,217300000.0,0.5877738707,2251100000.0,476400000.0,1314000000.0,364700000.0,1774700000.0,346800000.0,-584300000.0,20451862080.0,21178962080.0,6.857438968217411,3.6029613380860983,0.6227177824174848,2.9424853064651555,0.0035717815884209335,6.857438968217411,0.035684298908480266,55.320157100351636,300.7626776470588,42.930021158690174,0.0,0.43944636678200694,0.0,0.16423082048776153,2.4137647381409377,0.007551863533383679,-542.4897103448276,0.5877738707059779,4.204272363150867,3.077349817213521,1.3743454528657943,1.5193208356902834,0.15400955921402018,4.269230769230769,1.5945945945945945,2.0734152514369257,0.58576608478881,4.637465339919127,Medical Devices,Healthcare,PODD
2022Q3,2022,Q3,2022-11-04,2022-09-30,-5200000.0,340800000.0,-14800000.0,-0.0749,188300000.0,0.5525234742,2166200000.0,428000000.0,1329100000.0,334200000.0,1738200000.0,327600000.0,-601300000.0,15924489200.0,16609189200.0,6.165547840617707,3.9769599042489525,0.6493860216046533,3.286682242990654,-0.007359107421357667,6.165547840617707,-0.012149532710280374,46.726787558685444,-765.6004423076923,37.20675046728972,0.0,0.4655067155067155,0.0,0.15732619333394884,2.763016157989228,-0.0024005170344381867,698.4425087719299,0.5525234741784038,0.8502000000000001,-0.9542816848526595,1.342315990061226,3.8242293955866185,-0.010509721492380452,0.8514285714285714,0.44569288389513106,-6.340573408663879,0.5522527971598515,1.4873404208240888,Medical Devices,Healthcare,PODD
2022Q2,2022,Q2,2022-08-05,2022-06-30,-35000000.0,299400000.0,-26700000.0,-0.5,190300000.0,0.6356045424,2113700000.0,422400000.0,1309100000.0,279300000.0,1691300000.0,320400000.0,-596100000.0,15115446640.0,15818346640.0,6.090316627256474,4.687074829931973,0.6677863462175332,3.3416193181818183,-0.014115506076011659,6.090316627256474,-0.08285984848484848,50.485793720774886,-107.96747599999999,35.78467481060606,0.0,0.3405118601747815,0.0,0.14164734825188058,3.276763336913713,-0.01655864124520982,2437.975264516129,0.6356045424181697,-2.25,-2.76692037713879,1.2803170066666194,4.455361716468885,-0.09251311397234144,-2.258992805755396,-2.165938864628821,-22.54090096793496,0.4584407688715719,0.45918407621972807,Medical Devices,Healthcare,PODD
2022Q1,2022,Q1,2022-05-06,2022-03-31,27800000.0,295400000.0,22900000.0,0.4,209700000.0,0.7098849018,2069200000.0,446700000.0,1285400000.0,215000000.0,1622500000.0,314800000.0,-561100000.0,18609472620.0,19316072620.0,6.394400068710813,5.978604651162791,0.6844190991687609,3.1703604208641147,0.011663344812493716,6.394400068710813,0.062234161629729126,62.99753764387272,167.3513724820144,41.659889456010745,0.0,0.2722363405336722,0.0,0.14276048714479025,4.18093023255814,0.013435144017011406,-628.6983993243243,0.7098849018280298,-0.04761904761904753,3.301226285485676,1.3985486372736606,4.801974012175854,-0.016416510318949345,-0.04794520547945205,-0.519916142557652,4.395235757962105,0.5730461385803417,0.6971775446260898,Medical Devices,Healthcare,PODD
2021Q4,2021,Q4,2022-02-24,2021-12-31,29200000.0,307700000.0,47700000.0,0.42,213200000.0,0.6928826779,2048800000.0,556300000.0,1329800000.0,228800000.0,1492500000.0,303200000.0,-649500000.0,18377454900.0,18859754900.0,8.054147965831765,5.812062937062937,0.6217786021085513,2.2899514650368507,0.02278537668407039,8.054147965831765,0.05248966385044041,59.725235294117645,157.3412234589041,33.03515171669962,0.0,0.3116754617414248,0.0,0.1501854744240531,4.163461538461538,0.014252245216712221,-294.5104951923077,0.6928826779330517,1.3333333333333333,3.662744921551317,1.47039547747581,6.325371161137433,0.12983571807101218,1.3174603174603174,0.41543026706231456,1.525403751515181,0.5964833152612339,1.2441217654810244,Medical Devices,Healthcare,PODD
2021Q3,2021,Q3,2021-11-05,2021-09-30,12600000.0,275600000.0,33700000.0,0.18,188700000.0,0.6846879535558781,1998900000.0,497900000.0,1306900000.0,228600000.0,1501000000.0,259000000.0,-678700000.0,19574635870.0,20006835870.0,7.229667920254396,5.716972878390202,0.6433038170994047,2.5826471178951595,0.01566068298900632,7.229667920254396,0.025306286402892147,71.02552928156749,388.3856323412699,39.314392187186186,0.0,0.33552123552123553,0.0,0.13787583170743908,4.23665791776028,0.006303466906798739,-355.9024703636364,0.6846879535558781,1.4864864864864866,4.405028957012681,1.4187317064314842,5.368489802356346,0.03284072249589491,1.504,0.2813688212927757,5.50843397233162,0.5632775095447872,1.1556837107505653,Medical Devices,Healthcare,PODD
2021Q2,2021,Q2,2021-08-06,2021-06-30,-25000000.0,263200000.0,26300000.0,-0.37,182700000.0,0.6941489361702128,1923700000.0,459100000.0,1252900000.0,213300000.0,1464600000.0,197800000.0,-691300000.0,18308718960.0,18713018960.0,6.883471272640039,5.8738865447726205,0.6529604408171752,2.736005227619255,0.013497789441875133,6.883471272640039,-0.05445436724025267,69.56200212765957,-183.08718960000002,39.87958823785667,0.0,0.4069767441860465,0.0,0.13681967042678173,4.545710267229254,-0.012995789364245985,-3736.473257142857,0.6941489361702128,0.0,-4.1069683043605645,1.5845682969229022,13.34582306593363,0.09074626865671642,0.0,0.6134969325153374,-12.041201551979459,0.8683952372185739,1.2605625816823598,Medical Devices,Healthcare,PODD
2021Q1,2021,Q1,2021-05-07,2021-03-31,0.0,252300000.0,16300000.0,0.0,167500000.0,0.6638921918351169,1840100000.0,585300000.0,1191800000.0,185500000.0,1254800000.0,170100000.0,-666300000.0,17250203960.0,17499603960.0,8.853024367371017,6.424797843665768,0.5800228248464757,1.8235093114642065,0.0,8.853024367371017,0.0,68.37179532302814,0.0,29.47241407825047,0.0,0.4985302763080541,0.0,0.1371121134720939,5.095956873315364,0.0,-251.82779503649635,0.6638921918351169,1.0,1.0,1.6798159491236084,18.12730024002928,0.03972687771570453,1.0,3.232876712328767,1.0,0.8059980500532445,2.0354435153706705,Medical Devices,Healthcare,PODD
2020Q4,2020,Q4,2021-02-24,2020-12-31,-17100000.0,246100000.0,-7300000.0,-0.26,161100000.0,0.6546119463632669,1872900000.0,603600000.0,1248700000.0,207800000.0,1269300000.0,154300000.0,-666300000.0,16857520350.0,17009620350.0,9.153082113882782,6.009143407122233,0.5655934646804421,1.7549701789264414,-0.004057710967326699,9.153082113882782,-0.028330019880715707,68.49866050386022,-246.454975877193,27.928297465208743,0.0,0.5508749189889826,0.0,0.13140050189545624,4.963426371511068,-0.00913022585295531,-238.43734582743988,0.6546119463632669,-2.5294117647058822,0.45975921910394146,1.1221609627177673,14.303915930504523,0.06126482213438735,-2.4741379310344827,-1.3067226890756303,-1.201327982922424,0.6650757611366451,2.362705900433741,Medical Devices,Healthcare,PODD
2020Q3,2020,Q3,2020-11-05,2020-09-30,11600000.0,234000000.0,23800000.0,0.17,151800000.0,0.6487179487179487,1710600000.0,595000000.0,1160400000.0,175200000.0,1115600000.0,124900000.0,-649200000.0,15548221620.0,15640021620.0,9.053836087525488,6.623287671232877,0.5413889863205893,1.556470588235294,0.01350395561029486,9.053836087525488,0.019495798319327733,66.44539153846154,335.09098318965516,26.131464907563025,0.0,0.6581265012009607,0.0,0.13679410733076114,5.583904109589041,0.006781246346311236,883.4216829545454,0.6487179487179487,-0.2272727272727272,1.5306290408213425,1.3206064631586099,8.343727165870998,0.06526315789473684,-0.19444444444444445,-0.13454545454545455,5.604999278940035,0.6988284033177873,6.084168889019189,Medical Devices,Healthcare,PODD
2020Q2,2020,Q2,2020-08-07,2020-06-30,14400000.0,226300000.0,27500000.0,0.22,142500000.0,0.6296950950066283,1626700000.0,563300000.0,1085700000.0,134400000.0,1063400000.0,103700000.0,-660800000.0,12504710460.0,12638710460.0,8.750835003340013,8.078125,0.5595377143910986,1.6158352565240546,0.0154452804137463,8.750835003340013,0.02556364281910172,55.25722695536898,217.09566770833334,22.199024427480914,0.0,0.8081002892960463,0.0,0.1391160017212762,6.841517857142857,0.008852277617261942,7815.4440375,0.6296950950066283,8.333333333333334,1.823499347785955,1.642133037998697,6.075962052922298,0.12293144208037825,7.857142857142857,2.6666666666666665,2.6698392698337834,0.8570421713664935,6.8385038391447495,Medical Devices,Healthcare,PODD
2020Q1,2020,Q1,2020-05-08,2020-03-31,-2100000.0,198000000.0,7500000.0,-0.03,126900000.0,0.6409090909090909,1108200000.0,59000000.0,541300000.0,130400000.0,1049200000.0,95700000.0,-675200000.0,10418621120.0,11119121120.0,0.9382354812034858,4.151073619631902,0.8112254105757084,15.23728813559322,0.006323269632246668,0.9382354812034858,-0.03559322033898305,52.61929858585859,-1240.3120380952382,176.5867986440678,0.0,0.7429467084639498,0.0,0.17866811044937736,3.058282208588957,-0.0018949648077964266,-336.0845522580645,0.6409090909090909,-1.375,0.8405699243237751,1.9059615179860543,-0.3434995451851087,-0.0537336137085589,-1.422705314009662,-0.5862753751103266,0.8068877545636944,0.7859908004369346,-0.148689819099569,Medical Devices,Healthcare,PODD
2019Q4,2019,Q4,2020-02-26,2019-12-31,4968000.0,209394000.0,18128000.0,0.08,134106000.0,0.6404481503768016,1142900000.0,75900000.0,591000000.0,157700000.0,1067000000.0,101000000.0,-672000000.0,10682366400.0,11356566400.0,1.2164046348382134,3.7476220672162333,0.7768833668737423,11.69828722002635,0.013778018776923081,1.2164046348382134,0.06545454545454546,51.01562795495573,537.5586956521739,140.74264031620552,0.0,0.7454257425742574,0.0,0.18321287951701812,2.9099556119213696,0.00434683699361274,-3570.3096256684494,0.6404481503768016,7.000000000000001,1.828128526050932,1.5975917201884837,-0.1850003769673754,0.08958401039974001,4.830985915492958,0.0661020936250294,1.5014804964731674,0.8609254139334876,0.10633868040659267,Medical Devices,Healthcare,PODD
2019Q3,2019,Q3,2019-11-06,2019-09-30,852000.0,192115000.0,17004000.0,0.01,123080000.0,0.6406579392551336,1268390000.0,150568000.0,793901000.0,113282000.0,1117822000.0,90207000.0,-676982000.0,10018342990.0,10769853990.0,2.4787712164364617,7.008183118235907,0.7771828853901402,6.547015302056214,0.011282473842970969,2.4787712164364617,0.005658572870729504,52.147635478749706,2939.654633215963,66.53699982732056,0.0,0.7652953761903178,0.0,0.1514636665378945,6.029563390476863,0.0006717176893542207,1405.294289521672,0.6406579392551336,-0.5,1.072193439921667,1.3543692493729804,0.7222196962024052,0.05722482777577351,-0.39229671897289586,1.236485597790346,1.2610462140035095,0.9116012211828094,1.1835068205587187,Medical Devices,Healthcare,PODD
2019Q2,2019,Q2,2019-08-06,2019-06-30,1402000.0,177136000.0,7603000.0,0.02,116418000.0,0.6572238280191491,977723000.0,249780000.0,498807000.0,105773000.0,727943000.0,85109000.0,-677834000.0,7091632500.0,7768997500.0,4.173782270866405,4.715825399676666,0.6211892325331407,2.4315437585074866,0.006600926592364924,4.173782270866405,0.005612939386660261,40.0349590145425,1264.556437232525,28.391514532788854,0.0,0.713414562502203,0.0,0.18117196792956697,3.6728371134410485,0.0014339439698155818,-187.86279106731305,0.6572238280191491,-0.7142857142857143,1.044604241225125,1.278144126982058,1.9702614565526364,0.09111869235960111,-0.6797624486066697,0.0465244322092223,1.3191854490465305,0.9385672810927829,7.698567859442169,Medical Devices,Healthcare,PODD
2019Q1,2019,Q1,2019-05-03,2019-03-31,4378000.0,159555000.0,7265000.0,0.07,106696000.0,0.6687098492682774,952612000.0,223630000.0,496382000.0,113973000.0,728982000.0,73822000.0,-679236000.0,5664250608.330001,6321717608.330001,3.7676671418131344,4.355259579023102,0.6294283506821245,2.6812189777757904,0.008213388139285956,3.7676671418131344,0.01957697983275947,35.500301515652914,323.449669274212,25.328670609175873,0.0,0.7160331608463602,0.0,0.16749211641255832,3.4616268765409353,0.004595785062543827,-145.65548776820614,0.6687098492682774,-0.5625,1.6613511662602014,1.1411975003346406,0.6944545004573666,-0.032779751976212926,-0.5574648741534418,-0.5524548758701411,1.3370303202193412,0.8876760411612091,7.140190022695401,Medical Devices,Healthcare,PODD
2018Q4,2018,Q4,2019-02-26,2018-12-31,9893000.0,164907000.0,16233000.0,0.16,110312000.0,0.6689346116295851,928744000.0,212099000.0,461286000.0,115657000.0,716645000.0,71414000.0,-683614000.0,4687574040.0,5340686040.0,3.588997749462748,3.988396724798326,0.6373963115777868,2.79104569092735,0.018343451082534518,3.588997749462748,0.046643312792611,28.42556131637832,118.45683917921762,22.100877609041056,0.0,0.7644859551348475,0.0,0.17755915516008716,3.1612267307642425,0.010652020362984849,-1076.1189256198347,0.6689346116295851,4.333333333333334,4.66111992155947,1.2262057594265128,0.5749145288742091,0.08181898420108072,4.963230861965039,1.3646030589949016,1.3487672530890222,0.5868001629951317,5.000789586410481,Medical Devices,Healthcare,PODD
2018Q3,2018,Q3,2018-11-02,2018-09-30,1659000.0,151076000.0,6865000.0,0.03,101969000.0,0.6749516799491646,886306000.0,197929000.0,445712000.0,97224000.0,688377000.0,58050000.0,-693507000.0,6207983818.97,6829186818.97,3.3537702605440076,4.584382457006501,0.6594618562889115,2.9530033496859986,0.007855519218351795,3.3537702605440076,0.00838179347139631,41.09179365994599,935.500876879144,31.364700569244526,0.0,0.8459431524547804,0.0,0.17045580194650606,3.8031453139142597,0.001871814023599073,-285.20162718656684,0.6749516799491646,2.0,1.0719050170929967,1.2815049395221414,0.5041329008703277,0.24243347304805538,1.9810762862211708,0.5872832369942197,1.0845060161850695,0.6683583318117795,2.461153260186751,Medical Devices,Healthcare,PODD
2018Q2,2018,Q2,2018-08-02,2018-06-30,-1691000.0,124262000.0,4325000.0,-0.03,82072000.0,0.6604754470393202,838856000.0,179148000.0,421793000.0,76109000.0,659708000.0,40808000.0,-695166000.0,5041988100.0,5646407100.0,3.0450257508541125,5.541959558002339,0.6879833964351451,3.221464934021033,0.007561083335369227,3.0450257508541125,-0.009439122959787438,40.575462329593925,-745.4151537551745,28.144261169535802,0.0,1.0338659086453637,0.0,0.14813269500367165,4.775072593254412,-0.0020158406210362685,-83.07500329532722,0.6604754470393202,0.7272727272727273,0.8529007319289224,0.8921825805471865,0.18500790909521203,0.08252984237947636,0.7425787791140204,0.0,0.8941931861876536,0.5873683928093322,1.4622206515139504,Medical Devices,Healthcare,PODD
2018Q1,2018,Q1,2018-05-04,2018-03-31,-6569000.0,123578000.0,0.0,-0.11,75815000.0,0.6134991665183123,829763000.0,170568000.0,451611000.0,82414000.0,659195000.0,26334000.0,-693475000.0,5069287890.4800005,5584871890.4800005,2.9165505213790603,5.479784987987478,0.6867949040870707,3.341054594062192,0.0,2.9165505213790603,-0.03851249941372356,41.0209575367784,-192.92464189678796,29.720040631771493,0.0,1.8137388926862612,0.0,0.1489316829022263,4.948528162690805,-0.007916718388262673,-127.88314557214936,0.6134991665183123,0.0833333333333333,0.44125276865989205,0.9545162622895097,0.19439280632056669,-0.046448156160386375,0.042419825072886296,1.0,0.46375614923523073,0.9501945416743323,1.040763520603518,Medical Devices,Healthcare,PODD
2017Q4,2017,Q4,2018-02-22,2017-12-31,-6860000.0,130524000.0,-768000.0,-0.12,79508000.0,0.609144678373326,816744000.0,158516000.0,537171000.0,86025000.0,658228000.0,33793000.0,-707255000.0,4018312635.0,4479387635.0,2.721939528729576,6.244359197907585,0.6932074187260635,3.5717088495798532,-0.0010504244385901537,2.721939528729576,-0.04327638850336875,30.78600590695964,-146.4399648323615,25.34957124201973,0.0,1.5096617642707069,0.0,0.15981017307748818,5.735879104911363,-0.008399204646743656,-527.8224924471299,0.609144678373326,-1.9999999999999996,0.4428018400789427,0.8688841867254342,1.9710974909762098,0.07991959143757471,-2.0803771890435563,-1.3751831949193942,-0.22520666525435196,0.7348666964326319,0.8237185442221351,Medical Devices,Healthcare,PODD
2017Q3,2017,Q3,2017-11-03,2017-09-30,-2227000.0,121775000.0,2047000.0,-0.04,73624000.0,0.6045904331759392,500348000.0,74254000.0,366020000.0,74940000.0,426094000.0,35054000.0,-700395000.0,3200148000.0,3616391000.0,1.278037865748709,4.884174005871364,0.6894261593930624,4.645581382821128,0.005163583054298938,1.278037865748709,-0.029991650281466317,26.27918702525149,-359.2442748091603,43.09731462278127,0.0,1.3736235522336966,0.0,0.24338060709746018,4.3091673338670935,-0.004450902172088227,220.19872015413196,0.6045904331759392,0.6923076923076923,0.8516993733620154,0.839067207755628,0.5697777746344465,0.13900276922600907,0.7132741084073645,1.6095890410958904,0.8027130026781696,0.5602404920571036,-0.11203503966404404,Medical Devices,Healthcare,PODD
2017Q2,2017,Q2,2017-08-04,2017-06-30,-7767000.0,109756000.0,-3358000.0,-0.13,64639000.0,0.5889336346076752,459327000.0,64725000.0,338745000.0,48018000.0,394602000.0,33956000.0,-698168000.0,2974799870.0,3427264870.0,1.1163909826310434,7.054542046732475,0.742033453291446,5.265909617612978,-0.008388976866900764,1.1163909826310434,-0.12,27.10375624111666,-95.75125112656109,45.960600540749326,0.0,1.328690069501708,0.0,0.23894959364461485,6.171810571035862,-0.016909521974541014,650.2294797814208,0.5889336346076752,0.23529411764705885,0.557415077637742,0.7739935474086127,0.11812553858918785,0.08823529411764706,0.22150947178510574,0.367370007535795,0.7449334079872154,0.45705104265870206,-0.20552321828144296,Medical Devices,Healthcare,PODD
2017Q1,2017,Q1,2017-05-09,2017-03-31,-9977000.0,101713000.0,-5308000.0,-0.17,59398000.0,0.5839764828488001,444957000.0,63585000.0,337168000.0,39379000.0,381372000.0,34333000.0,-690401000.0,2486034460.0,2924748460.0,1.1021076715083025,8.562127022016812,0.7568416723413723,5.296249115357395,-0.013387312728250547,1.1021076715083025,-0.15690807580404184,24.44165898164443,-62.29413801744012,39.097813320751754,0.0,1.232487694055282,0.0,0.22859062785842227,7.483074735264989,-0.02242239137714431,-52.322146314770386,0.5839764828488001,-0.06250000000000006,0.44298126995590986,0.7575632758692225,-0.10886010455789488,-0.025255591840753565,-0.09408926417370325,-0.2836759371221282,-0.5505408934714651,0.4042669001983611,-0.5043428111653359,Medical Devices,Healthcare,PODD
2016Q4,2016,Q4,2017-02-28,2016-12-31,-9119000.0,103575000.0,-4135000.0,-0.16,60937000.0,0.5883369538981414,456647000.0,63150000.0,369960000.0,55697000.0,393497000.0,35514000.0,-680424000.0,2164184485.92,2521174485.92,1.0994866729157207,6.642368529723324,0.7287204339456955,5.269485352335709,-0.010666567114890491,1.0994866729157207,-0.14440221694378463,20.8948538346126,-59.331738291479326,34.27053817767221,0.0,1.200596947682604,0.0,0.2268163373459149,5.87774925040846,-0.01996947313789426,126.11797703496504,0.5883369538981414,-2.1999999999999997,0.4748904630722058,0.8122082941906991,-0.2696668245066986,0.0951816106827699,-1.9597533268419345,-2.7100909842845327,-2.4722837737182264,0.4386766749161902,-0.5175261573407941,Medical Devices,Healthcare,PODD
2016Q3,2016,Q3,2016-11-04,2016-09-30,-3081000.0,94871000.0,2418000.0,-0.05,55641000.0,0.5864911300608194,453197000.0,65095000.0,361807000.0,54252000.0,388102000.0,32663000.0,-671305000.0,2347543119.22,2528396119.22,1.1352248562256335,6.669007594190076,0.7258697652455776,5.0535678623550195,0.006256559547158532,1.1352248562256335,-0.04733082418004455,24.744580738265643,-190.48548516877636,36.06334002949536,0.0,1.2010531794385084,0.0,0.20933721979624756,5.921311656713117,-0.0067983680386233805,-220.98683227148638,0.5864911300608194,0.375,0.8125155691111353,0.7557161311585234,-0.35617092331212835,0.10274094773767763,0.26607908527870416,2.877329192546584,0.8625594489981301,0.4745849448231623,-0.4908628428657518,Medical Devices,Healthcare,PODD
2016Q2,2016,Q2,2016-08-04,2016-06-30,-4198000.0,87330000.0,-1288000.0,-0.08,50457000.0,0.5777739608382,263045000.0,27444000.0,181290000.0,55181000.0,235601000.0,24486000.0,-668224000.0,1729605921.12,1865239921.12,0.4798240742969919,3.285369964299306,0.6679085327605543,6.40176359131322,-0.006364272225430012,0.4798240742969919,-0.1529660399358694,19.80540388320165,-103.00178186755598,63.0230987144731,0.0,1.505880911541289,0.0,0.3319964264669543,2.7177108062557767,-0.015959246516755687,1847.8695738461538,0.5777739608382,0.6363636363636365,0.8247446463330979,1.198388390100853,-0.7635128366362424,0.14542235136546275,0.663648746094063,0.832705546174828,0.6243659469306667,0.36786670549637757,-0.8132707669691344,Medical Devices,Healthcare,PODD
2016Q1,2016,Q1,2016-04-29,2016-03-31,-12481000.0,81213000.0,-7699000.0,-0.22,44051000.0,0.542413160454607,254774000.0,26396000.0,171845000.0,49775000.0,228378000.0,14024000.0,-664026000.0,1891100706.9999998,1957593706.9999998,0.4628475663723603,3.452435961828227,0.6817061395589817,6.579822700409153,-0.037870250694007436,0.4628475663723603,-0.47283679345355356,23.28568956940391,-37.879591118500116,71.64345760721321,0.0,2.649885909868796,0.0,0.3187648661166367,3.0559316926167757,-0.048988515311609505,-138.2686778533304,0.542413160454607,0.5416666666666667,-0.012992939253272414,1.2971492222804542,-0.6470710500658687,-0.02802232960437766,0.5432722216123248,0.6797420965058236,-0.0886629016134317,0.3171996232228532,-0.8104535478998895,Medical Devices,Healthcare,PODD
2015Q4,2015,Q4,2016-02-29,2015-12-31,-27327000.0,100119000.0,-24040000.0,-0.48,45321000.0,0.45267132112785785,275126000.0,34051000.0,190761000.0,65156000.0,241075000.0,14043000.0,-651545000.0,2152641758.73,2207455758.73,0.598087584605611,2.9277579961937503,0.6240704259139449,5.042377610055505,-0.11422963576389843,0.598087584605611,-0.8025314968723386,21.50083159769874,-19.693359669283126,63.21816565534052,0.0,3.902157658619953,0.0,0.3639023574653068,2.6253760206274173,-0.09932539999854612,-97.50608138469902,0.45267132112785785,-0.4545454545454544,-0.048961190181476814,1.8868729390401382,-0.5883684210373837,0.2712406384112648,-0.4438104295450943,-0.5279013601118596,-1.2704244937464253,0.46635142873558966,-0.34716531971041653,Medical Devices,Healthcare,PODD
2015Q3,2015,Q3,2015-11-06,2015-09-30,-18927000.0,87303000.0,-15734000.0,-0.33,35651000.0,0.40835939200256577,293120000.0,55133000.0,194338000.0,59437000.0,237987000.0,13019000.0,-624218000.0,1474234460.71,1509718460.71,0.968974792050396,3.269646852970372,0.5931700327510917,3.153646636315818,-0.06686480210027174,0.968974792050396,-0.3432971178785845,16.886412388004995,-19.47263777553231,26.73960170333557,0.0,3.9674322144557954,0.0,0.2978404748908297,2.9824856570822886,-0.06457082423580786,236.977087399132,0.40835939200256577,-0.2222222222222222,-0.10392582219888334,1.420469121565242,0.16130282587079695,0.03712,-0.22647744945567652,-0.2728743629156217,-0.2870088634372508,0.3463116895284008,0.1901643398105888,Medical Devices,Healthcare,PODD
2015Q2,2015,Q2,2015-08-12,2015-06-30,-15432000.0,75588000.0,-12361000.0,-0.27,34375000.0,0.4547679525850664,300393000.0,70255000.0,203829000.0,52682000.0,230138000.0,23435000.0,-605291000.0,1760211031.665,1795844031.665,1.2366989729299085,3.8690444554117156,0.5733156232002743,2.451355775389652,-0.04936045474354109,1.2366989729299085,-0.21965696391715892,23.28691103964915,-28.515601212820762,25.05460154672265,0.0,1.758608918284617,0.0,0.25163036422286805,3.3590790023157813,-0.051372701760693494,3321.1528899339623,0.4547679525850664,-0.28571428571428586,0.24146500628162512,1.2209499775129113,0.07655116585745084,0.04779467796506843,-0.30403920905864457,-0.4323290845886443,0.10255462182961168,0.24686409877573443,0.2386204534912,Medical Devices,Healthcare,PODD
2015Q1,2015,Q1,2015-04-30,2015-03-31,-11834000.0,61215000.0,-8630000.0,-0.21,32807000.0,0.5359307359307359,305716000.0,80742000.0,205427000.0,47376000.0,224974000.0,20065000.0,-589859000.0,1884163210.8000002,1919111210.8000002,1.4291467345106916,4.336098446470787,0.5580178989650525,2.112840900646504,-0.03317319156573597,1.4291467345106916,-0.14656560402268956,30.77943658907131,-39.804022536758495,23.335602422531025,0.0,1.4157986543732868,0.0,0.20023485849612058,3.835296352583587,-0.03870912873385757,-240.51100469747257,0.5359307359307359,-1.0999999999999999,0.4271947479161798,0.9730148010209039,0.3231326409197193,-0.10541815504594661,-1.1914814814814816,-2.827050997782705,0.32530209715672515,0.08019043695515915,0.15557645091093947,Medical Devices,Healthcare,PODD
2014Q4,2014,Q4,2015-02-26,2014-12-31,-5400000.0,72561000.0,-2255000.0,-0.1,36673000.0,0.5054092418792464,302156000.0,83829000.0,208196000.0,44296000.0,218327000.0,13099000.0,-578025000.0,2587006743.02,2610450743.02,1.4925217146873704,4.700108361928843,0.5592938746872477,2.015937205501676,-0.008731019200200266,1.4925217146873704,-0.06441684858461869,35.6528540541062,-119.76883069537037,30.86052252824202,0.0,2.7397511260401557,0.0,0.2401441639418049,4.313594906989344,-0.01787156303366473,1310.5403966666668,0.5054092418792464,0.47368421052631576,0.7560466481701755,1.4218456899051484,0.06984974169320014,-0.035986541191314864,0.5020746887966805,0.2159248956884562,0.682015311636361,0.29827349070693165,-0.008593600784927843,Medical Devices,Healthcare,PODD
2014Q3,2014,Q3,2014-11-05,2014-09-30,-10845000.0,74985000.0,-2876000.0,-0.19,38042000.0,0.5073281322931253,301197000.0,80340000.0,206613000.0,47764000.0,220857000.0,9662000.0,-572625000.0,2056939067.7,2085070067.7,1.439288623804673,4.325705552298802,0.5558421896632436,2.08386855862584,-0.011307274763742414,1.439288623804673,-0.13498879761015684,27.43134050410082,-47.41676043568465,25.60292591112771,0.0,3.8235354998965017,0.0,0.24895666291496926,4.051524160455573,-0.036006334724449446,1200.0811363477246,0.5073281322931253,0.6415094339622641,0.7799090131168868,1.008305141394752,132.04489055534427,0.06366559485530547,0.6274604101542373,0.4553030303030303,0.3220699703290909,0.4255321680177515,-0.18372482713914345,Medical Devices,Healthcare,PODD
2014Q2,2014,Q2,2014-08-07,2014-06-30,-29111000.0,72013000.0,-5280000.0,-0.53,35765000.0,0.49664643883743215,325328000.0,77884000.0,231832000.0,71199000.0,247444000.0,8765000.0,-561780000.0,2198747396.83,2217907396.83,1.40519019349583,3.2561131476565683,0.5984882948900802,2.4999358019618922,-0.018934571775145174,1.40519019349583,-0.37377381747213806,30.53264545054365,-18.882444753100206,28.231053834292023,0.0,4.1355390758699375,0.0,0.22135506319775733,3.052599053357491,-0.08948199970491319,-713.8790249448052,0.49664643883743215,-3.8181818181818183,0.27676605865154547,1.4772131810025169,12.282474482217243,0.0901304559863448,-3.7381184895833335,-1.799575821845175,-0.2541174834842548,0.8706998182022023,-0.3074348273723501,Medical Devices,Healthcare,PODD
2014Q1,2014,Q1,2014-05-07,2014-03-31,-6144000.0,69161000.0,-1886000.0,-0.11,32808000.0,0.4743713942829051,288528000.0,122492000.0,199857000.0,43118000.0,166036000.0,10449000.0,-532669000.0,2612321707.76,2590393707.76,2.2235280680573997,4.635117584303539,0.4030007486275162,0.9492619926199262,-0.0077430401812820645,2.2235280680573997,-0.05015837768997159,37.77160115903472,-106.29564240559895,21.326467914312772,0.0,3.4790889080294765,0.0,0.23970290578384074,4.227770304745118,-0.0212942937947097,-823.037715110271,0.4743713942829051,-1.7500000000000002,0.8421477550619096,1.7995048744120754,2.999761609089278,-0.006360167181537343,-1.4576,-10.155339805825243,0.4837699665261672,1.0251628115543832,0.6954770495157732,Medical Devices,Healthcare,PODD
2013Q4,2013,Q4,2014-02-28,2013-12-31,-2500000.0,68533000.0,206000.0,-0.04,33018000.0,0.4817824989421155,287955000.0,124597000.0,198198000.0,42374000.0,163358000.0,9464000.0,-526525000.0,2028454631.7,2000405631.7,2.2788523971699335,4.677349317978005,0.3946831970273133,0.912148767626829,0.000787927000016906,2.2788523971699335,-0.020064688555904236,29.59821737994835,-202.84546317000002,16.280124173936773,0.0,3.7526415891800506,0.0,0.2379989928981959,4.313824515032803,-0.008681912104321857,-321.56858460684845,0.4817824989421155,0.8974358974358975,0.9550489496100932,1.9383514983085566,13.825125455991653,0.2052564336557766,0.8825739783936121,1.011898573326402,0.9000733871779998,1.0577120649419205,0.5684117754899849,Medical Devices,Healthcare,PODD
2013Q3,2013,Q3,2013-11-07,2013-09-30,-21290000.0,61103000.0,-17313000.0,-0.39,27395000.0,0.4483413253031766,289496000.0,121426000.0,199686000.0,48294000.0,168070000.0,5395000.0,-524025000.0,1973571111.3600001,1939468111.3600001,2.2297034115824705,4.134799353957013,0.38382913753557907,0.915100555070578,-0.07178713477935944,2.2297034115824705,-0.17533312470146425,32.299086973798346,-23.174860396430248,16.253282751305324,0.0,6.248007414272474,0.0,0.21106681957609086,3.90048453224003,-0.07354160333821538,1054.2580723076924,0.4483413253031766,-0.95,0.47785746117553984,2.075988813559361,0.9527146867142768,0.02094435955726158,-1.0239566498716608,-1.973720371006527,-0.2973833700255245,0.7699763677488722,1.6722685605115388,Medical Devices,Healthcare,PODD
2013Q2,2013,Q2,2013-08-08,2013-06-30,-10519000.0,60092000.0,-5822000.0,-0.2,26833000.0,0.4465319842907542,286152000.0,138335000.0,197129000.0,33853000.0,147817000.0,5979000.0,-502735000.0,1693101535.1499999,1655111535.1499999,2.5696248332883096,5.823088057188432,0.37976320277335124,0.7855568005204756,-0.02343139157161191,2.5696248332883096,-0.07604004771026855,28.17515701174865,-40.2391276535317,12.23914074637655,0.0,5.562635892289681,0.0,0.21000027957169617,5.452810681475793,-0.036760183399032684,616.5701147669337,0.4465319842907542,0.0,0.7744455859678548,3.1489284851851003,0.3811424618947334,0.06670642019479228,0.013689639006094703,0.061875604253947794,0.454394492216446,0.863174216145193,1.2368682036979204,Medical Devices,Healthcare,PODD
2013Q1,2013,Q1,2013-05-08,2013-03-31,-10665000.0,57356000.0,-6206000.0,-0.2,25155000.0,0.4385766092475068,280899000.0,129547000.0,194757000.0,42980000.0,151352000.0,9199000.0,-492216000.0,1379362400.0,1352216400.0,2.4418687938717194,4.531340158213123,0.43047145059256176,0.9333986892787945,-0.025085949113048074,2.4418687938717194,-0.08232533366268613,24.049138712601994,-32.33385841537741,10.647582730591985,0.0,3.5004891836069136,0.0,0.20418727015760113,4.168799441600744,-0.03796738329435135,-607.9164389598942,0.4385766092475068,0.04761904761904753,0.7229034649770358,3.43959584496284,-0.09160444844344016,-0.006477349026422844,-0.04620364920541495,-0.019717384160368057,0.4502643111465502,0.9686521774376987,1.2607309858361972,Medical Devices,Healthcare,PODD
2012Q4,2012,Q4,2013-02-28,2012-12-31,-10194000.0,57828000.0,-6086000.0,-0.21,25319000.0,0.43783288372414747,198059000.0,44176000.0,109936000.0,48286000.0,153883000.0,14867000.0,-481551000.0,1023222776.6999999,1084088776.6999998,0.9161394188499792,2.276767593091165,0.5965848560277494,2.674732886635277,-0.037745864804034635,0.9161394188499792,-0.2307587830496197,17.69424459950197,-25.09375065479694,23.162413453006156,0.0,2.1866550077352525,0.0,0.29197360382512283,1.8760510292838504,-0.051469511610176766,-133.7895890036611,0.43783288372414747,0.19230769230769237,0.6303703480652254,6.5333444037615775,-0.7280193092726177,0.038089380893808936,0.17902875090601594,0.2815488135993389,0.4635781411851981,1.248175387837783,-0.34330501796624713,Medical Devices,Healthcare,PODD
2012Q3,2012,Q3,2012-11-08,2012-09-30,-12417000.0,54752000.0,-8471000.0,-0.26,24390000.0,0.4454631794272355,191642000.0,39113000.0,113394000.0,49342000.0,152529000.0,15089000.0,-482696000.0,1042498206.4,1094706206.4,0.8141520961757311,2.2981233026630457,0.6034741862430991,2.9568429933781606,-0.054858656070058125,0.8141520961757311,-0.31746478153043745,19.04036759205143,-20.989333301119434,26.653496443637664,0.0,2.012194313738485,0.0,0.28569937696329617,1.8967208463378056,-0.06479268636311455,-128.13399783677482,0.4454631794272355,0.13333333333333328,0.5011728963811499,6.913381337086549,-0.777454021126223,0.0922036630692759,0.14223542415031776,0.19469531324270367,0.7072089921389032,0.7038197346983115,74.25855116173302,Medical Devices,Healthcare,PODD
2012Q2,2012,Q2,2012-08-08,2012-06-30,-14476000.0,51035000.0,-10519000.0,-0.3,22331000.0,0.4375624571372587,191940000.0,47750000.0,115615000.0,43140000.0,144190000.0,16426000.0,-470279000.0,1022002940.3000001,1065089940.3000001,0.9984486930149784,2.6799953639313863,0.5899291445243305,2.3713298429319374,-0.06565606532354623,0.9984486930149784,-0.3031623036649215,20.025530328206134,-17.649954067076543,21.403202938219895,0.0,1.7474735175940581,0.0,0.26589038241117013,2.219170143718127,-0.07541940189642597,-74.79529715310305,0.4375624571372587,0.03225806451612906,0.6944609407742539,3.24967687246605,-0.8833879936303299,0.10026606227828143,0.020568335588633288,0.03451124368976595,0.5831922703938557,1.0346331324260563,9.016688383456245,Medical Devices,Healthcare,PODD
2012Q1,2012,Q1,2012-05-09,2012-03-31,-14780000.0,47754000.0,-10895000.0,-0.31,20296000.0,0.4250115173598023,203942000.0,58878000.0,127369000.0,32580000.0,145064000.0,14703000.0,-455803000.0,911206573.86,939044573.86,1.2367392338119187,3.9094229588704725,0.5435074678094752,1.8826047080403547,-0.06439362324406779,1.2367392338119187,-0.2510275484900982,19.081261755245635,-15.412831086941814,15.476180812187915,0.0,1.8675100319662654,0.0,0.2341548087201263,3.351841620626151,-0.07247158505849702,-85.94666797396718,0.4250115173598023,-0.03333333333333337,0.9869901102529195,-0.758006855568495,1.0052983844684922,0.010756972111553785,-0.030755282795174,-0.03643455098934551,0.5605958153626005,1.2367627305688913,1.2246906521747154,Medical Devices,Healthcare,PODD
2011Q4,2011,Q4,2012-02-28,2011-12-31,-14339000.0,47192000.0,-10512000.0,-0.3,20080000.0,0.42549584675368707,209583000.0,71396000.0,131785000.0,27995000.0,138187000.0,11838000.0,-441023000.0,893007816.54,907592816.54,1.5054590285770266,4.707447758528309,0.5178855155236828,1.5202532354753768,-0.05858422086636921,1.5054590285770266,-0.20083758193736342,18.92286439523648,-15.569562321988979,12.507812994285393,0.0,2.2902517317114377,0.0,0.22517093466550245,4.184497231648509,-0.06841680861520257,-89.80368227473853,0.42549584675368707,-0.03448275862068969,0.9745091064309716,-0.4437693803853346,1.0135697089952047,0.08183826302462152,-0.05729243474413803,-0.07616707616707617,0.70276143946339,1.3326997105536458,8.793797525116958,Medical Devices,Healthcare,PODD
2011Q3,2011,Q3,2011-11-08,2011-09-30,-13562000.0,44594000.0,-9768000.0,-0.29,18561000.0,0.4162219132618738,215780000.0,83440000.0,137857000.0,24761000.0,132340000.0,13123000.0,-426684000.0,722133552.14,724640552.14,1.7632394952798793,5.567505351157061,0.4927194364630642,1.2741970278044104,,1.7632394952798793,-0.162535953978907,16.193513749383325,-13.311708305190974,8.654524833892618,0.0,1.9837689552693745,0.0,0.2066641950134396,4.889988288033601,-0.06285105199740476,-175.5307613368984,0.4162219132618738,0.30952380952380953,0.9685435015280541,0.2824887770084979,1.0177897979593509,0.276723070573669,0.3017556505174278,0.34508883674153534,0.6172292392636676,1.5834511140056031,0.5441980492751013,Medical Devices,Healthcare,PODD
2011Q2,2011,Q2,2011-08-09,2011-06-30,-19423000.0,32211000.0,-14915000.0,-0.42,14538000.0,0.45133649995343206,226190000.0,94099000.0,147834000.0,26611000.0,132091000.0,15957000.0,-413122000.0,1028196779.3100001,1025627779.3100001,2.0289645639621487,5.555371838713314,0.4605729696273045,1.107099969181394,,2.0289645639621487,-0.20641027003475063,31.9206724196703,-13.234268384260929,10.926755643630646,0.0,1.1075390110923107,0.0,0.14240682611963393,4.776483409116531,-0.08587028604270745,-87.54336137164752,0.45133649995343206,-0.9090909090909091,0.9540320228739047,-0.05477805534088983,0.0,0.07426291287962758,-0.9722786352558895,-1.050735597415097,0.5165573150386787,1.5815188817067334,0.09054406568051798,Medical Devices,Healthcare,PODD
2011Q1,2011,Q1,2011-05-10,2011-03-31,-9848000.0,28258000.0,-7273000.0,-0.22,13533000.0,0.4789086276452686,148926000.0,59780000.0,133537000.0,16797000.0,89146000.0,12199000.0,-393701000.0,939926450.0400001,906295450.0400001,1.3114468690050611,7.950050604274573,0.47578663228717616,1.1852960856473738,,1.3114468690050611,-0.16473737035797925,33.26231332861491,-23.860846111900894,15.723092171963868,0.0,1.2070661529633577,0.0,0.18974524260370923,7.114187057212598,-0.06612680123014114,-87.32941094862028,0.4789086276452686,0.5192102195800172,0.97628667474184,-0.15632273766330393,0.0,-0.021191957182120642,0.5278550196567264,0.252133676092545,0.7022045207269655,1.5456918155458197,-0.5121308299214212,Medical Devices,Healthcare,PODD
2010Q4,2010,Q4,2011-03-10,2010-12-31,-20858000.0,27767000.0,-9725000.0,-0.4575804415140108,13826000.0,0.49792919652825296,156233000.0,66231000.0,142457000.0,18950000.0,90002000.0,11430000.0,-383853000.0,706540251.0,662699251.0,1.4529681763311175,7.5175197889182055,0.4444195528473498,1.0483459407226223,,1.4529681763311175,-0.3149280548383687,25.445321820866496,-8.468456359670151,10.667817955338135,0.0,1.2196850393700787,0.0,0.17772813682128616,6.86622691292876,-0.13350572542292602,-66.52921384180792,0.49792919652825296,-0.525268138380036,0.9441359187931343,0.0,1.0174834340936938,0.1889242411213346,-0.7238016528925619,-0.17480067649190625,0.1999549428301648,2.826469180623491,-0.5686472167091042,Medical Devices,Healthcare,PODD
2010Q3,2010,Q3,2010-11-09,2010-09-30,-12100000.0,25455000.0,-8278000.0,-0.3,11629000.0,0.4568454134747594,149854000.0,33505000.0,133328000.0,20442000.0,116349000.0,12909000.0,-362995000.0,567795616.78,558056616.78,0.834385976219265,6.522258096076705,0.628471712466801,2.810893896433368,,0.834385976219265,-0.36114012833905385,22.305858054606166,-11.731314396280993,16.94659354663483,0.0,1.0710357115190952,0.0,0.16986533559331082,5.838959005968105,-0.080745258718486,-39.13133127360441,0.4568454134747594,0.16666666666666666,0.9524622077533715,0.0,0.0,0.17630993323892374,0.11749690029902998,0.16383838383838384,0.41844380231869405,3.4015755883413115,-0.7719231520639749,Medical Devices,Healthcare,PODD
2010Q2,2010,Q2,2010-08-09,2010-06-30,-13711000.0,22937000.0,-9900000.0,-0.36,9886000.0,0.4310066704451323,161990000.0,43981000.0,145602000.0,23760000.0,118009000.0,10231000.0,-350895000.0,576198701.4,550419701.4,1.1487600516831016,6.128030303030303,0.5697388727699241,2.098451604101771,,1.1487600516831016,-0.31174825492826447,25.12092694772638,-10.506139256801108,13.101082317364316,0.0,1.275632880461343,0.0,0.14159516019507376,5.634343434343434,-0.08464102722390271,-85.03522747933884,0.4310066704451323,0.027027027027027053,0.9435024494068726,0.0,0.0,0.17901013714967204,0.010393359797906893,0.07735321528424977,0.6385076247985473,1.3858121872736593,-0.8658326507899162,Medical Devices,Healthcare,PODD
2010Q1,2010,Q1,2010-05-07,2010-03-31,-13855000.0,20807000.0,-10730000.0,-0.37,8385000.0,0.40298937857451816,159037000.0,40924000.0,142173000.0,17932000.0,118113000.0,6600000.0,-343746000.0,571733813.22,551612813.22,1.0801235570133627,7.928451929511488,0.6175732691134768,2.3999853386765713,,1.0801235570133627,-0.33855439350992084,27.47795516989475,-10.316380606640202,13.970623917994333,0.0,1.882121212121212,0.0,0.1308311902261738,7.447245148338166,-0.08711809201632324,-55.6811271153097,0.40298937857451816,0.06116692606482727,0.9423103165159142,0.0,0.0,0.14330515407690209,0.07212697562282347,0.10299281056679485,0.9846758644466952,-0.8675130666590215,1.0046274183935224,Medical Devices,Healthcare,PODD
2009Q4,2009,Q4,2010-03-09,2009-12-31,-14932000.0,20211000.0,-11962000.0,-0.3941062690187551,7334000.0,0.3628717035277819,171648000.0,52857000.0,154304000.0,19813000.0,118791000.0,10086000.0,-329891000.0,541044324.24,510027324.24,1.3950760153713058,7.7880179680008075,0.564987649142431,1.834742796602153,,1.3950760153713058,-0.2824980608055697,26.769794876057592,-9.058470470131262,10.236001366706397,0.0,1.2767202062264524,0.0,0.11774678411633109,7.215363650128704,-0.08699198359433259,-49.052069287398005,0.3628717035277819,0.5521519670241419,0.9518852148842896,0.0,1.0167868229791694,0.2647008104845663,0.3960768452982811,0.11261127596439169,0.9667735090054737,-0.7018226755010583,1.0125747530789144,Medical Devices,Healthcare,PODD
2009Q3,2009,Q3,2009-10-26,2009-09-30,-24725000.0,18735000.0,-13480000.0,-0.88,5799000.0,0.30952762209767815,117128000.0,303000.0,99791000.0,18217000.0,116825000.0,9175000.0,-314959000.0,314537689.77000004,337745689.77000004,0.01081806762963178,5.477905253334797,0.8187794549552626,316.5082508250825,,0.01081806762963178,-81.6006600660066,16.788774473979185,-3.1803608672396364,1038.0781840594059,0.0,1.4099182561307901,0.0,0.1599532135783075,4.8883460503924905,-0.21109384604876716,-25.752226115113807,0.30952762209767815,-0.20547945205479456,0.8607357553289329,0.0,0.0,0.8299147996213316,-0.22165126735510648,0.18029796290665856,0.9031068684618386,-0.08966572406538369,1.0001091463967073,Medical Devices,Healthcare,PODD
2009Q2,2009,Q2,2009-08-05,2009-06-30,-20239000.0,14617000.0,-16445000.0,-0.73,3169000.0,0.21680235342409523,99313000.0,-3471000.0,80380000.0,16783000.0,102784000.0,10409000.0,-290234000.0,214592524.3,245309524.3,-0.12454627712303769,4.789370196031698,0.836537009253572,-23.935177182368193,,-0.12454627712303769,5.83088447133391,14.681023760005473,-2.6507303263501165,-61.824409190435034,0.0,1.099817465654722,0.0,0.14718113439328184,4.044032652088423,-0.20379003755802363,-13.342816906049867,0.21680235342409523,-0.028169014084507067,0.8854324960885429,0.0,0.0,0.5884711779448621,-0.030236701450750827,0.058779761904761904,0.9202896317521344,-0.2862033297760283,0.0,Medical Devices,Healthcare,PODD
2009Q1,2009,Q1,2009-05-08,2009-03-31,-19645000.0,12469000.0,-17472000.0,-0.71,1995000.0,0.15999679204426978,119852000.0,15457000.0,99987000.0,19790000.0,104395000.0,15147000.0,-269995000.0,113998872.3,127280872.3,0.5559151482939714,5.052400202122284,0.6795547842338885,5.269198421427185,,0.5559151482939714,-1.2709452028207284,9.142583390809207,-1.450736476202596,7.375226259946948,0.0,0.6914900640390836,0.0,0.10403664519574142,4.1159676604345625,-0.16391048960384474,-8.678355077649208,0.15999679204426978,0.302009400346498,0.8885367764672387,0.0,0.0,0.6652754590984975,0.30541314570590106,0.36131013306038895,0.9224494355680725,-0.3896835714575748,0.0,Medical Devices,Healthcare,PODD
2008Q4,2008,Q4,2009-03-16,2008-12-31,-28283000.0,11861000.0,-27356000.0,-1.0172056763407125,1198000.0,0.10100328808700784,109229000.0,4274000.0,88499000.0,16968000.0,104955000.0,16870000.0,-248370000.0,214651535.16,242988535.16,0.15371555565817646,5.215641206977841,0.7781816184346648,19.887693027608798,,0.15371555565817646,-6.617454375292466,18.09725446083804,-1.8973547286355759,50.22263340196537,0.0,0.6320687611144042,0.0,0.10858837854415952,4.042963224893918,-0.2589330672257368,-12.208596016380389,0.10100328808700784,-0.35627423512094997,0.875813615811107,0.0,1.0018496453193568,14.770114942528735,-0.3629047802621434,-0.3792477563779369,0.875813615811107,0.0,1.0018496453193568,Medical Devices,Healthcare,PODD
2008Q3,2008,Q3,2008-11-13,2008-09-30,-20752000.0,10110000.0,-19834000.0,-0.75,-87000.0,-0.008605341246290801,135332000.0,31648000.0,105964000.0,15823000.0,103684000.0,16467000.0,-220087000.0,385813304.16,396679304.16,1.1418480266230122,6.696833723061366,0.6280850057636036,2.685793731041456,,1.1418480266230122,-0.6557128412537917,38.16155332937686,-4.6479050713184265,12.190764160768452,0.0,0.6192384769539078,0.0,0.0747051695090592,5.433609302913481,-0.15334141223066236,-15.407879559105432,-0.008605341246290801,0.13793103448275862,0.881881408767504,0.0,0.0,0.9632601351351351,0.1310610501633029,0.10411491033922038,0.881881408767504,0.0,0.0,Medical Devices,Healthcare,PODD
2008Q2,2008,Q2,2008-08-13,2008-06-30,-23882000.0,7417000.0,-22139000.0,-0.87,-2368000.0,-0.3192665498179857,154573000.0,51291000.0,124952000.0,15534000.0,103282000.0,13336000.0,-199335000.0,433649296.08,419541296.08,1.8605067211988728,8.043774945281319,0.5499019880574227,1.6572108167124837,,1.8605067211988728,-0.4656177497026769,58.46694028313334,-4.539499372749352,8.454685930865065,0.0,0.7337282543491301,0.0,0.04798380053437534,7.008368739539075,-0.15450305033867492,-14.150273969849247,-0.3192665498179857,-0.19178082191780824,0.8633350851848226,0.0,0.0,0.2882476705740908,-0.20167052430310958,-0.10628622826304217,0.8633350851848226,0.0,0.0,Medical Devices,Healthcare,PODD
2008Q1,2008,Q1,2008-05-15,2008-03-31,-19874000.0,6671000.0,-20012000.0,-0.73,-3327000.0,-0.4987258282116624,116467000.0,73639000.0,90607000.0,25944000.0,42828000.0,7506000.0,-175453000.0,394478236.8,345451236.8,2.6881117919253485,3.4924067221708293,0.20613564357285755,0.3260228954765817,,2.6881117919253485,-0.269884164641019,59.13329887573078,-4.962240072456476,5.356920066812423,0.0,1.3320010658140156,0.0,0.05727802725235474,3.093509096515572,-0.17064061064507544,-20.344416544610624,-0.4987258282116624,-0.2763502080673984,0.885548630598239,0.0,0.0,-0.4352890422778257,-0.2684452387030891,-0.24654291765292138,0.885548630598239,0.0,0.0,Medical Devices,Healthcare,PODD
2007Q4,2007,Q4,2008-03-20,2007-12-31,-15668000.0,4361000.0,-16054000.0,-0.5719433392073,-2318000.0,-0.5315294657188718,130741000.0,92275000.0,108752000.0,21029000.0,38466000.0,7990000.0,-155579000.0,643218680.5600001,575307680.5600001,3.368398750660812,5.171525036853868,0.20404463787182292,0.28910322405852074,,3.368398750660812,-0.16979680303440803,147.49339155239625,-10.26325441281593,6.970671152099702,0.0,0.8359198998748436,0.0,0.033356024506466984,4.7254267915735415,-0.11983998898585753,-35.81994100128084,-0.5315294657188718,-0.09989103693711536,0.930173831203351,0.0,1.0405316362173636,0.38871308016877637,-0.14876457218271133,-0.10094637223974763,0.930173831203351,0.0,1.0405316362173636,Medical Devices,Healthcare,PODD
2007Q3,2007,Q3,2007-11-14,2007-09-30,-13639000.0,3791000.0,-14582000.0,-0.52,-3792000.0,-1.000263782643102,135605000.0,96298000.0,113891000.0,19306000.0,39307000.0,4572000.0,-139911000.0,559358713.75,484489713.75,3.6583545579922596,5.899254117890811,0.21639320084067695,0.3047207626326611,,3.6583545579922596,-0.1416332634114935,147.54911995515695,-10.252927519429576,5.808622336393279,0.0,1.6585739282589675,0.0,0.027956196305445963,5.5711177872164095,-0.1005788872091737,-35.86782390189163,-1.000263782643102,0.47474747474747475,0.9182576121857801,0.0,0.0,-0.028478437754271765,-0.07630997474747475,-0.1751148360061246,0.9182576121857801,0.0,0.0,Medical Devices,Healthcare,PODD
2007Q2,2007,Q2,2007-08-14,2007-06-30,-12672000.0,3212000.0,-12409000.0,-0.99,-3687000.0,-1.1478829389788294,149140000.0,109520000.0,127828000.0,17045000.0,39620000.0,4129000.0,-126272000.0,181634898.0,91100898.0,8.562143162598632,7.499442651804048,0.19635242054445487,0.26738495252008765,,8.562143162598632,-0.11570489408327246,56.54884744707348,-3.583390506628788,1.6584632761139517,0.0,1.6708646161298135,0.0,0.021536811050020116,7.1839835728952774,-0.08496714496446292,-14.287335640682766,-1.1478829389788294,0.9585079631181895,0.843710256511932,0.0,0.0,-0.43798751950078,-0.09619377162629758,-0.14919429523985922,0.843710256511932,0.0,0.0,Medical Devices,Healthcare,PODD
2007Q1,2007,Q1,2007-03-31,2007-03-31,-11560000.0,2008000.0,-10798000.0,-23.86,-2564000.0,-1.2768924302788844,47682000.0,-113075000.0,27247000.0,40931000.0,160757000.0,4256000.0,-113600000.0,7731518.760000001,17880518.76,-233.41817513742927,0.6656812684762161,0.0,0.0,,-233.41817513742927,0.10223303117399955,3.8503579482071717,-0.16720412543252597,-0.06837513827105904,0.0,1.074248120300752,0.0,0.04211232750304098,0.5177982458283452,-0.24243949498762635,-0.5446265680473373,-1.2768924302788844,-1.011599757352941,-2.764628894296356,0.0,0.0,-0.11429813124728379,-0.0625,-0.17395085888236572,-2.764628894296356,0.0,0.0,Medical Devices,Healthcare,PODD
