Quarters,Year,Quarter,FillingDate,Date,NetIncome,Revenue,OperatingIncome,EPSDiluted,GrossProfit,GrossProfitRatio,TotalAssets,CommonStockEquity,CurrentAssets,CurrentLiability,TotalLiability,Inventory,RetainedEarnings,MarketCap,EnterpriseValue,bookValuePerShare,currentRatio,debtToAssets,debtToEquity,roic,shareholdersEquityPerShare,roe,priceToSalesRatio,peRatio,pbRatio,payoutRatio,inventoryTurnover,dividendYield,assetTurnover,quickRatio,returnOnAssets,priceToFreeCashFlowsRatio,grossProfitMargin,epsdilutedGrowth,fiveYNetIncomeGrowthPerShare,fiveYRevenueGrowthPerShare,fiveYShareholdersEquityGrowthPerShare,grossProfitGrowth,netIncomeGrowth,operatingIncomeGrowth,threeYNetIncomeGrowthPerShare,threeYRevenueGrowthPerShare,threeYShareholdersEquityGrowthPerShare,Industry,Sector,Symbol
2023Q1,2023,Q1,2023-05-11,2023-03-31,-2389503.0,4011519.0,-2192661.0,-0.0528,391342.0,0.0975545672,38741734.0,21485638.0,26738631.0,6614674.0,17256096.0,4421748.0,-69740538.0,170023338.0832,168670818.0832,0.4750454336455635,4.0423203018017215,0.29653004173741937,0.5346868452312191,-0.05603583533439094,0.4750454336455635,-0.11121396534745676,42.38377983083216,-17.788567129147776,7.913348353127796,0.0,0.8187207864401137,0.0,0.10354515882020149,2.7248990653205283,-0.06167775040735141,-71.65602499491102,0.097554567235005,0.1358428805237316,0.6167810474538079,-0.5875006040463769,-0.061895237261513684,4.912939683307144,-0.10473748936642378,0.012401613371798422,-4.578035400398418,-0.8226904365084668,-0.5746184486292764,Pollution & Treatment Controls,Industrials,LIQT
2022Q4,2022,Q4,2023-03-22,2022-12-31,-2162960.0,4021376.0,-2220195.0,-0.0611,66184.0,0.0164580482,40125655.0,23309372.0,27667785.0,6086498.0,16816283.0,4062001.0,-67351035.0,107602216.64,102540365.64,0.6585411815174294,4.545764247355375,0.28748490211561656,0.49488763575440814,-0.04979133584726851,0.6585411815174294,-0.09279357676388708,26.75756175000796,-12.436917076598736,4.6162640778138515,0.0,0.9737053240508804,0.0,0.10021957273968488,3.476713538721281,-0.053904665232256024,-73.99501344398432,0.01645804819047013,-0.5313283208020051,0.2873716627697212,-0.5770492158090766,0.061346149393038736,-0.3830665833946998,-0.23409849235221356,0.027075171561538665,-0.5746829265936044,-0.6260884520082749,-0.411534255633727,Pollution & Treatment Controls,Industrials,LIQT
2022Q3,2022,Q3,2022-11-10,2022-09-30,-1752664.0,3305534.0,-2281980.0,-0.0399,107279.0,0.0324543629,40651333.0,24048934.0,29838879.0,6532754.0,16602399.0,4657188.0,-65188075.0,133782203.352,128239658.352,0.5479140647664044,4.567580380341889,0.2643995708578609,0.4469302048897469,-0.056408417660642744,0.5479140647664044,-0.07287907231147958,40.4721909839681,-19.082694023497943,5.562916150545384,0.0,0.6867352144684733,0.0,0.08131428310112242,3.24718732712115,-0.04311455174175961,-132.01934898500326,0.03245436289567737,0.8005000000000001,0.701549677560443,-0.6610044257548586,0.16639866460870065,-0.27582692048062646,0.7306518966556166,0.18638795872148411,-2.2500796405398087,-0.840017555276815,-0.5196862168235269,Pollution & Treatment Controls,Industrials,LIQT
2022Q2,2022,Q2,2022-08-11,2022-06-30,-6507059.0,5018292.0,-2804752.0,-0.2,148140.0,0.029520004,45520916.0,27069393.0,33782773.0,7897964.0,18451523.0,5445413.0,-63435411.0,115550982.0,108944802.0,0.843349083783641,4.277402758483072,0.24762458646482421,0.416414878604777,-0.06321721242789236,0.843349083783641,-0.2403843706432575,23.02595823439529,-4.439447298695155,4.268694979602978,0.0,0.8943586097142677,0.0,0.11024145471940855,2.9229443183078576,-0.14294657427368113,-19.11788179309813,0.0295200040173031,-0.11111111111111122,-0.7285291720360583,-0.45679465172469375,0.3176939881522468,-0.39667916967023836,-0.736895195194073,0.15865710400667615,-27.533611749993415,-0.6769269959514337,-0.3205903060440639,Pollution & Treatment Controls,Industrials,LIQT
2022Q1,2022,Q1,2022-05-12,2022-03-31,-3746374.0,3637236.0,-3333661.0,-0.18,245541.0,0.0675075799,40431224.0,8851323.0,24278811.0,19120115.0,31579901.0,5809602.0,-56928352.0,418468918.00000006,432652886.00000006,0.4145730383731869,1.2698046533715932,0.581525159861596,2.656300532700027,-0.07937663179220235,0.4145730383731869,-0.42325582288658997,115.0513516307438,-27.924929411745865,47.277555908873744,0.0,0.5838084949709119,0.0,0.08996106573474007,0.7279420652020137,-0.09266041512866392,-80.19757051346548,0.06750757993157441,-0.5,-0.9441461545151939,-0.4700922361423133,-0.29691905800149504,-0.7400579505165684,-0.4055225594614377,-0.5344009566356472,-94.60269500839276,-0.5806668729005628,-0.12162103018329842,Pollution & Treatment Controls,Industrials,LIQT
2021Q4,2021,Q4,2022-03-31,2021-12-31,-2665467.0,6116048.0,-2172614.0,-0.12,944599.0,0.1544459756,45054692.0,12774860.0,28066781.0,16867523.0,32279832.0,5421027.0,-53181928.0,985701882.88,994799156.88,0.5930571948305458,1.663953919019408,0.5429170173885552,1.914773156026759,-0.045853367422806345,0.5930571948305458,-0.20864940985654637,161.16647267647343,-92.4511429779472,77.15950569164751,0.0,0.953961122126859,0.0,0.13574719365521354,1.1399287257530344,-0.05916069740305849,-328.91407937101684,0.15444597557115314,0.07692307692307698,0.9219421735258717,-0.20490919950589853,-0.31989591434430475,3.8139301403512347,0.08212555562136617,0.16765164035855953,-1.0602587826112624,0.7890262290911886,0.2670165337842727,Pollution & Treatment Controls,Industrials,LIQT
2021Q3,2021,Q3,2021-11-15,2021-09-30,-2903956.0,4142954.0,-2610222.0,-0.13,196222.0,0.0473628237243281,48393553.0,15696223.0,30668506.0,14336488.0,32697330.0,5117362.0,-50516461.0,944343761.9200001,948243342.9200001,0.7286778862402167,2.139192387982329,0.5081652095269797,1.5667412472414541,-0.051323876947311824,0.7286778862402167,-0.18500985874117615,227.9397169073082,-81.29804324858918,60.163757989422045,0.0,0.7712434648946078,0.0,0.08560962655500827,1.73438794773169,-0.060007084001457794,-254.41947117795095,0.0473628237243281,0.07142857142857148,-0.4209835170816401,-0.48480590298081155,-0.607172993558397,-0.38816376165383054,0.06266792506910669,-0.018171449390065753,-1.659133351845939,0.04492450083316936,0.376043521034664,Pollution & Treatment Controls,Industrials,LIQT
2021Q2,2021,Q2,2021-08-16,2021-06-30,-3098108.0,4016563.0,-2563637.0,-0.14,320710.0,0.07984687405625157,51404432.0,19076554.0,35711981.0,14040208.0,32327878.0,5574487.0,-47612505.0,1274819636.16,1271590158.16,0.8762988665635773,2.543550708080678,0.42578562097524975,1.1473386650440116,-0.05222111919004603,0.8762988665635773,-0.1624039645734759,317.39067360825663,-102.87081955825943,66.82651574073599,0.0,0.6629942809087186,0.0,0.07813651165331426,2.0874771228460434,-0.06026927794864069,14142.662926114934,0.07984687405625157,-0.2727272727272728,-3.27017892423087,-0.5463284713074763,-0.5463724140298494,1.7981503293635213,-0.2596858864394947,0.0867506661536927,-7.7566478941723425,-0.16851417773593702,0.33930608505665,Pollution & Treatment Controls,Industrials,LIQT
2021Q1,2021,Q1,2021-05-12,2021-03-31,-2459429.0,3997877.0,-2807160.0,-0.11,114615.0,0.02866896605373302,36757256.0,21149753.0,21155071.0,8647279.0,15607503.0,5408698.0,-44514397.0,1402947477.92,1400294654.92,0.9756687514698633,2.4464425167731956,0.21776609222407678,0.37846702039499,-0.07504270435059547,0.9756687514698633,-0.11628641715106555,350.9231219269628,-142.60906473819736,66.33398876667732,0.0,0.717966135288012,0.0,0.10876429404850024,1.7144714539683523,-0.06691002723380657,-816.2532271252906,0.02866896605373302,0.35294117647058826,0.7012818915065908,-0.49787380921946617,-0.5113306891944641,1.1689547257645823,0.3307000516242592,0.21720478562616702,0.17703021338721295,-0.1422630995575921,0.9267199256816584,Pollution & Treatment Controls,Industrials,LIQT
2020Q4,2020,Q4,2021-03-31,2020-12-31,-3674629.0,4059144.0,-3586072.0,-0.17,-678377.0,-0.16712316685488368,42210137.0,24818315.0,25654926.0,9814934.0,17391822.0,5522038.0,-42054968.0,1385824896.0,1391803518.0,1.1461564621797644,2.613866379539587,0.20594093309860614,0.35025725960847864,-0.07628319780912608,1.1461564621797644,-0.14806117981821088,341.4081629033116,-94.2833205746757,55.83879872586032,0.0,0.8579298077992219,0.0,0.09616514630123091,0.8712659708154941,-0.08705560467619425,-481.68543635057364,-0.16712316685488368,0.055555555555555455,-13.51006257909354,-0.6349715086222044,-0.49821051366499963,-1.1990955653526971,0.05132158436771235,-0.2659179097312044,-0.9790070770449101,-0.30213910905056723,0.8472174282759646,Pollution & Treatment Controls,Industrials,LIQT
2020Q3,2020,Q3,2020-11-09,2020-09-30,-3873419.0,3543730.0,-2832784.0,-0.18,-308480.0,-0.08704952126713943,40568509.0,26965025.0,27769795.0,9115111.0,13603484.0,5966538.0,-38380339.0,1463777546.3999999,1455972798.3999999,1.2452955672691277,3.04656684926821,0.12749221323366852,0.1918102801684775,-0.07561235353505236,1.2452955672691277,-0.14364603778412963,413.0612508289288,-94.47580718739697,54.284301475707885,0.0,0.6456357103566591,0.0,0.08735174368868227,2.1527135544482126,-0.09547846582185211,-570.336864088799,-0.08704952126713943,-0.5,-3.8439501461758314,-0.7667871955769451,-0.46713740465458736,-1.6238687222299748,-0.5108052036597082,-0.46184439691095386,-0.336973691100696,-0.26333841764913557,1.650983393399662,Pollution & Treatment Controls,Industrials,LIQT
2020Q2,2020,Q2,2020-08-10,2020-06-30,-2563811.0,4641483.0,-1937815.0,-0.12,494463.0,0.10653125304994115,43699204.0,25956642.0,31315768.0,9914998.0,17742562.0,5356614.0,-34506920.0,915671964.48,904541180.48,1.2382011970890303,3.1584240359907283,0.11669514620907054,0.19646166094982548,-0.05327929414933553,1.2382011970890303,-0.09877283047629967,197.28004271048715,-89.28816949455322,35.276980916098466,0.0,0.7741868277236329,0.0,0.10621436033480153,2.5422017230865808,-0.058669512607140394,444.3527641412791,0.10653125304994115,-13.0,0.32692820562830255,0.28503133460080543,-0.45744538145055247,-0.8126378323322254,-9.447510535454812,-11.71036152302837,-0.042777922065957194,-0.23073012514817146,0.9346321765207556,Pollution & Treatment Controls,Industrials,LIQT
2020Q1,2020,Q1,2020-05-11,2020-03-31,303499.0,10281844.0,180929.0,0.01,2639076.0,0.25667341383510583,37208134.0,22954293.0,25625059.0,9195767.0,14253841.0,5324499.0,-31943109.0,705431263.68,704306599.68,1.1167513779448262,2.786614645629886,0.13906577524151037,0.2254209267085682,0.00572140306000683,1.1167513779448262,0.01322188402840375,68.60941127680988,581.0820329556275,30.731997002913573,0.0,1.4353966448298703,0.0,0.27633323401813165,2.118176112987639,0.008156791738064585,-233.17197461863327,0.25667341383510583,1.2576655501159495,1.1241735472550793,1.3415496221882144,-0.5312706124009895,0.906315146209222,1.3804337334899364,1.1703236289215695,1.1635967814249812,0.5559639218477448,0.8939162417908908,Pollution & Treatment Controls,Industrials,LIQT
2019Q4,2019,Q4,2020-03-30,2019-12-31,-797771.0,6246384.0,-1062266.0,-0.03881,1384386.0,0.22162998624484181,38589723.0,23005531.0,27487257.0,10332131.0,15584192.0,5199238.0,-32246608.0,962091468.0,960370294.0,1.1190815911070942,2.6603666755677025,0.13860127993144702,0.2324912648180127,-0.022962733080783414,1.1190815911070942,-0.03467735650179081,154.02374685898275,-301.49362034969937,41.82000702352838,0.0,0.9351366488704691,0.0,0.16186651560053955,1.8697378111059568,-0.020673146578429703,-460.80664533044165,0.22162998624484181,-2.2936666666666667,0.7979836339522698,0.21979816119686943,-0.5901286491552447,-0.37856875449446925,-2.215452870922379,-5.1013022814055216,0.9755200543457326,-0.14912927280458613,0.2833365296436168,Pollution & Treatment Controls,Industrials,LIQT
2019Q3,2019,Q3,2019-11-14,2019-09-30,656357.0,9672716.0,259007.0,0.03,2227738.0,0.23031152780666775,36133665.0,23439585.0,27925194.0,10339231.0,12694080.0,5186234.0,-31448837.0,1298612554.4,1290897639.4,1.1407419148850328,2.700896614071201,0.062062815936329736,0.09567392084800136,0.009275193977918974,1.1407419148850328,0.02800207426880638,134.25521377863262,494.62889646945183,55.40254037774134,0.0,1.4355268196537219,0.0,0.267692635109115,2.017268015387218,0.01816469489048509,3518.0167376439867,0.23031152780666775,1.9999999999999996,-0.18159483260538153,-0.15010411415885028,-0.6562811488781379,0.07355176352096997,3.4715231697845845,-0.34170623100149444,1.3366946234620103,0.26097435796965535,-0.38503110906946947,Pollution & Treatment Controls,Industrials,LIQT
2019Q2,2019,Q2,2019-08-14,2019-06-30,146786.0,9297186.0,393452.0,0.01,2075110.0,0.22319764281364274,35573502.0,23847510.0,31745099.0,10373243.0,11725992.0,4713656.0,-32105194.0,1546163330.0800002,1535551576.0800002,1.2412968070460553,3.060286836045391,0.05512816815167649,0.08223508450148465,0.014168385025499362,1.2412968070460553,0.006155191883764804,166.3044420193379,2633.36307631518,64.83542013736445,0.0,1.5321601746075657,0.0,0.2613514407437311,2.3948969478493853,0.004126273539220288,-356.214428127738,0.22319764281364274,4.589714924538848,1.0682013873254865,-0.1714877893854202,-0.39519769469064137,0.40677793746779833,3.2864735428104193,21.53835137767085,1.2292526847746594,0.18992266312444556,-0.3574264494248266,Pollution & Treatment Controls,Industrials,LIQT
2019Q1,2019,Q1,2019-05-14,2019-03-31,34244.0,7421198.0,17457.0,0.001789,1475080.0,0.19876575183683282,19639582.0,8621602.0,15870758.0,9513652.0,11017980.0,4296715.0,-32251980.0,1174937813.76,1174425179.76,0.47197514127609314,1.6682088014150611,0.10033344905202157,0.2285546236070744,0.0013895991089753917,0.47197514127609314,0.003971883647609806,158.32185231548868,8577.691082817426,136.27836378436396,0.0,1.3838753559405266,0.0,0.3778694475269382,1.0784742809596146,0.0017436216310510071,-1110.899984172383,0.19876575183683282,1.0297868797868797,1.01688212032892,-0.13562380208822852,-0.77957330270972,7.325553830958092,1.031251254832245,1.0110524906249783,1.004935666510924,0.10609269418106551,-0.7636085334727891,Pollution & Treatment Controls,Industrials,LIQT
2018Q4,2018,Q4,2019-04-01,2018-12-31,-1095764.0,2895474.0,-1579463.0,-0.06006,177175.0,0.06119032669607809,13159249.0,8539636.0,11373206.0,4619613.0,4619613.0,4432055.0,-32286224.0,799826166.4000001,796063844.4000001,0.4680737614837803,2.461939127801398,0.0010478561504535706,0.0016147058258689246,-0.1382544087720713,0.4680737614837803,-0.1283150710404987,276.2332407060122,-182.48139343873316,93.66045185064095,0.0,0.6133270006802714,0.0,0.22003337728467634,1.4735658593046648,-0.08326949357064374,-7347.561607995885,0.06119032669607809,-0.1550000000000001,0.7919362034746583,-0.7086522418147727,-0.7912098174796247,-0.38638355054218515,-0.18852995122289845,-0.6764257913456405,-5.427579160560862,-0.6909595715702204,-0.795076414004461,Pollution & Treatment Controls,Industrials,LIQT
2018Q3,2018,Q3,2018-11-14,2018-09-30,-921949.0,3347204.0,-942161.0,-0.052,288739.0,0.08626274347186487,13951392.0,9629860.0,11987465.0,4321532.0,4321532.0,4253149.0,-31190458.0,913621232.64,909833950.64,0.5295456685064109,2.773892452954184,0.005326565263165138,0.0077169346179487555,-0.09635039616562319,0.5295456685064109,-0.09573856733119693,272.9505678889007,-247.7418036789454,94.87378140907553,0.0,0.7191060082776315,0.0,0.2399189987637076,1.780885574837812,-0.0660829399675674,-1603.2633664589516,0.08626274347186487,-2.25,0.6563210362248421,-0.6176054751045376,-0.7544604788392517,-0.5623986469078024,-2.498512480741938,-0.6744617134529427,-1.8060207639505605,-0.7377075559797626,-0.7734071439015529,Pollution & Treatment Controls,Industrials,LIQT
2018Q2,2018,Q2,2018-08-14,2018-06-30,-263526.0,3598028.0,-562665.0,-0.016,659822.0,0.18338434275664336,14127724.0,10609255.0,12132102.0,3518469.0,3518469.0,4494522.0,-30268509.0,386354068.85760003,381874044.85760003,0.6542932017862904,3.448119622483529,0.0008123035246158546,0.001081697065439562,-0.052920809386047506,0.6542932017862904,-0.02483925591382241,107.37939472889039,-366.5236721021835,36.41670115928027,0.0,0.6537304745643697,0.0,0.25467853137561297,2.151861221457401,-0.01865311072045292,-242.71856305188288,0.18338434275664336,0.8666666666666667,0.9243369168255634,-0.5183946827079621,-0.7003842446517986,12.072325144314673,0.8281302481136955,0.5984460673171004,0.9105575550126719,0.28785301763601856,-0.7133020066938826,Pollution & Treatment Controls,Industrials,LIQT
2018Q1,2018,Q1,2018-05-15,2018-03-31,-1533289.0,2391382.0,-1401219.0,-0.12,-59592.0,-0.024919481705557706,10015140.0,5631970.0,7862480.0,4383170.0,4383170.0,4843737.0,-30004983.0,176276667.7152,175463413.7152,0.5063884680201661,1.7937885137925291,0.0013845038611542124,0.0024620159553406713,-0.24757822938380855,0.5063884680201661,-0.2722473663744658,73.71330373616595,-28.74159204742224,31.299290961279976,0.0,0.5060088935464497,0.0,0.2387766920881785,0.6598037493412302,-0.15309711097398537,-96.71921418004665,-0.024919481705557706,-0.3924344395451379,-0.2406790718118408,-0.6187001858441731,-0.7784877945779785,-2.016459992836065,-0.6050961881701689,-0.16280260506740046,-0.1593825016213557,0.006496362119848948,-0.787455685132792,Pollution & Treatment Controls,Industrials,LIQT
2017Q4,2017,Q4,2018-03-23,2017-12-31,-955263.0,2992419.0,-1205036.0,-0.08618,58627.0,0.019591841917859766,11679938.0,6912117.0,9427697.0,4767821.0,4767821.0,4661866.0,-28471696.0,202551936.0,200091923.0,0.620477289048474,1.977359678561758,0.0022419639556305864,0.0037884196694008506,-0.12983160138350122,0.620477289048474,-0.13820121968421542,67.68836048695053,-53.00946859660638,29.303892859452468,0.0,0.6293171017785582,0.0,0.25620161682365095,0.9936782442126079,-0.08178664989488814,-308.06143831605846,0.019591841917859766,0.28183333333333327,0.7556475863784494,-0.5386981164820164,-0.7424098549368063,1.1855478578459142,0.35430116430369907,0.1494045656904758,0.5536078122514374,0.07836806488741634,-0.7727459135672152,Pollution & Treatment Controls,Industrials,LIQT
2017Q3,2017,Q3,2017-11-14,2017-09-30,-1479425.0,2456484.0,-1416697.0,-0.12,-315967.0,-0.12862571056843847,10496305.0,5194158.0,8065285.0,5248572.0,5302147.0,4810497.0,-27516432.0,130918621.44,130467499.44,0.46974853572060343,1.5366627341684558,0.007378215476779686,0.014909827540864179,-0.26727792132915157,0.46974853572060343,-0.28482479739738376,53.295124836962096,-22.123227172719133,25.204974788984085,0.0,0.5763335888162907,0.0,0.23403321454549958,0.6170068734886365,-0.1409472190451783,-146.2625910827143,-0.12862571056843847,0.0,-0.8849229523420403,-0.5701620628714029,-0.8293268009076398,-2.6399047095093264,-0.2407172119977021,-0.44944874381524935,-4.427946162396194,-0.5989079743008094,-0.8584592843418616,Pollution & Treatment Controls,Industrials,LIQT
2017Q2,2017,Q2,2017-08-14,2017-06-30,-1192395.0,2926200.0,-977404.0,-0.12,192674.0,0.06584443988790924,11764866.0,6506929.0,9190420.0,5201651.0,5257937.0,5145848.0,-26037008.0,104107786.24000001,102908709.24000001,0.6400189204522653,1.766827493809177,0.006935310610422592,0.01253940222799419,-0.1476588300344143,0.6400189204522653,-0.18325004007266715,35.577809527715125,-21.82745362065423,15.999527002676686,0.0,0.5312100163082936,0.0,0.2487236148716016,0.7507493293956092,-0.10135219559661793,-78.32564648809856,0.06584443988790924,-0.4999999999999999,-0.2795632908843444,-0.5611446760939791,-0.7703671360077132,-0.2901181576688269,-0.4309827546893564,0.0304666715602737,-0.04691847923734601,-0.5072398870445016,-0.688160868267846,Pollution & Treatment Controls,Industrials,LIQT
2017Q1,2017,Q1,2017-05-15,2017-03-31,-833270.0,2968074.0,-1008118.0,-0.08,271417.0,0.09144549630501127,10814130.0,5443853.0,8057085.0,5312463.0,5370277.0,5223700.0,-24844613.0,115219303.68,114867299.68,0.589651935657315,1.5166383276457642,0.015115686606319696,0.03002707824770434,-0.17625321825531837,0.589651935657315,-0.15306621982628849,38.81955223488363,-34.56841830379109,21.165028460540725,0.0,0.5162350441258112,0.0,0.2744625781269506,0.5101972474914178,-0.0770538175516662,-201.68904423812126,0.09144549630501127,0.9495440039355676,-2.5551850232045745,-0.718207375977257,-0.7721549372040045,1.327659014525226,0.9268928977047158,0.9087684191788689,0.18719487391783113,-0.31599119925706787,-0.7246146727636008,Pollution & Treatment Controls,Industrials,LIQT
2016Q4,2016,Q4,2017-03-30,2016-12-31,-11397935.0,2567577.0,-11050099.0,-1.58554,-828352.0,-0.3226201200587168,11412328.0,6269748.0,8506321.0,5008743.0,5142580.0,5174874.0,-24011343.0,147251200.0,146237304.0,0.8720094575799722,1.6982945621286618,0.01706522981113056,0.031062492463811944,-1.7236304248710674,0.8720094575799722,-1.8179255370391283,57.35025668168861,-3.22977802558095,23.48598380668569,0.0,0.6562341421259725,0.0,0.22498275549037847,0.652715861045376,-0.9987388199848445,115.56872692568501,-0.3226201200587168,-18.819249999999997,-23.030082450984626,-0.6498812322162094,-0.027671127645290502,-3.143385368554787,-11.156137615344251,-11.297358595554071,-4.491637206640073,-0.34444118727524436,-0.6110292249015015,Pollution & Treatment Controls,Industrials,LIQT
2016Q3,2016,Q3,2016-11-14,2016-09-30,-937628.0,3689511.0,-898575.0,-0.08,386469.0,0.10474802758414327,23035796.0,18332572.0,11497267.0,4534050.0,4703224.0,5220997.0,-12613408.0,262492692.48,262518606.48,1.854958733211589,2.535760964259327,0.011442929951281041,0.014378615286496624,-0.04871504989640376,1.854958733211589,-0.05114546938640143,71.14565927029354,-69.98849556540546,14.31837782936295,0.0,0.6326458337363534,0.0,0.1601642504561162,1.3526827008965494,-0.04070308662222916,-527.2515119583971,0.10474802758414327,-1.0,-1.6981014569806874,-0.8052417706446554,0.10718365137926497,-0.6574931271569029,-1.8466797823763723,-2.921134394009478,0.35686221274453456,-0.22442161049674061,-0.13989348565466034,Pollution & Treatment Controls,Industrials,LIQT
2016Q2,2016,Q2,2016-08-11,2016-06-30,-329376.0,4019338.0,-229162.0,-0.04,1128354.0,0.2807313045083544,22616234.0,19091583.0,10627288.0,3349774.0,3524651.0,5207094.0,-11675781.0,189753753.6,189423282.6,1.931758327019466,3.172538804110367,0.013555041922541127,0.01605754745428915,-0.01632730454304371,1.931758327019466,-0.017252419561018067,47.210200684789385,-144.02518216263482,9.939131480087324,0.0,0.5552010391976792,0.0,0.17771915518737558,1.545466052336665,-0.014563697917168703,-480.50968116059465,0.2807313045083544,0.9,-156.88615089934524,0.0,2421.3416619276136,0.5126240351333453,0.9122528601817675,0.7605332675700754,0.8448414013318294,-0.11731733659945175,-0.11540387593823422,Pollution & Treatment Controls,Industrials,LIQT
2016Q1,2016,Q1,2016-05-12,2016-03-31,-3753695.0,3629968.0,-956968.0,-0.4,745958.0,0.2054998831945626,23171151.0,19732244.0,10579184.0,3245572.0,3438907.0,5563095.0,-11346404.0,227767755.57119998,226809416.57119998,1.9965828217481965,3.259574583463254,0.01545892131124604,0.01815307980177014,-0.17996600817884756,1.9965828217481965,-0.19023153170009452,62.746491310997776,-15.169569955150857,11.542922111200328,0.0,0.5184182545867004,0.0,0.15665894197487212,1.478190285102287,-0.16199864219088642,-671.2120527945588,0.2054998831945626,-31.395136778115504,-1962.5365596736829,0.0,3613.127165672806,-0.5044252138200072,-29.00763296126067,-12.963201284015467,-2.418076648026409,-0.3486599051427846,-0.1266241392062003,Pollution & Treatment Controls,Industrials,LIQT
2015Q4,2015,Q4,2016-03-23,2015-12-31,134024.0,5073834.0,-68535.0,0.01316,1505238.0,0.2966667809786446,28073546.0,22567284.0,12983004.0,5340690.0,5506262.0,4916671.0,-7592709.0,318657664.0,317602802.0,2.284138056680162,2.4309600444886335,0.011246495188032179,0.013990562621536556,-0.0013903793337760714,2.284138056680162,0.005938862647361552,62.80411696559249,594.4041067271534,14.120337387520802,0.0,0.7258154958914274,0.0,0.18073363443292842,1.4207368336301114,0.004774031752169818,-3044.8975566873382,0.2966667809786446,-0.8354999999999999,23.418816339601513,0.0,1533.456064576878,-0.34967514821173823,-0.7843324675993422,-1.093291861209044,1.0386548950329146,-0.11808379062847622,-0.05174377249666204,Pollution & Treatment Controls,Industrials,LIQT
2015Q3,2015,Q3,2015-11-12,2015-09-30,621438.0,6933197.0,734630.0,0.08,2314594.0,0.33384223757092146,27566095.0,23089307.0,11606261.0,4273094.0,4476788.0,4461616.0,-7726730.0,306672903.03999996,304687895.03999996,2.3369918964980103,2.716125832944466,0.013155581158666108,0.015706318080486347,0.02590121141984362,2.3369918964980103,0.026914536672755056,44.23253847251131,123.37228454005064,13.28203150661906,0.0,1.0351861298686396,0.0,0.25151175746873106,1.6414530080545853,0.022543563025521025,-548.0108558266367,0.33384223757092146,1.4000000000000001,359.1069586634556,0.0,10949.827148114182,5.144734815791076,1.3464159513285805,1.3229962060707265,1.8861239710625186,0.35775175682541044,-0.15090340278256456,Pollution & Treatment Controls,Industrials,LIQT
2015Q2,2015,Q2,2015-08-13,2015-06-30,-1793907.0,1701055.0,-2274423.0,-0.2,-558442.0,-0.32829156023761724,26933017.0,22530994.0,10702220.0,4157886.0,4402023.0,5091594.0,-8348167.0,260479311.616,257778249.616,2.282168752704448,2.5739570541376073,0.01486617707923327,0.017770676251567065,-0.07355637910555181,2.282168752704448,-0.07961952322210018,153.12809498575885,-36.30055956300968,11.56093298040912,0.0,0.4437700649344783,0.0,0.06315872447561297,1.3099616006788064,-0.06660624021438073,-529.9055485130951,-0.32829156023761724,-0.6666666666666669,-759.3844997067238,0.0,54002.1541010186,-10.890346207895073,-0.5314056881780279,-0.26981086463397,-0.9824041963692806,-0.7372840871587631,-0.18117897760443846,Pollution & Treatment Controls,Industrials,LIQT
2015Q1,2015,Q1,2015-05-14,2015-03-31,-1171412.0,2104501.0,-1791151.0,-0.12,-46966.0,-0.022316929286324883,26402839.0,23470548.0,10970631.0,2679656.0,2952529.0,4763769.0,-6554264.0,211650954.336,208991749.336,2.3825077059179116,4.094044534074523,0.0159294612219542,0.017919607160429316,-0.05524898983530557,2.3825077059179116,-0.04990987002093006,100.57061238554887,-45.17004997729236,9.017725292822306,0.0,0.451631260877679,0.0,0.07970737540762189,2.1760360285051514,-0.04436689554483137,-140.0345068452184,-0.022316929286324883,0.37662337662337664,-244.45994236513974,0.0,2626.3793556104424,0.9394940358480381,0.38216666666666665,0.3743202288167091,-3.0489328841831544,-0.8127482961422584,-0.07938465891462676,Pollution & Treatment Controls,Industrials,LIQT
2014Q4,2014,Q4,2015-03-25,2014-12-31,-1896000.0,2458597.0,-2862728.0,-0.1925,-776221.0,-0.3157170532624908,31425539.0,26948298.0,14662319.0,4091910.0,4460524.0,4914866.0,-5382852.0,344265600.0,338950649.0,2.7303240121580545,3.583245721435711,0.01714532247163684,0.01999387864866271,-0.07385898111093446,2.7303240121580545,-0.0703569479601272,140.02522576900566,-45.39367088607595,12.775040561003149,0.0,0.6581701311897414,0.0,0.07823563503556773,2.2881605411653725,-0.06033309404812436,-150.27552538395457,-0.3157170532624908,-5.8125,-279.34296986912636,0.0,3664.158678713946,-1.5290773364450945,-6.456052304433906,-16.133978537099217,-3.669562034551769,-0.7557745043190998,2.044431278615069,Pollution & Treatment Controls,Industrials,LIQT
2014Q3,2014,Q3,2014-11-13,2014-09-30,347504.0,4931406.0,-167079.0,0.04,1467122.0,0.29750582288296684,33637871.0,29548444.0,17487560.0,3637132.0,4073720.0,5397011.0,-3486851.0,438754180.48,432638656.48,3.318822669055746,4.808063056276209,0.018449116473512845,0.021002425711485858,-0.02761482669617195,3.318822669055746,0.01176048390229956,88.97141717392566,315.6468562088494,14.848639085022548,0.0,0.6418893717281658,0.0,0.14660279778110807,3.2628488600358745,0.010330737043375901,-924.9821445467156,0.29750582288296684,1.3333333333333335,18.215053198265295,0.0,55.71472332111989,0.7235642270921296,1.4559606159530583,0.8414246055285325,-0.7127987254226874,-0.71104092005622,0.9809315081869668,Pollution & Treatment Controls,Industrials,LIQT
2014Q2,2014,Q2,2014-08-12,2014-06-30,-762136.0,3973687.0,-1053625.0,-0.12,851214.0,0.2142126443275477,17606321.0,13962740.0,9475345.0,3164430.0,3622607.0,4611248.0,-3834356.0,431046000.0,430430896.0,2.0524009186954526,2.9943291524855975,0.0369334967822068,0.046571303340175355,-0.047884158158743716,2.0524009186954526,-0.0545835559496202,108.47507616981407,-141.39405565410897,30.871161390959077,0.0,0.6771427171125908,0.0,0.22569661202928198,1.4913403045730194,-0.043287635162394235,-183.36538694688375,0.2142126443275477,0.0,-293.01804109081024,0.0,0.0,0.5333652779178856,-0.008870385936579586,0.049143563641614325,-529.7197610170273,0.0,2572.4973664234426,Pollution & Treatment Controls,Industrials,LIQT
2014Q1,2014,Q1,2014-05-15,2014-03-31,-755435.0,3197502.0,-1108080.0,-0.12,555128.0,0.17361302666894343,19242603.0,14566774.0,11167502.0,4147762.0,4653130.0,4755048.0,-3072220.0,413630000.0,410608199.0,2.1411886449242075,2.6924162958241094,0.036757708923267816,0.048556667385654506,-0.047060840416220044,2.1411886449242075,-0.05186014418841124,129.3603569286274,-136.88470881015573,28.395442944333453,0.0,0.5556987016745152,0.0,0.1661678516155013,1.4934935996809846,-0.039258462069814565,-385.0862517607388,0.17361302666894343,0.585234342596433,-48.8654317338101,0.0,0.0,2.0386670169907166,0.6117229164353765,0.5030480954616946,-573.0606897555662,0.0,3874.7414681294376,Pollution & Treatment Controls,Industrials,LIQT
2013Q4,2013,Q4,2014-03-27,2013-12-31,-1945608.0,3671494.0,-2229753.0,-0.28932,182688.0,0.04975849068526327,20235348.0,15109988.0,12239110.0,4546441.0,5100801.0,4258606.0,-2316784.0,485280000.0,481158504.0,2.241837982195846,2.6920199778244127,0.0376953734623195,0.05048177404244133,-0.10387858775588382,2.241837982195846,-0.1287630407118788,132.17507641303513,-62.35582912899207,32.11650465903745,0.0,0.819236623439689,0.0,0.18143962732936444,1.7297794032739016,-0.09614897653353922,-3340.078463762131,0.04975849068526327,-0.8082500000000001,-420.2733015133817,0.0,3008.77791360386,-0.3344044769430873,-1.1523259981680525,-0.6921283033358351,-476.0704259333806,0.0,1505.0764289913827,Pollution & Treatment Controls,Industrials,LIQT
2013Q3,2013,Q3,2013-11-14,2013-09-30,-903956.0,2949605.0,-1317721.0,-0.16,274473.0,0.09305415470885085,16763761.0,13215753.0,9271041.0,2926157.0,3519569.0,4818696.0,-371175.0,519643818.38362503,518882092.38362503,2.156661648613916,3.1683334147825972,0.04777722612485349,0.0606038868916512,-0.06656162057807433,2.156661648613916,-0.06839988610561956,176.17403631456585,-143.7138031009322,39.32003105563678,0.0,0.5551568308106591,0.0,0.17595126773759182,1.4112674063626798,-0.053923221644593955,-546.3103176066404,0.09305415470885085,0.20000000000000004,-64.06336541249708,0.0,36.55512215262582,-0.0616981344929082,0.308956029422782,0.2758453739912995,-838.8583411313057,0.0,10104.978384788052,Pollution & Treatment Controls,Industrials,LIQT
2013Q2,2013,Q2,2013-08-14,2013-06-30,-1308102.0,2805921.0,-1819668.0,-0.2,292521.0,0.10425133138103318,16723176.0,13299105.0,9401884.0,2774918.0,3397414.0,4559984.0,532780.0,584636448.0,583396670.0,2.1837743513384233,3.388166425097967,0.049422549879281304,0.06214718960411246,-0.09087053971703207,2.1837743513384233,-0.09836015280727538,208.3581284006214,-111.73372718641207,43.960585919127645,0.0,0.5511861445127878,0.0,0.1677863702445038,1.6260094892894132,-0.07822090732047549,-576.1940527392643,0.10425133138103318,-0.6666666666666669,-562.7374800075441,0.0,0.0,-0.47952130072968546,-0.9529419492961447,-1.1343551956986069,-897.8617160556522,0.0,51673.92520710021,Pollution & Treatment Controls,Industrials,LIQT
2013Q1,2013,Q1,2013-05-15,2013-03-31,-669811.0,3399148.0,-852561.0,-0.12,562023.0,0.16534231519192458,18019560.0,13780037.0,10992438.0,3555221.0,4211362.0,4249632.0,1840881.0,453296181.916375,451036945.916375,2.2860522157476724,3.091914117293974,0.04752513379904948,0.06214656753098704,-0.038330567725680484,2.2860522157476724,-0.04860734408768278,133.35582384655655,-169.1880925799871,32.89513532629665,0.0,0.6676166312753669,0.0,0.18863657048229812,1.800877920106795,-0.03717132937763186,-687.7199788150347,0.16534231519192458,0.6586836566357586,-48.899818929720816,0.0,0.0,2.476156581760494,0.6834707631121429,0.6977603249561917,-228.3759671560646,0.0,2520.091240781169,Pollution & Treatment Controls,Industrials,LIQT
2012Q4,2012,Q4,2013-03-27,2012-12-31,-2116111.0,3511311.0,-2820811.0,-0.35158,-380734.0,-0.10843072573178508,19040149.0,14524927.0,11826816.0,3757221.0,4486788.0,4111815.0,2510693.0,266284799.99999997,263344531.99999997,2.40877728026534,3.147756280506257,0.04900539381283203,0.06423922130555286,-0.12470524760733538,2.40877728026534,-0.1456882365054227,75.83629020613667,-31.45921929426197,18.332952723273582,0.0,0.9465515836680395,0.0,0.18441615136520204,1.9474790011021443,-0.11113941387748594,875.8360057230252,-0.10843072573178508,-3.3947499999999997,-511.1410907511156,0.0,3232.7532131721814,-1.6575625898087765,-3.945663656420612,-3.227105639765328,-511.1410907511156,0.0,3232.7532131721814,Pollution & Treatment Controls,Industrials,LIQT
2012Q3,2012,Q3,2012-11-14,2012-09-30,-427872.0,3115471.0,-667315.0,-0.08,579008.0,0.18584926645120434,20446658.0,16590686.0,13503914.0,2602585.0,3829446.0,4067699.0,4626803.0,279693412.05575,276978712.05575,2.752327478589055,5.188654357110335,0.048681158554126545,0.05999553002208589,-0.023649078287418926,2.752327478589055,-0.025789891991205186,89.77564293031455,-163.4211937540608,16.858459743964175,0.0,0.6235621170593006,0.0,0.15237067104071483,3.5016078245283055,-0.020926256016997987,-166.28206195549814,0.18584926645120434,0.0,-30.307526640872158,0.0,46.37537901142562,0.3912876321284484,0.22558365565085817,0.24727901937538985,-30.307526640872158,0.0,46.37537901142562,Pollution & Treatment Controls,Industrials,LIQT
2012Q2,2012,Q2,2012-08-14,2012-06-30,-552509.0,3953335.0,-886537.0,-0.08,416167.0,0.1052698544393531,20613181.0,16800531.0,13616477.0,2485165.0,3786124.0,3563231.0,5054675.0,482230000.0,478082559.0,2.7871399124898906,5.479103801960836,0.04944059822693062,0.06066046364844063,-0.03237992616739022,2.7871399124898906,-0.03288640103101503,121.98055565743859,-218.20006551929472,28.703259438645127,0.0,0.9926855710449308,0.0,0.19178675042925203,3.9627940197129767,-0.02680367479429788,-700.5643972136065,0.1052698544393531,-3.0,-239.56091843209714,0.0,0.0,-0.8008469223097846,-2.7126698305336934,-2.844723042989721,-239.56091843209714,0.0,0.0,Pollution & Treatment Controls,Industrials,LIQT
2012Q1,2012,Q1,2012-05-15,2012-03-31,322601.0,6341721.0,480580.0,0.04,2089684.0,0.329513707714357,23654658.0,14385627.0,16379731.0,7684619.0,9243080.0,3399566.0,5607185.0,603007033.316079,597583952.316079,2.587951340360045,2.1314955237208246,0.047741590683746095,0.07850273053791816,0.021483248912283745,2.587951340360045,0.02242523040532053,95.08570832997526,467.3009641291247,41.917327156896185,0.0,1.2507587733257717,0.0,0.2680960764683218,1.645819005470538,0.013637948179170462,6222.918579953551,0.329513707714357,-0.4452149791955617,27.061772665495724,0.0,0.0,0.22021139125717712,-0.401446839144439,0.44207023408360513,27.061772665495724,0.0,0.0,Pollution & Treatment Controls,Industrials,LIQT
2011Q4,2011,Q4,2012-03-29,2011-12-31,538968.0,7639431.0,333257.0,0.0721,1712559.0,0.22417363282684274,17994783.0,6717224.0,11160732.0,9282529.0,11251364.0,2980583.0,5284583.0,908387192.51,913693445.51,0.8968256341789053,1.2023374233465902,0.35228599311255937,0.9437395566978264,0.017815338360146902,0.8968256341789053,0.08023671683421604,118.9077030095566,421.3548821590521,135.2325294660413,0.0,1.9884941972761705,0.0,0.42453587798196846,0.8468584369625993,0.02995134756556942,-1433.4769763214165,0.22417363282684274,-0.39916666666666667,106.01459274618324,0.0,1204.2325066573158,0.17268923128332633,0.11309649198894685,-0.5009613685575578,106.01459274618324,0.0,1204.2325066573158,Pollution & Treatment Controls,Industrials,LIQT
2011Q3,2011,Q3,2011-11-15,2011-09-30,484206.0,6829535.0,667798.0,0.12,1460369.0,0.2138313955488917,16125057.0,5969279.0,9705914.0,8698808.0,10130101.0,2447198.0,4765229.0,399048160.0,400863277.0,1.6753848658267212,1.1157751728742604,0.13723970092012697,0.37073120556100664,0.06084212756390834,1.6753848658267212,0.08111632912450566,58.4297701087995,206.0322259534165,66.8503114027674,0.0,2.1940055524726647,0.0,0.4235355571146198,0.8073842990901742,0.030028172923667804,-431.27100436190403,0.2138313955488917,569.4895411058861,60.94072701662443,0.0,28.620704246961644,0.0,79.51564780282146,112.15146471371504,60.94072701662443,0.0,28.620704246961644,Pollution & Treatment Controls,Industrials,LIQT
2011Q2,2011,Q2,2011-08-11,2011-06-30,-6167.0,0.0,-6008.0,-0.00021108567761257888,0.0,0.0,252.0,-23318.0,252.0,15570.0,23570.0,0.0,-147318.0,3122565912.353125,3122573660.353125,-0.0007981345598459728,0.016184971098265895,31.746031746031747,-0.3430825971352603,0.39221830526178353,-0.0007981345598459728,0.2644737970666438,0.0,-126583.66759985103,-133912.252867018,0.0,0.0,0.0,0.0,0.016184971098265895,-24.47222222222222,3122565912.353125,0.0,-0.09125921468399191,0.44600133123481506,0.0,0.0,0.0,-0.02749083638787071,-0.017098357880480787,0.44600133123481506,0.0,0.0,Pollution & Treatment Controls,Industrials,LIQT
2011Q1,2011,Q1,2011-05-10,2011-03-31,-6002.0,0.0,-5907.0,-0.00019343312273766716,0.0,0.0,288.0,-17151.0,251.0,9439.0,17439.0,0.0,-141151.0,3316359333.473564,3316367082.473564,-0.0005527443332345435,0.026591799978811316,27.77777777777778,-0.46644510524167687,0.6455032236913999,-0.0005527443332345435,0.34995044020756805,0.0,-138135.5936968329,-193362.44729016174,0.0,0.0,0.0,0.0,0.026591799978811316,-20.84027777777778,-405720.4958984052,0.0,0.9946417417524192,0.9131356098341402,0.0,0.0,0.0,-0.3261157755192223,-0.31208351843625054,0.9131356098341402,0.0,0.0,Pollution & Treatment Controls,Industrials,LIQT
2010Q4,2010,Q4,2011-03-28,2010-12-31,-4526.0,0.0,-4502.0,-0.0361,0.0,0.0,5498.0,-11149.0,5425.0,11647.0,16647.0,0.0,-135149.0,799462377.5600001,799461952.5600001,-0.0014905080213903743,0.46578518073323605,0.9094216078574027,-0.4484707148623195,0.7321515693608717,-0.0014905080213903743,0.4059556910933716,0.0,-44159.43313963765,-71707.09279397257,0.0,0.0,0.0,0.0,0.46578518073323605,-0.8232084394325209,-319784.951024,0.0,-204.53029600000002,0.11695783554562789,0.0,-0.9997507145437036,0.0,0.16954128440366972,0.17394495412844035,0.11695783554562789,0.0,-0.9997507145437036,Pollution & Treatment Controls,Industrials,LIQT
2010Q3,2010,Q3,2010-11-02,2010-09-30,-5450.0,0.0,-5450.0,-0.0001756432054182416,0.0,0.0,3035.0,-6623.0,2925.0,9658.0,9658.0,0.0,-130623.0,3316359333.473564,3317681408.473564,-0.00021344677972202095,0.30285773452060466,0.0,0.0,0.8228899290351804,-0.00021344677972202095,0.8228899290351804,0.0,-152126.57492998,-500733.7057939852,0.0,0.0,0.0,0.0,0.30285773452060466,-1.7957166392092256,-184395.84839997577,0.0,0.2649831722094362,0.9225305480387854,0.0,0.9964810769779401,0.0,0.1776067602233288,0.1776067602233288,0.9225305480387854,0.0,0.9964810769779401,Pollution & Treatment Controls,Industrials,LIQT
2010Q2,2010,Q2,2010-08-06,2010-06-30,-6627.0,0.0,-6627.0,-0.00023896487641816207,0.0,0.0,21057.0,-1172.0,20910.0,22229.0,22229.0,0.0,-125172.0,2964007726.723673,2965311816.723673,-4.226148108677923e-05,0.9406630977551846,0.0,0.0,5.65443686006826,-4.226148108677923e-05,5.65443686006826,0.0,-111815.59252767742,-2529016.831675489,0.0,0.0,0.0,0.0,0.9406630977551846,-0.3147171961817923,-750571.7211252654,0.0,0.5067195004880937,0.37283180500632107,0.0,0.0,0.0,0.14655505473277528,0.14655505473277528,0.37283180500632107,0.0,0.0,Pollution & Treatment Controls,Industrials,LIQT
2010Q1,2010,Q1,2010-05-10,2010-03-31,-7765.0,0.0,-7765.0,-0.00048444014440995377,0.0,0.0,5043.0,-14546.0,4859.0,19589.0,19589.0,0.0,-118546.0,1713159378.4735641,1714479519.4735641,-0.000907490835877294,0.24804737352595846,0.0,0.0,,-0.000907490835877294,0.5338237316100646,0.0,-55156.451335272504,-117775.2906966564,0.0,0.0,0.0,0.0,0.24804737352595846,-1.5397580805076343,-2311955.97634759,0.0,0.9998499018914357,0.7824540227626829,0.0,0.0,0.0,-0.2455887070901508,-0.2455887070901508,0.7824540227626829,0.0,0.0,Pollution & Treatment Controls,Industrials,LIQT
2009Q4,2009,Q4,2010-03-19,2009-12-31,-6234.0,0.0,-6234.0,-3.22749,0.0,0.0,5821.0,-6781.0,5600.0,12602.0,12602.0,0.0,-110781.0,972370378.4666691,973689778.4666691,-0.0007453469127678113,0.44437390890334866,0.0,0.0,,-0.0007453469127678113,0.9193334316472497,0.0,-38994.64142070376,-143396.31005259827,0.0,0.0,0.0,0.0,0.44437390890334866,-1.0709500085895893,-231516.75677777836,0.0,-1422.5215129154847,0.0,0.0,0.0,0.0,0.6950992859238971,0.6950992859238971,0.0,0.0,0.0,Pollution & Treatment Controls,Industrials,LIQT
2009Q3,2009,Q3,2009-09-30,2009-09-30,-20446.0,0.0,-20446.0,-0.0022672576218323846,0.0,0.0,257000.0,-547000.0,9800000.0,11929000.0,10604000.0,0.0,0.0,963837720.7861711,955362720.7861711,-0.06065684824133397,0.8215273702741219,5.155642023346304,-2.422303473491773,-0.02628020565552699,-0.06065684824133397,0.03737842778793419,0.0,-11785.162388562201,-1762.0433652398008,0.0,0.0,0.0,0.0,0.8215273702741219,-0.07955642023346303,-76555.81578921137,0.0,-4.950463899062804,0.0,0.0,0.0,0.0,-51.15816326530612,-51.15816326530612,0.0,0.0,0.0,Pollution & Treatment Controls,Industrials,LIQT
2009Q2,2009,Q2,2009-06-30,2009-06-30,-392.0,0.0,-392.0,-0.000381021994300222,0.0,0.0,,,,,,,,109959423.473564,,,0.0,0.0,0.0,0.0,,0.0,0.0,-70127.18333773215,0.0,0.0,0.0,0.0,0.0,0.0,0.0,-48633.09308870588,0.0,0.828895678742907,0.0,0.0,0.0,0.0,0.828895678742907,0.828895678742907,0.0,0.0,0.0,Pollution & Treatment Controls,Industrials,LIQT
2009Q1,2009,Q1,2009-03-31,2009-03-31,-2291.0,0.0,-2291.0,-0.002226840277912777,0.0,0.0,,,,,,,,109959423.473564,,,0.0,0.0,0.0,0.0,,0.0,0.0,-11999.06410667438,0.0,0.0,0.0,0.0,0.0,0.0,0.0,-22984.829321397156,0.0,0.0,0.0,0.0,0.0,0.0,0.0,0.0,0.0,0.0,0.0,Pollution & Treatment Controls,Industrials,LIQT
