Quarters,Year,Quarter,FillingDate,Date,NetIncome,Revenue,OperatingIncome,EPSDiluted,GrossProfit,GrossProfitRatio,TotalAssets,CommonStockEquity,CurrentAssets,CurrentLiability,TotalLiability,Inventory,RetainedEarnings,MarketCap,EnterpriseValue,bookValuePerShare,currentRatio,debtToAssets,debtToEquity,roic,shareholdersEquityPerShare,roe,priceToSalesRatio,peRatio,pbRatio,payoutRatio,inventoryTurnover,dividendYield,assetTurnover,quickRatio,returnOnAssets,priceToFreeCashFlowsRatio,grossProfitMargin,epsdilutedGrowth,fiveYNetIncomeGrowthPerShare,fiveYRevenueGrowthPerShare,fiveYShareholdersEquityGrowthPerShare,grossProfitGrowth,netIncomeGrowth,operatingIncomeGrowth,threeYNetIncomeGrowthPerShare,threeYRevenueGrowthPerShare,threeYShareholdersEquityGrowthPerShare,Industry,Sector,Symbol
2023Q1,2023,Q1,2023-04-10,2023-03-31,-2388000.0,196000.0,-2712000.0,-0.61,196000.0,1.0,13489000.0,8493000.0,13379000.0,2891000.0,4996000.0,0.0,-153397000.0,8998724.46,7782724.460000001,2.161302980933811,4.627810446212384,0.0035584550374379124,0.00565171317555634,-0.2956931232150562,2.161302980933811,-0.28117273048392794,45.91185948979592,-0.9420775188442211,1.059546033203815,,0.0,,0.014530358069538143,4.295053614666205,-0.17703313811253615,0.0,1.0,0.4403669724770643,0.3384994319622133,-0.3384075456227384,-0.5112345603943699,-0.005076142131979695,0.1918781725888325,0.12033733376581252,0.3384994319622133,-0.3384075456227384,-0.5112345603943699,Biotechnology,Healthcare,CANF
2022Q4,2022,Q4,2022-12-31,2022-12-31,-2955000.0,197000.0,-3083000.0,-1.09,197000.0,1.0,9283000.0,4472000.0,9157000.0,2502000.0,4811000.0,0.0,-150847000.0,16668414.02,13752414.02,1.6446291751037272,3.6598721023181455,0.006678875363567812,0.013864042933810376,-0.6565803436373809,1.6446291751037272,-0.660778175313059,84.61123868020304,-1.4101873113367174,3.727283993738819,-0.8764805414551607,0.0,0.15538370938544757,0.02122158784875579,3.211031175059952,-0.31832381773133683,-2.0143524196935494,1.0,-1.0185185185185186,0.0,0.0,0.0,-0.03431372549019608,-0.21056943875460876,-0.19821220365332298,0.0,0.0,0.0,Biotechnology,Healthcare,CANF
2022Q3,2022,Q3,2022-09-30,2022-09-30,-2441000.0,204000.0,-2573000.0,-0.54,204000.0,1.0,12706000.0,7428000.0,12565000.0,2796000.0,5278000.0,0.0,-147828000.0,34837975.0,31184975.0,1.6415469613259668,4.4939198855507865,0.005824020147961593,0.00996230479267636,-0.3278074128911386,1.6415469613259668,-0.3286214324178783,170.77438725490197,-3.5680023555919704,4.690088179859989,,0.0,,0.01605540689438061,3.867310443490701,-0.19211396190776012,0.0,1.0,0.0,-3.863443121294233,-0.6524115780564507,1.1432691571979954,0.0,-0.0032881216605014385,-0.2429951690821256,0.17198100407055625,-0.8229166666666666,0.052721088435374076,Biotechnology,Healthcare,CANF
2022Q2,2022,Q2,2022-06-30,2022-06-30,-2433000.0,204000.0,-2070000.0,-0.54,204000.0,1.0,14746000.0,9892000.0,14589000.0,2153000.0,4854000.0,0.0,-145299000.0,41630000.0,40005000.0,2.1860773480662985,6.776126335346029,0.005899905058999051,0.008794985847149212,-0.22835638052205512,2.1860773480662985,-0.2459563283461383,204.0686274509804,-4.27764077270859,4.2084512737565705,,0.0,,0.0138342601383426,5.929400836042731,-0.16499389664993896,0.0,1.0,0.41304347826086957,-0.1537122190942561,1.5689923286590048,1.4625643283368728,-0.004878048780487805,0.02602081665332266,0.12658227848101267,0.20516171185886964,-0.4755784061696658,0.17189906409193226,Biotechnology,Healthcare,CANF
2022Q1,2022,Q1,2022-03-08,2022-03-31,-2498000.0,205000.0,-2370000.0,-0.92,205000.0,1.0,17847000.0,12024000.0,17673000.0,2904000.0,5823000.0,0.0,-143108000.0,33717509.6,28322509.6,4.421963596030236,6.085743801652892,0.006107469042416092,0.009065202927478377,-0.19868625824025132,4.421963596030236,-0.20775116433799068,164.47565658536587,-3.3744505204163335,2.8041840984697273,,0.0,,0.01148652434582843,5.7513774104683195,-0.13996750154087523,0.0,1.0,0.0,0.0,0.0,0.0,0.0,0.0,0.0,0.0,0.0,0.0,Biotechnology,Healthcare,CANF
2021Q3,2021,Q3,2021-09-30,2021-09-30,-3400000.0,251000.0,-3510000.0,-0.7513812154696132,0.0,0.0,14639000.0,9334000.0,14474000.0,2153000.0,5305000.0,0.0,-133966000.0,75115000.0,69411000.0,2.0627624309392267,6.722712494194147,0.006967689049798484,0.010927790872080565,-0.3680016775005242,2.0627624309392267,-0.36425969573601885,299.2629482071713,-5.5231617647058835,8.04746089565031,,0.0,,0.017145979916660975,6.722712494194147,-0.23225630165994945,0.0,0.0,-0.05622864243553888,-0.5192298845057937,3.1649105363564676,0.5958164681237719,0.0,-0.05622864243553899,-0.12033195020746888,-18.2090395480226,-0.9045264359071891,0.4614059808987008,Biotechnology,Healthcare,CANF
2021Q2,2021,Q2,2021-06-30,2021-06-30,-3219000.0,250000.0,-3133000.0,-0.7113812154696133,0.0,0.0,9680000.0,3955000.0,9553000.0,2359000.0,5725000.0,0.0,-130566000.0,103170000.0,102213000.0,0.8740331491712707,4.049597286986011,0.0070247933884297524,0.017193426042983566,-0.7658274260571988,0.8740331491712707,-0.8139064475347662,412.68,-8.012581547064306,26.085967130214918,,0.0,,0.025826446280991736,4.049597286986011,-0.3325413223140496,0.0,0.0,0.0,-1.3419537775698709,3.596221349238932,-0.4878688058298117,0.0,0.0,0.0,-1.5876205787781352,-0.0740740740740741,-0.3924731182795699,Biotechnology,Healthcare,CANF
2020Q3,2020,Q3,2020-09-30,2020-09-30,-2575000.0,211000.0,-2479000.0,-0.569060773480663,0.0,0.0,13326000.0,9541000.0,13240000.0,1819000.0,3785000.0,0.0,-121836000.0,80092500.0,69919500.0,2.1085082872928176,7.278724573941727,0.00255140327179949,0.003563567760192852,-0.25758520365752285,2.1085082872928176,-0.2698878524263704,379.58530805687207,-7.775970873786408,8.394560318624881,0.0,0.0,0.0,0.015833708539696834,7.278724573941727,-0.19323127720246136,0.0,0.0,0.3385563832519908,0.13531821886984904,2.1973847897472356,0.3897728894491326,-1.0,0.3385563832519908,0.3529104672409293,-4.1304244315168575,-0.6404845243623092,1.752952480994356,Biotechnology,Healthcare,CANF
2020Q2,2020,Q2,2020-06-30,2020-06-30,-3893000.0,204000.0,-3831000.0,-0.8603314917127072,204000.0,1.0,12800000.0,9156000.0,12704000.0,1501000.0,3644000.0,0.0,-119261000.0,89595000.0,80594000.0,2.023425414364641,8.4636908727515,0.0028125,0.003931847968545216,-0.4141621621621622,2.023425414364641,-0.42518567059851464,439.19117647058823,-5.75359619830465,9.785386631716907,0.0,0.0,0.0,0.0159375,8.4636908727515,-0.304140625,0.0,1.0,0.0,-1.229524101741814,1.8452504797101792,0.9532179884860992,0.0,0.0,0.0,-0.8460343892042494,1.5689923286590048,1.2793407794432272,Biotechnology,Healthcare,CANF
2019Q3,2019,Q3,2019-09-30,2019-09-30,-2948000.0,1152000.0,-2791000.0,-0.6514917127071823,0.0,0.0,11751000.0,7056000.0,9953000.0,3125000.0,4695000.0,0.0,-108464000.0,93215000.0,88533000.0,1.5593370165745857,3.18496,0.0,0.0,-0.3955498866213152,1.5593370165745857,-0.4178004535147392,80.91579861111111,-7.904935549525103,13.210742630385488,,0.0,,0.09803420985448047,3.18496,-0.2508722661901115,0.0,0.0,0.036916040509637364,-2.130834537466005,0.0,1.8007798384485743,0.0,0.03691604050963737,0.03559087767795439,-0.31726167633031765,18.115445967659962,0.20635108196714522,Biotechnology,Healthcare,CANF
2019Q2,2019,Q2,2019-06-30,2019-06-30,-3061000.0,389000.0,-2894000.0,-0.67646408839779,0.0,0.0,13667000.0,8441000.0,13619000.0,3918000.0,5226000.0,0.0,-105516000.0,130320000.0,122118000.0,1.865414364640884,3.4760081674323633,0.0,0.0,-0.34285037317853334,1.865414364640884,-0.3626347589148205,335.012853470437,-10.643580529238811,15.438929036843975,,0.0,,0.028462720421453137,3.4760081674323633,-0.22397014706958368,0.0,0.0,0.0,-0.7206745336578457,0.0,1.0688284713694738,0.0,0.0,0.0,-1.227002333998563,6.151720419415778,0.09302134260191143,Biotechnology,Healthcare,CANF
2018Q3,2018,Q3,2018-09-30,2018-09-30,-177000.0,2629000.0,-6466000.0,-0.03911602209944751,0.0,0.0,10825000.0,6387000.0,9705000.0,2361000.0,4438000.0,0.0,-97194000.0,855225000.0,849497000.0,1.4114917127071822,4.110546378653113,0.0,0.0,-1.012368874275873,1.4114917127071822,-0.027712541099107563,325.304298212248,-1207.9449152542372,133.9008924377642,,0.0,,0.24286374133949193,4.110546378653113,-0.016351039260969976,0.0,0.0,0.8577170418006431,0.8707726151012848,0.0,5.145833907768317,0.0,0.8577170418006431,-2.2872394509405187,0.9405636212582381,38.8385052713056,-0.06964894194407197,Biotechnology,Healthcare,CANF
2018Q2,2018,Q2,2018-06-30,2018-06-30,-1244000.0,270000.0,-1967000.0,-0.2749171270718232,0.0,0.0,10984000.0,6510000.0,9126000.0,2157000.0,4474000.0,0.0,-97017000.0,800857125.0000001,795017125.0000001,1.4386740331491712,4.230876216968011,0.0,0.0,-0.3021505376344086,1.4386740331491712,-0.19109062980030722,2966.1375000000003,-160.94395598874598,123.0195276497696,,0.0,,0.02458120903131828,4.230876216968011,-0.11325564457392572,0.0,0.0,0.0,0.28871676268270613,0.0,8.300663914102257,0.0,0.0,0.0,0.28756024079968756,2.765772693734061,0.3887559092447035,Biotechnology,Healthcare,CANF
2017Q3,2017,Q3,2017-09-30,2017-09-30,-501907.792303,586901.021787,-1167824.688416,-0.11091884912773481,0.0,0.0,8768733.886732,3465733.631753,8713205.088251,1380570.586735,5299600.532623,0.0,-103039635.096467,1147087500.0,1141982816.882455,0.76590798491779,6.311307202956872,0.0,0.0,-0.3369631981282138,0.76590798491779,-0.1448200714863163,1954.4820291969174,-571.3636636007373,330.9797064293694,,0.0,,0.06693110195475789,6.311307202956872,-0.0572383423634783,0.0,0.0,0.7619987041353913,-1.291274376727453,0.0,6.813114746097827,0.0,0.7619987041353912,0.37447749518489165,0.46696395835632737,0.0,0.3756741611744554,Biotechnology,Healthcare,CANF
2017Q2,2017,Q2,2017-06-30,2017-06-30,-2108844.787923,79408.567213,-1866958.709601,-0.4660430470548066,0.0,0.0,10290103.563359,4016950.902022,10229032.147076,1595024.829975,6231864.943287,0.0,-103731090.798573,1215030375.0,1208154249.622963,0.8877239562479557,6.413086464137569,0.0,0.0,-0.46477010925407,0.8877239562479557,-0.5249864485178242,15300.998590503305,-144.0398058167053,302.47578440363657,,0.0,,0.00771698425813303,6.413086464137569,-0.2049391218405395,0.0,0.0,0.0,-0.21579007940092979,0.0,0.45944116189879763,0.0,0.0,0.0,-0.1854412028801654,0.0,-0.015474186210590869,Biotechnology,Healthcare,CANF
2016Q3,2016,Q3,2016-09-30,2016-09-30,-2237975.986831,60265.400135,-2272112.654581,-0.49458032858143647,0.0,0.0,11820608.023524001,5849043.537553,11752422.45223,1614346.67036,5904444.314229,0.0,-91136941.131348,1778325000.0,1768317968.36296,1.292606306641547,7.279986800858087,0.0,0.0,-0.3884588377558152,1.292606306641547,-0.38262255571571235,29508.22521739488,-198.65327090910043,304.0368888661031,,0.0,,0.005098333352655532,7.279986800858087,-0.18932833085888984,0.0,0.0,-0.6282187997730723,-1.4694461750109757,-0.4985770642509092,20.924044203613388,0.0,-0.6282187997730724,-0.07040494814904334,-0.6339422838660539,0.0,4.628190089416998,Biotechnology,Healthcare,CANF
2016Q2,2016,Q2,2016-06-30,2016-06-30,-1374493.39557,54392.506584,-2122666.434334,-0.30375544653480663,0.0,0.0,13820235.792051,7722630.538857,13751769.996421,1595979.190548,6006576.865823,0.0,-86635684.16521,1734206250.0,1722167162.254859,1.7066586826203314,8.616509587257935,0.0,0.0,-0.27486313422008773,1.7066586826203314,-0.1779825395833884,31883.183160934357,-315.42644286057623,224.56159740831964,,0.0,,0.003935714802730428,8.616509587257935,-0.09945513349059998,0.0,0.0,0.0,0.3066385100093955,-0.7396743977788456,0.0,0.0,0.0,0.0,0.21410441151746834,0.0,10.033116923915724,Biotechnology,Healthcare,CANF
2015Q3,2015,Q3,2015-09-30,2015-09-30,-2977974.159042,65991.431709,-1344016.882936,-0.6581158362523757,65991.431709,1.0,15211803.151851,6865150.466262,15143339.984526,1441035.142729,8118611.801116,0.0,-82476737.793704,2810025000.0,2795587416.011728,1.5171603240358011,10.508654185801385,0.0,0.0,-0.19577384203609488,1.5171603240358011,-0.43378133861405,42581.664425637326,-235.90072058449053,409.31732142063714,,0.0,,0.004338172868150088,10.508654185801385,-0.19576733470151658,0.0,1.0,-0.7054880970841121,-0.6058049021500816,-0.7334925115694806,0.0,-0.07959729055493248,-0.705488097084112,0.08649116507884971,-2.7282209608767514,0.0,14.476725577147517,Biotechnology,Healthcare,CANF
2015Q2,2015,Q2,2015-06-30,2015-06-30,-1746112.543461,71698.432688,-1471268.620026,-0.38588122507425415,71698.432688,1.0,8552749.939148,4687648.820548,8480786.936598,1402220.270285,3544971.585197,0.0,-82558496.396558,1486462500.0,1478737324.590181,1.0359444907288398,6.048113207544979,0.0,0.0,-0.31386067436980153,1.0359444907288398,-0.37249218324696826,20732.14775096173,-212.8245549759434,317.10193252621434,,0.0,,0.008383085346599341,6.048113207545693,-0.20415802588458967,0.0,1.0,0.0,0.11917569140204327,-0.6568472600358715,0.0,0.0,0.0,0.0,-0.006667878079475949,0.0,0.703119557122392,Biotechnology,Healthcare,CANF
2014Q3,2014,Q3,2014-09-30,2014-09-30,-941601.98015,0.0,-1376615.586208,-0.2080888353922652,0.0,0.0,4865488.190365001,2519298.340818,4818548.113579,1464096.267857,1874889.772219,0.0,-80519868.133657,2219512500.0,2215384215.212112,0.5567510145454144,3.2911415863602445,0.0,0.0,-0.5464281716475953,0.5567510145454144,-0.37375564652031956,0.0,-589.2915867823539,881.0042320272946,,0.0,,0.0,3.291141586360244,-0.19352672194634649,0.0,0.0,0.47069893888078884,0.49226252652054364,-1.0,0.0,0.0,0.4706989388807889,0.36358737066923585,-0.03899032963116757,-1.0,8.443117978446612,Biotechnology,Healthcare,CANF
2014Q2,2014,Q2,2014-06-30,2014-06-30,-1778953.509292,0.0,-2163086.530284,-0.39313889708110494,0.0,0.0,6432705.94884,4080086.926884,6379978.850899,1289629.075062,1783108.102203,0.0,-85180481.069224,2423069625.0,2417480843.928154,0.9016766689246409,4.947142534447184,0.0,0.0,-0.530156971909412,0.9016766689246409,-0.4360087275519404,0.0,-340.51896414712235,593.8769610603665,,0.0,,0.0,4.947142534447184,-0.2765482401092492,0.0,0.0,0.0,0.1026091068882853,-1.0,0.0,0.0,0.0,0.0,0.1026091068882853,-1.0,0.0,Biotechnology,Healthcare,CANF
2013Q3,2013,Q3,2013-09-30,2013-09-30,-1369678.726678,0.0,-1551573.855308,-0.30269143131005527,0.0,0.0,3207688.362355,1039240.580831,3163685.996878,1447313.473412,1466091.552947,0.0,-75496568.095763,3325693872.104495,3322982821.905363,0.22966642670298343,2.1859024012397956,0.0,0.0,-1.4929881337652604,0.22966642670298343,-1.3179611650487844,0.0,-607.0207938781723,3200.1193308340553,0.0,0.0,0.0,0.0,2.1859024012397956,-0.426998689384033,-2086.153740985449,0.0,0.21685730000308936,0.2614318673679282,-1.0,0.0,0.0,0.1206190105474428,0.28891915990981637,0.2614318673679282,-1.0,0.0,Biotechnology,Healthcare,CANF
2013Q2,2013,Q2,2013-06-30,2013-06-30,-1557548.711089,0.0,-2181993.618491,-0.3865086545673596,0.0,0.0,4595892.588897,623348.428197,4550388.701878,1600585.519896,3340423.898861,0.0,-72500301.531781,2278710121.912393,2275510869.711211,0.15468508984264687,2.842952560369075,0.0,0.0,-3.500439753738199,0.15468508984264687,-2.4986807387870082,0.0,-365.7526255341277,3655.5961623316084,0.0,0.0,0.0,0.0,2.842952560369075,-0.3389001550758189,-1384.086858664644,0.0,0.0,0.11774350161527083,-1.0,0.0,0.0,0.0,0.0,0.11774350161527083,-1.0,0.0,Biotechnology,Healthcare,CANF
2012Q3,2012,Q3,2012-09-30,2012-09-30,1598620.976791,0.0,-1200044.681164,0.38080537798737496,0.0,0.0,2542256.703444,411523.678478,2498844.890353,1273920.924494,1488187.417175,0.0,-62533066.600322,3373656220.160508,3371746100.3845234,0.09802850845116722,1.9615384615379785,0.0,0.0,-2.9161011721179837,0.09802850845116722,3.884639111662835,0.0,527.588507397894,8197.963802806704,0.0,0.0,0.0,0.0,1.9615384615387637,0.6288196524864484,-4248.3693492112125,0.0,1.9934262589376757,1.9291664309727117,-1.0,0.0,0.0,2.310075749300375,0.04007954963120866,1.9291664309727117,-1.0,0.0,Biotechnology,Healthcare,CANF
2012Q2,2012,Q2,2012-06-30,2012-06-30,-1220250.796677,0.0,-1250150.135569,-0.3833252589825748,0.0,0.0,3489789.503543,1936301.630664,3440723.921771,1118286.384557,1342148.101392,0.0,-61337599.313082,2558232743.0499167,2555573746.2877336,0.6082629292797166,3.076782449724643,0.0,0.0,-0.6456381153489481,0.6082629292797166,-0.6301966477498391,0.0,-524.120277162802,1321.1953667428575,0.0,0.0,0.0,0.0,3.076782449724643,-0.349663151728247,-1822.4462577484885,0.0,0.0,0.12501001792329358,-1.0,0.0,0.0,0.0,0.0,0.12501001792329358,-1.0,0.0,Biotechnology,Healthcare,CANF
2011Q3,2011,Q3,2011-09-30,2011-09-30,-898054.882022,119099.755392,-1049466.454459,-0.20027985772123105,119099.755392,1.0,1381931.018276,264369.412192,1276717.33302,1085249.789039,1117561.606084,0.0,-60325361.304863,3603495591.043287,3603018390.90229,0.05895838808920607,1.1764271653538367,0.0,0.0,-4.028391946011574,0.05895838808920607,-3.3969696969700176,30256.112442740883,-1003.139023900716,13630.53146415526,0.0,0.0,0.0,0.0861835748795772,1.1764271653538367,-0.6498550724640005,-4353.602476145374,1.0,0.5428350597532853,0.5113164588743586,-0.5146157108890678,0.0,-0.08771452466722156,0.2749599119783439,0.16898226948575706,0.5113164588743586,-0.5146157108890678,0.0,Biotechnology,Healthcare,CANF
2011Q2,2011,Q2,2011-06-30,2011-06-30,-1238627.900524,130550.971831,-1262868.908717,-0.4380910259941358,130550.971831,1.0,,,,,,,,2272138980.692332,,,0.0,0.0,0.0,0.0,,0.0,17404.228776126205,-458.5999919207186,0.0,0.0,0.0,0.0,0.0,0.0,0.0,-1396.2114614036543,1.0,0.0,0.0,0.0,0.0,0.0,0.0,0.0,0.0,0.0,0.0,Biotechnology,Healthcare,CANF
2010Q3,2010,Q3,2010-09-30,2010-09-30,-969945.355191,129508.196721,-872677.595628,-0.4098354883405798,129508.196721,1.0,,,,,,,,1901936866.738273,,,0.0,0.0,0.0,0.0,,0.0,14685.841629280212,-490.21753044112126,0.0,,0.0,,0.0,0.0,0.0,0.0,1.0,0.0,0.0,0.0,0.0,0.0,0.0,0.0,0.0,0.0,0.0,Biotechnology,Healthcare,CANF
2013Q4,,,,,,,,,,,,,,,,,,0.0,,0.0,0.0,0.0,0.0,0.0,0.0,0.0,0.0,0.0,0.0,0.0,0.0,,0.0,0.0,0.0,0.0,0.0,0.0,0.0,0.0,0.0,0.0,0.0,0.0,0.0,0.0,0.0,Biotechnology,Healthcare,CANF
2013Q1,,,,,,,,,,,,,,,,,,0.0,,0.0,0.0,0.0,0.0,0.0,0.0,0.0,0.0,0.0,0.0,0.0,0.0,,0.0,0.0,0.0,0.0,0.0,0.0,0.0,0.0,0.0,0.0,0.0,0.0,0.0,0.0,0.0,Biotechnology,Healthcare,CANF
2012Q4,,,,,,,,,,,,,,,,,,0.0,,0.0,0.0,0.0,0.0,0.0,0.0,0.0,0.0,0.0,0.0,0.0,0.0,,0.0,0.0,0.0,0.0,0.0,0.0,0.0,0.0,0.0,0.0,0.0,0.0,0.0,0.0,0.0,Biotechnology,Healthcare,CANF
