Quarters,Year,Quarter,FillingDate,Date,NetIncome,Revenue,OperatingIncome,EPSDiluted,GrossProfit,GrossProfitRatio,TotalAssets,CommonStockEquity,CurrentAssets,CurrentLiability,TotalLiability,Inventory,RetainedEarnings,MarketCap,EnterpriseValue,bookValuePerShare,currentRatio,debtToAssets,debtToEquity,roic,shareholdersEquityPerShare,roe,priceToSalesRatio,peRatio,pbRatio,payoutRatio,inventoryTurnover,dividendYield,assetTurnover,quickRatio,returnOnAssets,priceToFreeCashFlowsRatio,grossProfitMargin,epsdilutedGrowth,fiveYNetIncomeGrowthPerShare,fiveYRevenueGrowthPerShare,fiveYShareholdersEquityGrowthPerShare,grossProfitGrowth,netIncomeGrowth,operatingIncomeGrowth,threeYNetIncomeGrowthPerShare,threeYRevenueGrowthPerShare,threeYShareholdersEquityGrowthPerShare,Industry,Sector,Symbol
2022Q4,2022,Q4,2023-03-31,2022-12-31,-4522000.0,10626000.0,-4353000.0,-0.0975,2113000.0,0.1988518728,30960000.0,16344000.0,29565000.0,13822000.0,14616000.0,25415000.0,-74835000.0,218075943.9,223477943.9,0.35224793081819605,2.13898133410505,0.19160206718346254,0.36294664708761626,-0.19559308035532633,0.35224793081819605,-0.2766764561918747,20.52286315640881,-12.05638787593985,13.342874687958885,0.0,0.3349596694865237,0.0,0.3432170542635659,0.23795398639849516,-0.1460594315245478,-271.31668912336755,0.19885187276491625,-0.11683848797250859,-2.809997958791379,-0.6094148162900342,0.6786160698105663,-0.314628608498216,-0.11324470704086657,-0.1014676113360324,-0.770700644561786,-0.5473898342104203,0.2047023835171095,Communication Equipment,Technology,MINM
2022Q3,2022,Q3,2022-11-14,2022-09-30,-4062000.0,13833000.0,-3952000.0,-0.0873,3083000.0,0.2228728403,40535000.0,20668000.0,38789000.0,19122000.0,19867000.0,30313000.0,-70313000.0,244268052.0,248887052.0,0.4442128191205291,2.0285012028030542,0.14942642161095349,0.29306173795239016,-0.147292878748166,0.4442128191205291,-0.19653570737371784,17.658356972457167,-15.033730428360414,11.818659376814399,0.0,0.3546333256358658,0.0,0.3412606389539904,0.3999581633720322,-0.10020969532502776,-80.03923254520039,0.22287284030940505,0.08586387434554972,-4.4619566847402385,-0.48198183576664344,0.9233171580929171,0.21425758172508863,0.08244861079737971,0.07792813812412505,-8.110588174340831,-0.43043315756160905,0.29003228034452316,Communication Equipment,Technology,MINM
2022Q2,2022,Q2,2022-08-19,2022-06-30,-4427000.0,12864000.0,-4286000.0,-0.0955,2539000.0,0.1973725124,47637000.0,24594000.0,45774000.0,22406000.0,23043000.0,34341000.0,-66250000.0,465998130.38,467588130.38,0.5306730947575782,2.042934928144247,0.12190104330667338,0.2361144994714158,-0.1414481339104893,0.5306730947575782,-0.1800032528258925,36.22497904073383,-26.315683893155636,18.947634804423842,0.0,0.30066101744270696,0.0,0.270042194092827,0.46804427385521735,-0.09293196464932721,-105.28632808164829,0.19737251243781095,-0.730072463768116,-4.262177280726173,-0.3976783296283049,1.657661281825937,-0.39421225762227236,-0.7439432735867638,-0.7462494952947825,-1.2622101677711246,-0.35131461970534367,0.40136648639485906,Communication Equipment,Technology,MINM
2022Q1,2022,Q1,2022-05-12,2022-03-31,-2538500.0,13299255.0,-2454403.0,-0.0552,4191237.0,0.3151482545,48287906.0,27221984.0,46349665.0,20566153.0,21065922.0,29957158.0,-63212183.0,828058176.0,825285026.0,0.5917406846545042,2.2536866763560495,0.15067377326322662,0.26727372259127036,-0.070912335864932,0.5917406846545042,-0.0932518364568872,62.26350092542778,-81.5499483947213,30.418729803088564,0.0,0.30403478193759237,0.0,0.2754158567157582,0.7415646961296067,-0.05257009902231006,-180.66228496862306,0.31514825454508544,0.20575539568345333,0.25063606144558165,-0.16955332091705477,1.7386610319999682,0.21320240403694804,0.20353413100192802,0.2035676517248171,0.20569515985779163,-0.4175598053678393,2.2532907336952865,Communication Equipment,Technology,MINM
2021Q4,2021,Q4,2022-03-31,2021-12-31,-3187205.0,10475637.0,-3081747.0,-0.0695,3454689.0,0.3297831912,52912959.0,29098440.0,51042207.0,23272256.0,23814519.0,32503214.0,-60673683.0,1433187500.0,1425924426.0,0.634478217260477,2.193264245632224,0.10030380270360613,0.18239366096601742,-0.09021165902633169,0.634478217260477,-0.10953181682591918,136.8114893633676,-112.41726685293227,49.25306992402342,0.0,0.21600780772018421,0.0,0.19797866530201041,0.7498674816915043,-0.060234866093956306,-336.4607411309706,0.3297831912274165,-2.7375000000000003,-0.015556840223998721,-0.3581730564434991,1.2047805858359704,-0.23116062689528732,-2.874941172871752,-2.7223535921174338,-0.35464436940864563,-0.5070459683814585,1.6367130897402127,Communication Equipment,Technology,MINM
2021Q3,2021,Q3,2021-11-02,2021-09-30,1699896.0,15036170.0,1789265.0,0.04,4493382.0,0.2988382014834895,56538720.0,32046961.0,54636578.0,23744388.0,24491759.0,23241987.0,-57486478.0,1967018820.0,1955317328.0,0.7575848646430338,2.301031216302564,0.12668321815562858,0.22350035000198615,0.045327533439044644,0.7575848646430338,0.05304390640972166,130.81913944841006,289.28517097516556,61.37926213970804,0.0,0.45360958165926174,0.0,0.265944648198615,1.2821086397341552,0.030066050310300622,-382.37574170853253,0.2988382014834895,2.0,3.2893575199716567,-0.17658436223007348,1.9008259518118713,0.003498210472387944,2.0939468219222337,2.2387771915977788,0.8645568773647073,-0.36607430569990235,1.6875018868626042,Communication Equipment,Technology,MINM
2021Q2,2021,Q2,2021-08-16,2021-06-30,-1553911.0,14893145.0,-1444380.0,-0.04,4477718.0,0.30065630865743936,32663234.0,7028291.0,30700703.0,24982044.0,25634943.0,19579030.0,-59186374.0,2767610118.0,2774179541.0,0.19807945289496157,1.2289107728735087,0.22599709508250163,1.050297433615085,-0.10165359689223177,0.19807945289496157,-0.22109371965389596,185.83114029978222,-445.26522400575067,393.78137843182645,0.0,0.5319684887351416,0.0,0.4559605151161701,0.4029781550300688,-0.047573703204036685,-10030.843818636511,0.30065630865743936,-1.0,0.38194558940412293,0.44828048016124533,-0.2672643511505311,-0.1226680564835152,-1.8484950139316616,-1.6962579662421737,-15.744545752040997,-0.11083850654982848,-0.2079166073269529,Communication Equipment,Technology,MINM
2021Q1,2021,Q1,2021-05-17,2021-03-31,-545520.0,15017574.0,-535698.0,-0.02,5103790.0,0.33985449314250094,30338702.0,8028815.0,28230549.0,22146203.0,22309887.0,17984073.0,-57632463.0,2776271636.25,2782922549.25,0.22774038858244666,1.2747354027234374,0.23233116565105522,0.8779161059259679,-0.03546455737506388,0.22774038858244666,-0.06794526963194444,184.86818418540838,-1272.3051566624506,345.788467694174,0.0,0.5512535452897683,0.0,0.49499724806947903,0.4083649463522031,-0.017980993385939847,-531.1090477224424,0.33985449314250094,0.5,0.7115002529160436,1.124224532150773,-0.32910873577568817,0.13151222721984165,0.5590439161607915,0.7595614729596536,-1.678107167108375,-0.19641577874398716,-0.036336266138565894,Communication Equipment,Technology,MINM
2020Q4,2020,Q4,2021-04-13,2020-12-31,-1237130.0,13732732.0,-2228004.0,-0.04,4510592.0,0.3284555469370552,29610969.0,7790470.0,27679050.0,21783019.0,21820499.0,16504840.0,-57086943.0,3061977000.0,3063815845.0,0.23025565998699532,1.2706709754052,0.08816334244245773,0.3351019899954688,-0.21434154790593352,0.23025565998699532,-0.15880043180963407,222.96925331390725,-618.7662169699223,393.0413697761496,0.0,0.5587536746796697,0.0,0.4637717867321397,0.45792968366781484,-0.04177945004096286,-417.6726510340613,0.3284555469370552,-3.0,0.3264337900586485,2.0577341682644428,-0.4039857869401,0.1635565176925085,-2.6234736586208816,-5.706754604865098,-0.4294404961219969,-0.3077555921789717,0.09726932993254703,Communication Equipment,Technology,MINM
2020Q3,2020,Q3,2020-11-13,2020-09-30,-341421.0,12027457.0,-332203.0,-0.01,3876556.0,0.3223088637939009,22696071.0,7476008.0,21213310.0,14956993.0,15220063.0,9693326.0,-43217923.0,1104806957.5,1101484044.5,0.3129645117210443,1.4182870848438587,0.030435972816616585,0.09239917881307778,-0.04049529393322828,0.3129645117210443,-0.04566889174008375,91.85706982781149,-808.977008956684,147.78033376903824,0.0,0.840877630650202,0.0,0.529935643927092,0.7081060344148051,-0.015043176415865108,-301.09606056658464,0.3223088637939009,0.8571428571428571,-14.481229820983069,0.2736103356880034,-0.5377585078157091,0.82523310053492,0.7765547436656773,0.7814855036476858,-1.566767113969389,-0.1227262659838433,0.35504872745226546,Communication Equipment,Technology,MINM
2020Q2,2020,Q2,2020-08-13,2020-06-30,-1527985.0,10272757.0,-1520279.0,-0.07,2123869.0,0.2067477114468881,19280025.0,7599148.0,18199952.0,11307380.0,11680877.0,4621869.0,-42876502.0,1113750000.0,1106925575.0,0.3411514253647587,1.609564019251144,0.0377441937964292,0.09576191962572646,-0.1802126578142973,0.3411514253647587,-0.20107319925865375,108.41782785283445,-182.2252836251665,146.56248305731117,0.0,1.7631153111436089,0.0,0.5328186555774694,1.1101552260559033,-0.07925223126007358,265.130658530994,0.2067477114468881,-0.7500000000000001,-4.191012898031205,0.42269556017370485,0.31424594006043527,-0.31382248358597037,-1.032221939966404,-1.0552198411282168,-2.7788480649635647,0.0007459906527830141,0.7085187536139029,Communication Equipment,Technology,MINM
2020Q1,2020,Q1,2020-05-15,2020-03-31,-751879.0,11955603.0,-739716.0,-0.04,3095218.0,0.25889267149469586,11644267.0,5681823.0,10940582.0,5962444.0,5962444.0,4178734.0,-41348517.0,627130000.0,627567321.0,0.2695361954459203,1.8349156822269526,0.033260831274308636,0.06816439019659712,-0.12136199790447347,0.2695361954459203,-0.13233059178365816,52.45490336204707,-208.5209189244546,110.37478640218114,0.0,2.120351522733919,0.0,1.02673727766634,1.002018299878372,-0.06457074541488958,-456.347444911289,0.25889267149469586,0.3333333333333333,-65.97485012022554,0.5432700946524691,0.03549625675996993,0.19424871805754368,0.346159766179715,0.3420155397321687,0.5156254513170281,0.6291972290706471,0.2474522951083862,Communication Equipment,Technology,MINM
2019Q4,2019,Q4,2020-04-15,2019-12-31,-1149943.0,10571495.0,-1124215.0,-0.06,2591770.0,0.2451658918629768,13902708.0,6108991.0,13147557.0,7793716.0,7793716.0,7440350.0,-40596638.0,616343500.0,615229323.0,0.29239415115110323,1.6869433015008501,0.0,0.0,-0.18106923551802576,0.29239415115110323,-0.18823779573418917,58.30239715385572,-133.99435885083,100.89121100358471,0.0,1.0724932294851721,0.0,0.7603910691355957,0.6784272098187822,-0.08271359795516096,-581.2499528469147,0.2451658918629768,-4.999999999999999,-2.878478826634613,0.5537742787649944,0.1273514825928421,-0.171250984866314,-4.760487110897378,-3.7282213259199133,0.19569135391512343,0.4217593667600489,0.016055288160163272,Communication Equipment,Technology,MINM
2019Q3,2019,Q3,2019-11-14,2019-09-30,-199626.0,10874149.0,-237767.0,-0.01,3127328.0,0.2875928957751085,14368508.0,7173341.0,13754218.0,7168884.0,7195167.0,6341792.0,-39446695.0,390600000.0,388447590.0,0.3443424059139785,1.9185996035087192,0.0,0.0,-0.033172508418235234,0.3443424059139785,-0.02782887360296966,35.92005222661562,-489.1647380601725,54.451614666025215,0.0,1.2215507856454453,0.0,0.7568043251254758,0.9802539697950197,-0.013893300543104406,859.1261811335363,0.2875928957751085,0.75,-4.565522850543981,0.2762497922015899,0.2601162924459505,0.12965668107216186,0.7520521963997601,0.6951103166522621,0.45407501836817504,0.20921007842371042,0.31850230119798834,Communication Equipment,Technology,MINM
2019Q2,2019,Q2,2019-08-14,2019-06-30,-805113.0,8158723.0,-779846.0,-0.04,2768388.0,0.33931633663748606,14402294.0,7220341.0,13727359.0,7129795.0,7181953.0,6752494.0,-39247069.0,471908250.0,470269150.0,0.3786825929616615,1.92535114964736,0.0,0.0,-0.10750513362430268,0.3786825929616615,-0.11150622941492652,57.840945206743754,-146.53478766334663,65.3581666018267,0.0,0.7982732009832219,0.0,0.5664877414667413,0.7493397776513911,-0.05590171954551129,-408.6709204417622,0.33931633663748606,0.4285714285714286,-2.294181804251908,0.34860469684216044,0.3982899351544496,0.14475811070260847,0.2818659588018389,0.2775176533586314,0.4040835850567389,0.4764419911544554,0.40082290922371755,Communication Equipment,Technology,MINM
2019Q1,2019,Q1,2019-05-15,2019-03-31,-1121118.0,8010089.0,-1079398.0,-0.07,2418317.0,0.3019088801635038,11208059.0,2935339.0,10392963.0,8187610.0,8272720.0,6482650.0,-38441956.0,403450000.0,405746866.0,0.1818898872227042,1.2693524728217391,0.18927309358382213,0.722704941405405,-0.20325189182558517,0.1818898872227042,-0.3819381679594759,50.36772999650815,-89.96599822677005,137.44579416551204,0.0,0.8625750271879555,0.0,0.7146722728707977,0.4035695398290832,-0.10002784603471485,-1548.1105722003929,0.3019088801635038,-0.4000000000000001,-14.602971560021182,0.3129419628931941,-0.35726342284694074,0.02588819114822905,-0.356597561285498,-0.4093675983255731,-0.2952326016123833,1.4751394006404739,-0.4641778862852832,Communication Equipment,Technology,MINM
2018Q4,2018,Q4,2019-04-01,2018-12-31,-826419.0,7464309.0,-765874.0,-0.05,2357291.0,0.3158083353730399,12216487.0,3876345.0,11732851.0,8340142.0,8340142.0,7927678.0,-37320838.0,604087500.0,605702790.0,0.2406322552610342,1.4067927140808874,0.1425345928006963,0.44920459866188384,-0.13704823579772918,0.2406322552610342,-0.2131954199123143,80.93013030409111,-182.74250107996065,155.83945701427504,0.0,0.6442009879816006,0.0,0.6110029012432133,0.3461077761026131,-0.06764784344304545,3744.444582189191,0.3158083353730399,-3.5000000000000004,0.19234770848261126,0.34019261179759147,-0.16070769295264978,-0.2797964614477451,-3.3889499153017626,-3.005940236195106,0.054960392503995675,2.490737203189546,-0.3771260855679528,Communication Equipment,Technology,MINM
2018Q3,2018,Q3,2018-11-13,2018-09-30,345934.0,9000060.0,381803.0,0.02,3273090.0,0.36367424217171884,12129053.0,4524646.0,11619409.0,7604407.0,7604407.0,6300794.0,-36494419.0,722295000.0,724006678.0,0.2818918447448757,1.5279835758396414,0.16075863466010085,0.4309397906488154,0.05854097840173046,0.2818918447448757,0.07645548403123692,80.25446497023353,521.9890210271324,159.63569304648362,0.0,0.9089283033217719,0.0,0.7420249544626444,0.6099363171908079,0.028521105481194617,-439.4152688585466,0.36367424217171884,6.127583749109053,1.6698510905124924,0.7252507836461407,-0.15497854069224554,0.1977955020776954,6.308979505598986,4.593937262830938,24.344310179769877,0.41834125516167286,-0.5836521328475849,Communication Equipment,Technology,MINM
2018Q2,2018,Q2,2018-08-13,2018-06-30,47330.0,7522246.0,68253.0,0.002806,2732595.0,0.36326849720150073,10892756.0,3984929.0,10461294.0,6907827.0,6907827.0,6946935.0,-36840353.0,1203092500.0,1203166064.0,0.250073988076561,1.5144116956026836,0.017540464506870437,0.04794665099428371,0.012339969131381136,0.250073988076561,0.011877250510611356,159.93793608983273,6354.809317557575,301.91064884719407,0.0,0.6894624751779022,0.0,0.6905732580441534,0.40032878646208137,0.004345089525552578,-1771.123774809284,0.36326849720150073,-0.8597,-0.5627720942068163,0.1444486080018765,-0.3058549565208055,-0.1672446737510628,-0.8681167416225012,-0.8147800389148351,1.2247683546536194,0.45625737590696636,-0.0366192279778972,Communication Equipment,Technology,MINM
2018Q1,2018,Q1,2018-05-15,2018-03-31,358878.0,8336867.0,368497.0,0.02,3281390.0,0.3935998978992948,10218865.0,3716725.0,9704708.0,6502140.0,6502140.0,5379931.0,-36887683.0,943620000.0,943247367.0,0.23632765308068926,1.492540609706958,0.004947026895844108,0.01360149055956521,0.0968442558536433,0.23632765308068926,0.09655758766118021,113.1864044370625,657.3403775099059,253.88480449858412,0.0,0.9396917915861747,0.0,0.8158310145011212,0.5012663523086246,0.03511916440818036,7784.872784872785,0.3935998978992948,1.6666666666666667,1.4973594875591576,0.36785307903142594,-0.33455981808884916,0.010671932254528465,1.9282639959442542,2.0704280585152737,40.5689339431178,0.4424409661789631,-0.09208334810445752,Communication Equipment,Technology,MINM
2017Q4,2017,Q4,2018-03-30,2017-12-31,-386612.0,8861833.0,-344252.0,-0.03,3246741.0,0.3663735256577279,8792681.0,3171586.0,8239439.0,5621095.0,5621095.0,5202303.0,-37246561.0,831270000.0,831131042.0,0.20984425036390103,1.4658067511757051,0.010265355925001714,0.028458947668453576,-0.10568580720612428,0.20984425036390103,-0.12189863368043623,93.8033925938347,-537.5350480585186,262.09915165472415,0.0,1.0793473582757482,0.0,1.007864722944003,0.43741121614205064,-0.043969751660500364,1299.8830328883996,0.3663735256577279,-2.5,0.26385180333477126,0.23647625159739685,-0.474231720729081,0.05883855027666687,-2.025264860707798,-1.8343116393371108,-1.873025052793659,0.8005138526545325,-0.1909269531213235,Communication Equipment,Technology,MINM
2017Q3,2017,Q3,2017-11-09,2017-09-30,377085.0,8582076.0,412618.0,0.02,3066323.0,0.3572938529092495,9024252.0,3453572.0,8438054.0,5570680.0,5570680.0,5306662.0,-36859949.0,747650000.0,748153925.0,0.230961813682873,1.5147260298563192,0.06590884208464037,0.17222110904304297,0.1005929565130248,0.230961813682873,0.10918695194424786,87.11761583094813,495.67736717185784,216.4860034769798,0.0,1.0394016050014114,0.0,0.951001368312853,0.3941005406880309,0.041785734706876534,753.4735974345718,0.3572938529092495,2.0,2.186229102648812,0.21494367964379424,-0.47130773863922093,0.3975667762360281,2.401964538664307,2.8013061737665126,8.383135976452973,0.4032511106684945,-0.1547984234408822,Communication Equipment,Technology,MINM
2017Q2,2017,Q2,2017-08-11,2017-06-30,-268969.0,6828192.0,-229066.0,-0.02,2194044.0,0.32132136881915446,9746805.0,2958610.0,9130133.0,6788195.0,6788195.0,5260093.0,-37237033.0,740850000.0,742305646.0,0.1996767226834042,1.3450015799487198,0.20015964205706382,0.6594032332750852,-0.04829834427906472,0.1996767226834042,-0.09091059653012733,108.49870653900769,-688.6016604143972,250.40475087963605,0.0,0.8810011534016604,0.0,0.70055695173957,0.4509874863641955,-0.0275956069706945,-6152.779277296548,0.32132136881915446,0.7142857142857143,0.37406707965222763,-0.1254428920452319,-0.5639156792083575,0.2651102394031844,0.7528998568675115,0.7821788015488426,-0.41616885454625197,0.45241354191749655,-0.26269134942493233,Communication Equipment,Technology,MINM
2017Q1,2017,Q1,2017-05-12,2017-03-31,-1088502.0,5145889.0,-1051624.0,-0.07,1734271.0,0.3370206780597094,7782624.0,3193937.0,7073842.0,4588687.0,4588687.0,4680374.0,-36968064.0,702145000.0,703591757.0,0.21606934109051548,1.5415830279990768,0.19859689996587268,0.4839184367130598,-0.22188304270750211,0.21606934109051548,-0.3408025894061154,136.44775470283173,-161.26405831133061,219.83683460256105,0.0,0.7289199538327492,0.0,0.6612023142837171,0.48038818075846096,-0.13986311043678842,-2537.6778176140633,0.3370206780597094,0.0,-3.685294114352708,-0.36367545124684486,-0.5560025037639658,0.2328035144337738,-0.10003921124756446,-0.1262010323630834,-15.538713958712917,-0.07915801017747989,-0.23648493689923078,Communication Equipment,Technology,MINM
2016Q4,2016,Q4,2017-03-22,2016-12-31,-989512.0,5146095.0,-933780.0,-0.07,1406770.0,0.2733665041162279,9021769.0,4161210.0,8257119.0,4860559.0,4860559.0,4926612.0,-35879562.0,849525000.0,850651774.0,0.2877738589211618,1.6988002820251744,0.14482968916628214,0.314000014418883,-0.17142812761025644,0.2877738589211618,-0.23779429540926797,165.08148411562553,-214.63231370615011,204.15335923925974,0.0,0.7590053773262436,0.0,0.5704086415868107,0.5509870366762342,-0.10968048505786393,-1713.7885818035102,0.2733665041162279,-2.5,-73.34666010156647,-0.4461425968995027,-0.5484679664874792,-0.269437338426816,-3.062302942722018,-2.65793751836255,-0.07732190440734163,0.02933252921758558,0.0037157558111086705,Communication Equipment,Technology,MINM
2016Q3,2016,Q3,2016-11-14,2016-09-30,-243584.0,5990432.0,-255275.0,-0.02,1925598.0,0.32144559858120414,8566428.0,3624142.0,7850431.0,4942286.0,4942286.0,4229070.0,-34890050.0,1058121250.0,1060087741.0,0.2611617784823809,1.588421026221469,0.25002241307578843,0.5909809825332452,-0.04464571749281853,0.2611617784823809,-0.06721149447234684,176.6352159577139,-1085.9921526044402,291.9646222471415,0.0,0.9611649842636797,0.0,0.6992917001111782,0.6164983167708222,-0.02843472215023578,-717.7021850102896,0.32144559858120414,0.7142857142857143,0.6232543376917918,-0.1948733249758834,-0.5459626029051569,0.6039151696581848,0.74948010622083,0.7361430527920618,0.4544428090721368,0.3282244721835809,-0.21712063941288698,Communication Equipment,Technology,MINM
2016Q2,2016,Q2,2016-08-12,2016-06-30,-972314.0,3976865.0,-967475.0,-0.07,1200561.0,0.3018862847997103,7608283.0,3709450.0,6853270.0,3898833.0,3898833.0,3791024.0,-34646465.0,977692500.0,978202917.0,0.27032866929019095,1.7577746982238018,0.07968749322284673,0.1634433676151451,-0.22447075515866458,0.27032866929019095,-0.2621181037620132,245.84503119919836,-251.38291231022077,263.5680491717101,0.0,0.7323361709131886,0.0,0.5227020340857458,0.5383549385162175,-0.12779677096658998,-1225.0480838507176,0.3018862847997103,-0.4000000000000001,-0.2348772658399327,-0.4797982662533941,-0.5698013328000265,0.43912815201599564,-0.33609351832893836,-0.32909340436668266,-11.430678513921237,-0.2973739221047685,-0.24963284929633098,Communication Equipment,Technology,MINM
2016Q1,2016,Q1,2016-05-13,2016-03-31,-727729.0,2720845.0,-727921.0,-0.05,834228.0,0.3066062197589352,6713958.0,4605786.0,5900903.0,2108172.0,2108172.0,3316304.0,-33674151.0,644480000.0,644176957.0,0.3394594634433962,2.799061461778261,0.0,0.0,-0.15804294809546576,0.3394594634433962,-0.15800321595488806,236.867590766839,-221.40109848583745,139.92834230682885,0.0,0.5688914526533153,0.0,0.40525201378977943,0.8184384386093734,-0.10839046058971474,-431.0381151178352,0.3066062197589352,0.0,-0.07092752784874247,-0.5942163667649676,-0.508512257385801,0.6926816599167283,-0.004921530314223968,-0.02479051459077138,-0.16902367004525093,-0.4825475675148214,-0.0441661643882626,Communication Equipment,Technology,MINM
2015Q4,2015,Q4,2016-03-15,2015-12-31,-724165.0,1770760.0,-710312.0,-0.05,492844.0,0.27832343174682056,6869845.0,5153586.0,6091664.0,1716259.0,1716259.0,2784610.0,-32946422.0,773720000.0,771873296.0,0.38632578710644677,3.5493850287165283,0.0,0.0,-0.13813503434959795,0.38632578710644677,-0.14051671981412553,436.94232984707133,-267.1076343098603,150.1323544421302,0.0,0.45892099791353186,0.0,0.2577583628160461,1.7047829028136197,-0.10541213084137997,-7915.699012737225,0.27832343174682056,-52.24813631522897,-1.2495962185093243,-0.9111629900790768,-0.8125547002506308,-0.5522054728180824,-91.07438016528926,-34.02701446040824,-0.5622518290400607,-0.7200725362409006,-0.03205427848176221,Communication Equipment,Technology,MINM
2015Q3,2015,Q3,2015-11-13,2015-09-30,-7865.0,3367838.0,21507.0,-0.000939,1100603.0,0.3267980823305634,6812194.0,5767861.0,6328462.0,1044333.0,1044333.0,1387809.0,-32222257.0,310943500.0,308427246.0,0.6770584575654419,6.059812339550699,0.0,0.0,0.004981610183441578,0.6770584575654419,-0.001363590419394642,92.32733284676995,-9883.77304513668,53.90967292727755,0.0,1.633679418421411,0.0,0.4943837477323752,4.2868136887372135,-0.001154547272141692,-870.5293276108727,0.3267980823305634,0.9060999999999999,-1.006830463174087,-0.8064373641380762,-0.5299233256775143,0.29185882319799333,0.9255743972141262,1.271858527891191,0.9565722069377512,-0.16313636235946877,0.5498474024594084,Communication Equipment,Technology,MINM
2015Q2,2015,Q2,2015-08-13,2015-06-30,-105676.0,2592295.0,-79111.0,-0.01,851953.0,0.3286481669717374,4259339.0,2075858.0,3960417.0,2183481.0,2183481.0,2206430.0,-32214392.0,179932500.0,180719380.0,0.2595795923471302,1.8138087759866013,0.24398809298813737,0.5006257653461845,-0.02633793985209119,0.2595795923471302,-0.05090714297413407,69.41050304845706,-425.6702089405352,86.6786167454614,0.0,0.7887592173782989,0.0,0.608614388288887,0.689723427865871,-0.024810422462264684,-461.1832763472885,0.3286481669717374,-19.248945295404813,0.8316037737188832,-0.8087474302892439,-0.798006152468099,-0.10964231146262904,-24.123851203501093,-3.8613642939814814,0.5443460743951798,-0.38482304726123695,-0.4330907043203488,Communication Equipment,Technology,MINM
2015Q1,2015,Q1,2015-05-11,2015-03-31,4570.0,3059448.0,27648.0,0.0005479768741768357,956866.0,0.31275772623035264,3701536.0,2166969.0,3524684.0,1534567.0,1534567.0,1630017.0,-32108716.0,37462491.0,37866781.0,0.2602966391103037,2.296858983674222,0.126669307012008,0.21637180781081777,0.010489255797013475,0.2602966391103037,0.002108936491477266,12.24485299308895,2049.3704048140044,17.287968125063163,0.0,1.2899141542695567,0.0,0.826534714237549,1.071381699202446,0.0012346225999152784,126.06884193310651,0.31275772623035264,-0.9809571561656646,1.0038034684342998,-0.695623429097356,-0.8073678002033544,0.1457895020446286,-0.9812594317958139,1.333917076293192,1.0349279331600973,-0.32824578457750414,-0.4651205235303857,Communication Equipment,Technology,MINM
2014Q4,2014,Q4,2015-03-24,2014-12-31,243856.0,2710266.0,-82799.0,0.028776,835115.0,0.3081302720839947,4010555.0,2158607.0,3943413.0,1851948.0,1851948.0,1724507.0,-32113286.0,52016875.0,52719823.0,0.2593637881937352,2.1293324650584142,0.20959318598049398,0.38941085616788973,-0.027467319098516567,0.2593637881937352,0.1129691509385451,19.192534976271702,53.327450421560265,24.09742718336409,0.0,1.0873548208270538,0.0,0.6757832768781378,1.0522125891223728,0.06080355462024583,-240.219429294492,0.3081302720839947,9.706992811158798,1.161060671290055,-0.7592230410546345,-0.8253251200034083,-0.09658892992442682,9.90200286123033,-2.708464014526246,29.976683585676717,-0.493200549481725,-0.5930448333922103,Communication Equipment,Technology,MINM
2014Q3,2014,Q3,2014-11-14,2014-09-30,22368.0,3404026.0,48464.0,0.0026875893640285003,924402.0,0.27156138055349754,3938394.0,2274281.0,3888817.0,1664113.0,1664113.0,1425747.0,-32357142.0,49936200.0,50419159.0,0.273262402826006,2.336870753368311,0.17503962274978074,0.3031177765632303,0.015136721420301133,0.273262402826006,0.009835196266424422,14.669746940828302,558.1209763948498,21.956917373007116,0.0,1.7391753235321554,0.0,0.864318298270818,1.3246360072903702,0.005679472394077383,117.48007932979031,0.27156138055349754,1.2099679190647266,1.0063664644947412,-0.6665126643398953,-0.8293668713655002,0.15595043079193188,1.209669859957631,1.5791102560732253,1.0576843502052158,-0.23716556445624595,-0.5249253132522504,Communication Equipment,Technology,MINM
2014Q2,2014,Q2,2014-08-14,2014-06-30,-106682.0,2640702.0,-83687.0,-0.0128,799690.0,0.30283235291221805,4332411.0,2253940.0,4284862.0,2078471.0,2078471.0,2447065.0,-32379509.0,29129450.0,30036039.0,0.270818364232761,2.0615452416704394,0.2216486385986925,0.4260419532019486,-0.02671543648474594,0.270818364232761,-0.04733133978721705,11.030949346045105,-68.26233572673928,12.92379122780553,0.0,0.7523347356935758,0.0,0.6095225037513754,0.7607515332184092,-0.024624164235572295,-59.26353545299924,0.30283235291221805,-1.8748531951640761,0.9043899629857086,-0.7885936715820291,0.0,-0.14239324287079327,-1.8789399827288429,-2.886633847297046,0.7766111050080964,-0.4304871654582927,-0.5690220365745047,Communication Equipment,Technology,MINM
2014Q1,2014,Q1,2014-05-15,2014-03-31,-37056.0,3146345.0,-21532.0,-0.00445240126401288,932467.0,0.29636514749653964,4059878.0,2355265.0,4011142.0,1704613.0,1704613.0,1867938.0,-32272828.0,27048775.0,27464870.0,0.2829928989390462,2.353110060758659,0.11217307515151934,0.19335785994357324,-0.007946212869876212,0.2829928989390462,-0.01573326143767262,8.596887817451679,-182.4857985211572,11.484387107183268,0.0,1.1851988663435296,0.0,0.7749851103900166,1.114814916934225,-0.009127367866719147,-176.32838983050848,0.29636514749653964,0.9336877818385703,0.9905152340763319,-0.6758599737622769,0.0,0.2881122030330072,0.9299050040291004,0.9029206755696625,0.9111002514682554,-0.2350225012674258,-0.5902675987744488,Communication Equipment,Technology,MINM
2013Q4,2013,Q4,2014-03-31,2013-12-31,-528654.0,2877518.0,-221798.0,-0.067143,723902.0,0.2515716669713274,3720463.0,2386189.0,3669438.0,1334274.0,1334274.0,1714081.0,-32235772.0,22887425.0,23150350.0,0.28670852007161135,2.7501382774452625,0.085558705999764,0.1334001623509286,-0.08219864947262276,0.28670852007161135,-0.2215474130506846,7.95387726505968,-10.823442648688934,9.591622876477933,0.0,1.2564260382093961,0.0,0.7734300811485022,1.2967389007055523,-0.1420936050163649,-368.1722030081235,0.2515716669713274,-1.333298582151793,0.9070394136982929,-0.7564066431763882,-0.8805542237725787,0.13113929272347713,-1.0966019956533464,0.05345185918582469,-1.2920542848078584,-0.7686103827007809,-0.860889005396077,Communication Equipment,Technology,MINM
2013Q3,2013,Q3,2013-11-14,2013-09-30,-252148.0,2547028.0,-234323.0,-0.028776,639976.0,0.2512638259178933,4263507.0,2614312.0,4211695.0,1649195.0,1649195.0,2548349.0,-31707119.0,43102785.0,43344455.0,0.3335913445036092,2.5537883634136653,0.06859728387921024,0.11187073310301142,-0.08100038948832261,0.3335913445036092,-0.09644908488351811,16.92277627101076,-42.73560071862557,16.48723832503542,0.0,0.7483480480891745,0.0,0.5974020917521655,0.8892538480895225,-0.05914098417101227,208.94976803711407,0.2512638259178933,-5.235979609329446,0.9330862955577481,-0.8272456933752759,0.0,-0.38120773441987016,-6.1050372529964365,-4.540264096210794,-1.2380416383070845,-0.8408707449936089,-0.7683899993349301,Communication Equipment,Technology,MINM
2013Q2,2013,Q2,2013-08-14,2013-06-30,49392.0,2999019.0,66188.0,0.006793233833473346,1034234.0,0.3448574350479273,4421594.0,2619379.0,4370236.0,1802215.0,1802215.0,2149949.0,-31454970.0,29083056.0,29781065.0,0.3602618651905082,2.4249248841009536,0.16792405634710017,0.2834610798971817,0.019291027443617298,0.3602618651905082,0.018856377790308312,9.697523090050446,147.205296404276,11.103034726933368,0.0,0.9138751663411551,0.0,0.6782664803688444,1.09502750781677,0.011170632129499,-316.7467816767954,0.3448574350479273,1.1416466947491264,1.0506702610372805,-0.7251713537208418,0.0,0.46914916587117594,1.1480690941140497,1.2089643654319118,1.0865684513947491,-0.7566400418899427,-0.7196594708742161,Communication Equipment,Technology,MINM
2013Q1,2013,Q1,2013-05-15,2013-03-31,-333574.0,2817599.0,-316743.0,-0.047959,703968.0,0.2498467666974612,4725668.0,2582065.0,4683231.0,2143603.0,2143603.0,2671382.0,-31504363.0,32717052.0,33322054.0,0.35514484923641654,2.1847473622681064,0.16922686909025347,0.3097172224556702,-0.0938057421311787,0.35514484923641654,-0.12918884691128998,11.611677886029915,-24.520085498270248,12.670886286751108,0.0,0.7912125633847948,0.0,0.5962329558487816,0.8231608184911106,-0.07058769257594905,300.4762132177363,0.2498467666974612,-0.2500065160163683,0.9022621318008522,-0.667717020869176,0.0,-0.18709453919791222,-0.3203269409645946,-0.3633264609544142,0.6821089532722802,-0.6790260286390285,-0.7371755018094243,Communication Equipment,Technology,MINM
2012Q4,2012,Q4,2013-03-29,2012-12-31,-252645.0,3447771.0,-232331.0,-0.038367,865990.0,0.25117387436694605,5124157.0,2901902.0,5098112.0,2222255.0,2222255.0,2630386.0,-31170788.0,36353820.0,37068923.0,0.3991192672461931,2.2941165617807138,0.17774767634949515,0.31386552681655,-0.06111494454906748,0.3991192672461931,-0.08706186494237228,10.544151569231252,-35.97322329751232,12.527583633079269,0.0,0.9815217234276642,0.0,0.6728464799185505,0.9927024576387499,-0.049304695386968043,-373.6491458877218,0.25117387436694605,-0.9999478732276897,0.9491463380918458,-0.6659049848995785,-0.8337227276272301,0.00779009794063978,-0.6345127418822661,-0.7366127489086887,0.8089922631163813,-0.6493889393984742,-0.7312033780965558,Communication Equipment,Technology,MINM
2012Q3,2012,Q3,2012-11-14,2012-09-30,-154569.0,3434693.0,-133784.0,-0.019184,859296.0,0.25018131169219493,5469299.0,3176269.0,5438503.0,2293030.0,2293030.0,3141991.0,-30918143.0,29083056.0,29700735.0,0.43685491648470504,2.371753967457905,0.1455396751942068,0.25060849695035275,-0.033853611929442175,0.43685491648470504,-0.04866369945366718,8.467439739155727,-47.0389534770879,9.156357978496153,0.0,0.8196703937089571,0.0,0.6279951050399695,0.9271143421586285,-0.028261208611926318,-187.91631236834965,0.25018131169219493,0.3333333333333333,0.9557875544838143,-0.7489005953995899,0.0,-0.06602930723029066,0.2669591197951247,0.3359969426397526,0.9496409235703079,-0.6148245535989614,-0.7272148660472282,Communication Equipment,Technology,MINM
2012Q2,2012,Q2,2012-08-14,2012-06-30,-210860.0,3831222.0,-201481.0,-0.028776,920046.0,0.24014426728599908,5053810.0,3329178.0,5025466.0,1724632.0,1724632.0,2820516.0,-30763574.0,30900747.0,31363386.0,0.45788558121264833,2.9139352627111177,0.10407989220014208,0.15799695900910074,-0.052415812230746636,0.45788558121264833,-0.06333695584916156,8.06550677564495,-36.63656810205824,9.281794785379455,0.0,1.032143054675102,0.0,0.7580858797620014,1.1848510290891043,-0.04172297731810258,-30.41995953947854,0.24014426728599908,-0.5,0.7836829599465313,-0.648908674518258,0.0,-0.06968518507283394,-0.8453271723244681,-0.7943554851005468,0.7836829599465313,-0.648908674518258,0.0,Communication Equipment,Technology,MINM
2012Q1,2012,Q1,2012-05-15,2012-03-31,-114267.0,3977500.0,-112286.0,-0.019184,988962.0,0.24863909490886235,5084762.0,3538134.0,5067659.0,1546628.0,1546628.0,2972976.0,-30552714.0,45440350.0,44887920.0,0.48664540435978154,3.2765855784325644,0.0,0.0,-0.03208410722007301,0.48664540435978154,-0.032295837297287217,11.424349465744815,-99.41704516614597,12.843026861051618,0.0,1.0052344855794328,0.0,0.7822391687162545,1.2127079039044941,-0.022472438238013894,-497.58927300401876,0.24863909490886235,-21.281724541023255,0.9665195339399594,-0.530928443155732,0.0,0.001884303749764462,-22.258976744186047,-39.520068610634645,0.9665195339399594,-0.530928443155732,0.0,Communication Equipment,Technology,MINM
2011Q4,2011,Q4,2012-03-30,2011-12-31,5375.0,3651369.0,2915.0,0.0009458761734583803,987102.0,0.27033750902743603,5053990.0,3621654.0,5033822.0,1432336.0,1432336.0,2722783.0,-30438446.0,35516012.5,34871647.5,0.637327670160044,3.5144142156588956,0.0,0.0,0.000721399807081274,0.637327670160044,0.0014841285224927617,9.726766180027273,1651.9075581395348,9.806572494225014,0.0,0.9785087537273444,0.0,0.7224725414969163,1.4840728711698932,0.0010635161525843937,-52.39308147802843,0.27033750902743603,1.0197226000012172,1.0013842860987472,-0.5472867841501909,-0.7344826088374833,0.30003977420892786,1.0203015584042787,1.0110599323124554,1.0013842860987472,-0.5472867841501909,-0.7344826088374833,Communication Equipment,Technology,MINM
2011Q3,2011,Q3,2011-11-14,2011-09-30,-264758.0,3046790.0,-263564.0,-0.047959,759286.0,0.24920851125282675,4770653.0,3268603.0,4746156.0,1502050.0,1502050.0,2465534.0,-30443821.0,34095372.0,33297522.0,0.575198827571085,3.159785626310709,0.0,0.0,-0.08080047118556319,0.575198827571085,-0.08100035397385366,11.19058812717647,-32.194845859237496,10.431175642927576,0.0,0.9277925187809213,0.0,0.6386526121266837,1.383914649978363,-0.05549722438416711,-261.1151513294939,0.24920851125282675,0.16666956264878102,0.9031037214697166,-0.7150057191594208,0.0,0.014484698274422302,0.1880307542268661,0.3372660249640425,0.9031037214697166,-0.7150057191594208,0.0,Communication Equipment,Technology,MINM
2011Q2,2011,Q2,2011-08-10,2011-06-30,-326069.0,3165890.0,-397692.0,-0.057551,748445.0,0.23640903505807215,5863894.0,3570814.0,5833806.0,2293080.0,2293080.0,2953029.0,-30179063.0,49722417.5,48798026.5,0.6283810013863466,2.544091789209273,0.0,0.0,-0.11162694242742874,0.6283810013863466,-0.09131503349096312,15.705668074380348,-38.12261936890658,13.924673057739774,0.0,0.8186323263334021,0.0,0.5398955028859662,1.1619284979154674,-0.055606223441283215,887.4565842078961,0.23640903505807215,-0.20000417022873695,0.5720018355533896,-0.6287944439600003,0.0,-0.07391184378708182,-0.14570171678343793,-0.40429949575558977,0.5720018355533896,-0.6287944439600003,0.0,Communication Equipment,Technology,MINM
2011Q1,2011,Q1,2011-05-16,2011-03-31,-284602.0,2808262.0,-283196.0,-0.047959,808179.0,0.2877861823433853,5144069.0,3924817.0,5107504.0,1219252.0,1219252.0,2319619.0,-29852994.0,73873306.0,73015813.0,0.6906773740436092,4.189047055079672,0.0,0.0,-0.07219681424462611,0.6906773740436092,-0.07251344457588724,26.305702957914896,-64.8917663965819,18.82210202411985,0.0,0.8622463430416806,0.0,0.5459223039193293,2.084012985010482,-0.05532624076387778,-469.5615799242328,0.2877861823433853,-1.2205090503961655,0.8933094178519384,-0.5762750842021328,0.0,-0.3392393451415415,-1.6336020446100792,-2.8504704652378465,0.8933094178519384,-0.5762750842021328,0.0,Communication Equipment,Technology,MINM
2010Q4,2010,Q4,2011-03-29,2010-12-31,449181.0,3085941.0,153040.0,0.2174922068451934,1223104.0,0.39634717578851963,5513914.0,4256541.0,5470844.0,1257373.0,1257373.0,2713616.0,-29568392.0,18071147.5,17061151.5,2.061005464650211,4.351011195564085,0.0,0.0,0.0358429202713008,2.061005464650211,0.10552723443753978,5.855960143113559,10.0578316424782,4.245500630676411,0.0,0.6864777477727136,0.0,0.5596643328133155,2.055282720401981,0.08146318567899317,-73.35439043003159,0.39634717578851963,0.61961937093363,1.318298998293641,0.052741085217369886,-0.1413635092789944,-0.121900439299619,0.6091026329930145,-0.456526371113226,1.318298998293641,0.052741085217369886,-0.1413635092789944,Communication Equipment,Technology,MINM
2010Q3,2010,Q3,2010-11-12,2010-09-30,279150.0,4218118.0,281596.0,0.134286,1392899.0,0.3302181209724337,4892223.0,2974645.0,4693138.0,1917578.0,1917578.0,2310014.0,-30017572.0,15489555.0,15051277.0,1.440314941262031,2.447430039351724,0.0,0.0,0.0946654138561072,1.440314941262031,0.0938431308609935,3.67214833724424,13.872071466953251,5.2071944719453915,0.0,1.2230311158287352,0.0,0.8622088567916876,1.1234520838265771,0.05705995004724846,242.0318603706366,0.3302181209724337,2.749996742034274,1.2811008398284092,0.08562254387344335,0.0,0.5469178785809081,2.722435782731833,2.764463353655862,1.2811008398284092,0.08562254387344335,0.0,Communication Equipment,Technology,MINM
2010Q2,2010,Q2,2010-08-13,2010-06-30,-162067.0,3500481.0,-159593.0,-0.076735,900435.0,0.2572317918594616,4419570.0,2654056.0,4212865.0,1765514.0,1765514.0,1836807.0,-30296722.0,15489555.0,15121344.0,1.2850866277307516,2.386197447315626,0.0,0.0,-0.06017926738250279,1.2850866277307516,-0.06106389616496412,4.424979024311231,-23.89375227529355,5.836182431719601,0.0,1.4155248755040677,0.0,0.792041080919637,1.2383328594392342,-0.03667030955500196,-18.459372720815715,0.2572317918594616,0.4666662033111386,0.41467982595385017,0.1293092274238041,0.0,0.17972250609228835,0.45629331919833066,0.5597883802205016,0.41467982595385017,0.1293092274238041,0.0,Communication Equipment,Technology,MINM
2010Q1,2010,Q1,2010-05-14,2010-03-31,-298078.0,2493592.0,-362537.0,-0.143878,763260.0,0.30608856621291697,4284561.0,2790727.0,4073327.0,1493834.0,1493834.0,1714734.0,-30134655.0,28397517.5,27195435.5,1.3512623506614618,2.7267601353296285,0.0,0.0,-0.13002157471016507,1.3512623506614618,-0.10681016093655883,11.388197227132586,-23.817186692744855,10.17567017483258,0.0,1.0090964546104526,0.0,0.5819947481200525,1.4471808781966404,-0.06957025468887011,-1112.5374142997061,0.30608856621291697,0.20911253620573095,0.6925428721405223,0.035233410740132406,0.0,-0.11301231365658425,0.2066358985824324,0.036069906382028324,0.6925428721405223,0.035233410740132406,0.0,Communication Equipment,Technology,MINM
2009Q4,2009,Q4,2010-03-31,2009-12-31,-375714.0,2793254.0,-376103.0,-0.181919687169838,860508.0,0.30806650594611157,4456989.0,3066596.0,4233058.0,1390393.0,1390393.0,1586079.0,-29836577.0,26332243.5,25108736.5,1.484837362984282,3.044504683208273,0.0,0.0,-0.12290550040179589,1.484837362984282,-0.12251825802942416,9.4270852203201,-17.52146812469059,8.58679901102069,0.0,1.2185685580604748,0.0,0.6267132362229298,1.7427360465710056,-0.08429771758467432,-106.64756448732123,0.30806650594611157,0.5689525729257632,0.7337612458120512,-0.04710645885719805,-0.3814011828150903,0.2960589931048194,0.5690616859990985,0.5668433369726956,0.7337612458120512,-0.04710645885719805,-0.3814011828150903,Communication Equipment,Technology,MINM
2009Q3,2009,Q3,2009-11-13,2009-09-30,-871851.0,2532952.0,-868284.0,-0.422041,663942.0,0.26212182465360573,4806548.0,3307457.0,4568077.0,1499091.0,1499091.0,1728602.0,-29460863.0,82610960.0,81146239.0,1.601461597831571,3.0472312888276964,0.0,0.0,-0.26373708331330503,1.601461597831571,-0.26360161296125695,32.614498814032004,-23.688382533253964,24.97718337683604,0.0,1.0812263320301607,0.0,0.5269794455397095,1.7833807287216052,-0.18138818128935777,-783.8893211622037,0.26212182465360573,-2.142851823719524,0.12205606911969072,-0.3480908325112465,0.0,-0.3252354514050862,-2.18348322360854,-2.2777308005919124,0.12205606911969072,-0.3480908325112465,0.0,Communication Equipment,Technology,MINM
2009Q2,2009,Q2,2009-06-30,2009-06-30,-273867.0,3065868.0,-264904.0,-0.134286,983961.0,0.3209404318776934,,,,,,,,81710200.0,,,0.0,0.0,0.0,0.0,,0.0,26.65157143099442,-74.58930794874885,0.0,0.0,0.0,0.0,0.0,0.0,0.0,-297.2771790935087,0.3209404318776934,0.7142851063829787,0.0,0.0,0.0,1.1552333285875434,0.7102611032352256,0.7328807803111201,0.0,0.0,0.0,Communication Equipment,Technology,MINM
2009Q1,2009,Q1,2009-03-31,2009-03-31,-945220.0,2348414.0,-991707.0,-0.47,456545.0,0.1944056712317334,,,,,,,,80542520.0,,,0.0,0.0,0.0,0.0,,0.0,34.296559294911376,-21.30258564143797,0.0,0.0,0.0,0.0,0.0,0.0,0.0,-360.66775630835366,0.1944056712317334,0.3121568291203465,0.0,0.0,0.0,-0.23945165954781403,0.3301974500989235,-0.1152223344271439,0.0,0.0,0.0,Communication Equipment,Technology,MINM
2008Q4,2008,Q4,2008-12-31,2008-12-31,-1411192.0,2931339.0,-889246.0,-0.6832952915690605,600284.0,0.20478150087724414,6567803.0,4957326.0,5505312.0,1610477.0,1610477.0,2902979.0,-27260044.0,82610960.0,81405976.0,2.4003236374447168,3.4184356560199247,0.0,0.0,-0.181037512973477,2.4003236374447168,-0.2846679843125104,28.18198782194758,-14.63496108254582,16.664419487441414,0.0,0.8029872072791433,0.0,0.4463195683548974,1.4703128327818404,-0.21486515353764418,-93.55142494117007,0.20478150087724414,-0.4247428888911002,0.0,0.0,0.0,-0.1984938813931597,-0.4210541155620003,0.05746095745650575,0.0,0.0,0.0,Communication Equipment,Technology,MINM
2008Q3,2008,Q3,2008-09-30,2008-09-30,-993060.0,3885437.0,-943458.0,-0.479592,748945.0,0.1927569537223226,,,,,,,,82610960.0,,,0.0,0.0,0.0,0.0,,0.0,21.261690769918545,-20.797071677441444,0.0,,0.0,,0.0,0.0,0.0,0.0,0.1927569537223226,0.0,0.0,0.0,0.0,0.0,0.0,0.0,0.0,0.0,0.0,Communication Equipment,Technology,MINM
