Quarters,Year,Quarter,FillingDate,Date,NetIncome,Revenue,OperatingIncome,EPSDiluted,GrossProfit,GrossProfitRatio,TotalAssets,CommonStockEquity,CurrentAssets,CurrentLiability,TotalLiability,Inventory,RetainedEarnings,MarketCap,EnterpriseValue,bookValuePerShare,currentRatio,debtToAssets,debtToEquity,roic,shareholdersEquityPerShare,roe,priceToSalesRatio,peRatio,pbRatio,payoutRatio,inventoryTurnover,dividendYield,assetTurnover,quickRatio,returnOnAssets,priceToFreeCashFlowsRatio,grossProfitMargin,epsdilutedGrowth,fiveYNetIncomeGrowthPerShare,fiveYRevenueGrowthPerShare,fiveYShareholdersEquityGrowthPerShare,grossProfitGrowth,netIncomeGrowth,operatingIncomeGrowth,threeYNetIncomeGrowthPerShare,threeYRevenueGrowthPerShare,threeYShareholdersEquityGrowthPerShare,Industry,Sector,Symbol
2023Q3,2023,Q3,2023-07-07,2023-05-31,4008000.0,16234000.0,5961000.0,0.2,13273000.0,0.8176050265,179134000.0,169390000.0,137309000.0,9022000.0,9744000.0,0.0,25858000.0,882562680.0,828373680.0,8.48137392349289,15.219352693416093,0.005258633201960543,0.005561131117539406,0.028237643127788377,8.48137392349289,0.02366137316252435,54.36507823087347,55.050067365269456,5.210240746206978,0.0,0.0,0.0,0.09062489532975315,14.69507869651962,0.022374311967577346,1046.930818505338,0.8176050264876186,0.0,0.44627663162415715,0.6478951466122077,3.727485004311946,0.01089108910891089,-0.039770004791566844,0.9235237173281704,0.21242176506422678,0.17221718969420413,2.228809121989761,Health Information Services,Healthcare,SLP
2023Q2,2023,Q2,2023-04-07,2023-02-28,4174000.0,15750000.0,3099000.0,0.2,13130000.0,0.8336507937,173201000.0,164593000.0,131474000.0,6002000.0,8608000.0,397000.0,27050000.0,765060480.0,726947480.0,8.18382060461416,21.905031656114627,0.006807120051269912,0.007163123583627493,0.015287919598431059,8.18382060461416,0.025359523187498862,48.57526857142857,45.82298035457595,4.648195731288694,0.2862961188308577,6.599496221662468,0.0015619680159142451,0.09093480984520874,21.11662779073642,0.0240991680186604,169.44861129568108,0.8336507936507936,2.3333333333333335,0.03343806856954528,0.8418608858845612,3.8107535801516015,0.4128914236522113,2.352610441767068,69.86666666666666,0.7025579382522912,0.3345966537769285,2.5326001015059774,Health Information Services,Healthcare,SLP
2023Q1,2023,Q1,2023-01-06,2022-11-30,1245000.0,11964000.0,-45000.0,0.06,9293000.0,0.7767469074,190461000.0,180122000.0,148734000.0,8039000.0,10339000.0,992000.0,40071000.0,823408740.0000001,775308740.0000001,8.879128462979395,18.50155491976614,0.006783540987393744,0.007172916134619869,-0.0001895180321511075,8.879128462979395,0.006911981878948713,68.8238665997994,165.34312048192774,4.571394610319673,0.9783132530120482,2.692540322580645,0.0014792167496303233,0.06281600957676374,17.816892648339344,0.006536771307511774,224.66814188267398,0.7767469073888331,0.3043478260869565,-0.38191038577811326,0.4418919355320856,4.751868112845082,0.026057193331125095,0.29552549427679503,0.7222222222222222,-0.4749464723773076,0.10467784433290428,2.989990990763095,Health Information Services,Healthcare,SLP
2022Q4,2022,Q4,2022-10-28,2022-08-31,961000.0,11734000.0,-162000.0,0.046,9057000.0,0.7718595534,188382000.0,178248000.0,146790000.0,7735000.0,10134000.0,1391000.0,40044000.0,1212769800.0,1162606800.0,8.825906120023767,18.97737556561086,0.007452941363824569,0.007876666217853778,-0.0009639635810717632,8.825906120023767,0.005391364839998205,103.35519004602011,315.4968262226847,6.803833984112024,1.263267429760666,1.9245147375988498,0.0010010143722246382,0.06228832903355947,18.360956690368454,0.0051013366457517174,174.1734597156398,0.771859553434464,-0.7700000000000001,-0.28506634014687526,0.6024951688818903,4.910914261545055,-0.2695967741935484,-0.7648642035723024,-1.0327537403962799,-0.5944710017748391,0.27044351661413424,3.110532019194019,Health Information Services,Healthcare,SLP
2022Q3,2022,Q3,2022-07-08,2022-05-31,4087000.0,14959000.0,4946000.0,0.2,12400000.0,0.8289324153,186223000.0,177559000.0,144854000.0,5915000.0,8664000.0,322000.0,40297000.0,959665759.9999999,918840759.9999999,8.784830793587968,24.489264581572275,0.00820521632666212,0.008605590254506953,0.02315252107590703,8.784830793587968,0.023017701158488165,64.15306905541813,58.70233423048691,5.404771146492151,0.29655003670173724,7.947204968944099,0.001262939713510254,0.08032842344930541,23.84784446322908,0.021946805711431993,319.3563261231281,0.8289324152684003,-0.04761904761904753,0.6761421730050307,0.8909052047659998,5.004525858785655,0.03626943005181347,-0.07303243365842595,-0.11804564907275321,0.22637238710263624,0.3048836641820164,3.279005746580903,Health Information Services,Healthcare,SLP
2022Q2,2022,Q2,2022-04-08,2022-02-28,4409000.0,14796000.0,5608000.0,0.21,11966000.0,0.8087320898,185044000.0,172576000.0,143626000.0,9004000.0,12468000.0,449000.0,37422000.0,794772030.0,736049030.0,8.553105020567973,15.951354953354064,0.008916798166922462,0.009561005006489895,0.02540860687312776,8.553105020567973,0.025548164287038756,53.715330494728306,45.06532263551826,4.605345065362507,0.2746654570197324,6.302895322939866,0.0015237073705273699,0.07995936101683924,15.504664593513994,0.02382676552603705,446.7521247892074,0.8087320897539876,0.4,2.1492040388454337,1.214871244458595,5.1763340872628225,0.2385881378739261,0.4570389953734303,0.4792930625164864,0.8190104603994357,0.5127708804339344,3.428606257248356,Health Information Services,Healthcare,SLP
2022Q1,2022,Q1,2022-01-07,2021-11-30,3026000.0,12417000.0,3791000.0,0.15,9661000.0,0.7780462269,180994000.0,168456000.0,139906000.0,9615000.0,12538000.0,0.0,34224000.0,946445500.0,905913500.0,8.360099255583126,14.55080603224129,0.006342751693426301,0.006814835921546279,0.017422877521625597,8.360099255583126,0.017963147646863277,76.2217524361762,78.19278750826173,5.618354347722848,0.3995373430270985,0.0,0.0012774111134766872,0.06860448412654563,14.315756630265211,0.016718786258108003,433.5526797984425,0.7780462269469276,13.999999999999998,0.899961399221497,0.9592831515082362,5.166334167045335,0.3691893424036281,8.921311475409835,20.78735632183908,0.7033802766027708,0.42462414945980603,3.5060369658590558,Health Information Services,Healthcare,SLP
2021Q4,2021,Q4,2021-10-27,2021-08-31,305000.0,9841000.0,174000.0,0.01,7056000.0,0.7170003048,179978000.0,165782000.0,139313000.0,11574000.0,14196000.0,0.0,32407000.0,892069100.0,856363100.0,8.232705964145602,12.036720235009504,0.007100867883852471,0.007708918941742771,0.0018014776393752024,8.232705964145602,0.001839765475142054,90.64821664464993,731.2041803278688,5.380976824987031,3.960655737704918,0.0,0.001354155188202349,0.05467890519952438,11.80274753758424,0.0016946515685250419,128.61434544405998,0.7170003048470683,-0.9444444444444444,-0.6736402639605573,1.0992970458890456,5.156705145371226,-0.31535028138948185,-0.9194613150250858,-0.9616908850726552,-0.8027812870368779,0.27304815191919224,3.493016147919492,Health Information Services,Healthcare,SLP
2021Q3,2021,Q3,2021-07-14,2021-05-31,3787000.0,12777000.0,4542000.0,0.18,10306000.0,0.8066056195,179083000.0,165398000.0,138698000.0,7340000.0,13685000.0,0.0,33310000.0,1054909350.0,997504350.0,8.226709773688137,18.89618528610354,0.0078511081453851,0.008500707384611663,0.0227691893705569,8.226709773688137,0.02289628653308988,82.56314862643814,69.64017362027991,6.378005477696224,0.3187219434908899,0.0,0.0011441741415980436,0.0713468056711134,18.610899182561308,0.02114661916541492,338.7634393063584,0.8066056194724897,0.2,0.6799176590996334,0.799996725058609,5.514089435645966,0.006838608831574834,0.1793833696667705,0.3029259896729776,0.3574893819709841,0.28839908513203344,3.5855361926927536,Health Information Services,Healthcare,SLP
2021Q2,2021,Q2,2021-04-14,2021-02-28,3211000.0,13147000.0,3486000.0,0.15,10236000.0,0.7785806648,175769000.0,161497000.0,135553000.0,6541000.0,14272000.0,0.0,30730000.0,1461038180.0,1420186180.0,8.072428271518545,20.723589665188808,0.008721674470469764,0.009492436392007282,0.019871405841587735,8.072428271518545,0.01988272227967083,111.13091808017037,113.75258330738087,9.046844089983095,0.37402678293366554,0.0,0.0008220182172104496,0.07479703474446575,20.317229781378995,0.018268295319424928,8254.452994350282,0.7785806647904465,0.25,1.3830623814360041,1.1641951522828529,5.758644768537059,0.23802612481857766,0.2952803549818475,0.14257620452310718,-0.20077821690613076,0.5456029070071349,3.7452730312574785,Health Information Services,Healthcare,SLP
2021Q1,2021,Q1,2021-01-11,2020-11-30,2479000.0,10701000.0,3051000.0,0.12,8268000.0,0.7726380712,170470000.0,158031000.0,131232000.0,5477000.0,12439000.0,0.0,28720000.0,1115482100.0,1088602100.0,7.929302558956347,23.960562351652364,0.004522789933712677,0.004878789604571255,0.015820402022999013,7.929302558956347,0.01568679562870576,104.2409214092141,112.49315248083904,7.058628370383026,0.48204921339249696,0.0,0.0010712856799763976,0.06277350853522613,23.5409895928428,0.014542148178565143,253.5186590909091,0.7726380712082983,0.09090909090909087,0.9072610869749279,0.8826833854775199,5.7485550534096514,0.2042729842738087,0.13292826996506157,0.3842547936230816,0.25270192263552066,0.3127130267067544,4.136574241055415,Health Information Services,Healthcare,SLP
2020Q4,2020,Q4,2020-11-16,2020-08-31,2188135.0,9540081.0,2204074.0,0.11,6865553.0,0.7196535333,168421517.0,156035945.0,129091357.0,5504569.0,12385572.0,0.0,27436125.0,1089673872.48,1041393335.48,8.531563285023733,23.451673873104326,0.0055027232654601965,0.005939509643114604,0.014989089916175233,8.531563285023733,0.014023275213925868,114.22061012689515,124.49801685910604,6.983479816012905,0.48863667004092526,0.0,0.0009812137622117981,0.05664407475916512,22.98567281107749,0.012992015741076599,268.2443182831952,0.7196535333400209,-0.3125,3.130684370116035,1.384267992776604,6.410698599310258,-0.2872608740021288,-0.25461298984966796,-0.42851949774669484,0.7975699234095722,0.43870591865548964,4.713786030457478,Health Information Services,Healthcare,SLP
2020Q3,2020,Q3,2020-07-09,2020-05-31,2935569.0,12298036.0,3856779.0,0.16,9632631.0,0.7832657995,61579127.0,46586888.0,22183587.0,7785045.0,14992239.0,0.0,26317194.0,922238408.0,915898829.0,2.626780835612303,2.849513008595326,0.016481510041543784,0.021785464613991817,0.061614184864638905,2.626780835612303,0.06301277303605254,74.99070648353933,78.54000433987414,19.796093870876284,0.3631827424257444,0.0,0.0011560438068417553,0.1997111131504024,2.703390924522594,0.04767149427110261,562.4766531898271,0.7832657995146542,0.3333333333333334,0.5066933896635236,0.9677487243625421,1.2351073009720703,0.2536815698625947,0.36533012725107905,0.3648232652534021,0.3720436766999736,0.7716273784847166,0.7954328117860889,Health Information Services,Healthcare,SLP
2020Q2,2020,Q2,2020-04-09,2020-02-29,2150080.0,10349863.0,2825845.0,0.12,7683475.0,0.7423745609,49199903.0,40862126.0,24675918.0,5481036.0,8337777.0,0.0,24447773.0,574306499.36,562693447.36,2.316656391739707,4.5020536263582285,0.012918724656835197,0.015554746221476581,0.05084599431488608,2.316656391739707,0.0526179181181126,55.48928515865379,66.77734076871559,14.054738594854317,0.49241888673909806,0.0,0.0018435103924121466,0.21036348384670595,4.306883041819101,0.04370089916640689,1084.0983083878398,0.7423745608999849,0.09090909090909087,1.116863889639659,1.161397591643548,1.0892871814943719,0.13691229684849282,0.04460186845599499,0.03949373216375904,0.7567605866616057,0.772295040940039,0.6728946746671758,Health Information Services,Healthcare,SLP
2020Q1,2020,Q1,2020-01-09,2019-11-30,2058277.0,9401103.0,2718482.0,0.11,6758195.0,0.7188725621,47763068.0,39186177.0,23093003.0,5633108.0,8576891.0,0.0,23356433.0,588492479.22,576650160.22,2.225350504182778,4.099513625515435,0.016082028064026373,0.019601988731893904,0.05026697508937864,2.225350504182778,0.052525588296097374,62.5982375919081,71.47877559968848,15.017858956233471,0.5132346132226129,0.0,0.0017950594736574142,0.1968278712749357,3.98444269131712,0.04309348386079387,280.8003935645549,0.7188725620812791,0.0,2.7195024209072534,1.1989629793281356,1.0283247270689473,0.1783957366949133,-0.00046133816232984514,0.39424491278026125,0.47883681649615667,0.6974614209584572,0.6413985561749989,Health Information Services,Healthcare,SLP
2019Q4,2019,Q4,2019-11-13,2019-08-31,2059227.0,8025895.0,1949788.0,0.11,5735081.0,0.7145721443,45196697.0,37681604.0,21165142.0,4783477.0,7515093.0,0.0,22354535.0,633717355.96,622281856.96,2.1471444763868606,4.42463546913678,0.0,0.0,0.053630467413969665,2.1471444763868606,0.05464807177528855,78.95908879445844,76.93631590397756,16.81768525458736,0.5109640656421075,0.0,0.0016603474563294332,0.1775770251529664,4.117447622304863,0.04556144888198357,173.29255476600267,0.7145721442904498,-0.3125,7.523828893759194,2.7069973708543142,1.2526734972947091,-0.2466462438653766,-0.28714552467436977,-0.49774048803809756,1.5282942370584671,0.9645124862500214,0.6057096540551969,Health Information Services,Healthcare,SLP
2019Q3,2019,Q3,2019-07-10,2019-05-31,2888706.0,9936921.0,3882033.0,0.16,7612733.0,0.7661058189,45501674.0,35968381.0,21258008.0,5074304.0,9533293.0,0.0,21147834.0,439222614.43,428914489.43,2.0530074774046283,4.1893445879474305,0.0,0.0,0.08092930167376468,2.0530074774046283,0.0803123721359602,44.201077419252904,38.01205578120445,12.211353478211878,0.36379749271819284,0.0,0.0023926454728744055,0.21838583345307253,4.084153412960674,0.06348570824009683,322.64867882462613,0.7661058188950078,0.3333333333333334,1.0420600221540948,1.4554863914209202,1.0824112605670377,0.21533651059270048,0.3759353049300078,0.42190469143978165,0.4705159938777148,0.6064543022108805,0.625616399236139,Health Information Services,Healthcare,SLP
2019Q2,2019,Q2,2019-04-09,2019-02-28,2099449.0,8471720.0,2730164.0,0.12,6263889.0,0.7393881054,43361098.0,33753107.0,18904538.0,5132784.0,9607991.0,0.0,19310032.0,358445127.53000003,348551174.53000003,1.9313311059363196,3.6830963469337497,0.0,0.0,0.06299695301973579,1.9313311059363196,0.06220017019470237,42.310785475676724,42.68323826037213,10.619618737024714,0.49960108580870505,0.0,0.002926213580381877,0.19537604882606985,3.582076705351326,0.048417800674696934,145.1987268881965,0.7393881053670329,0.3333333333333333,1.3892395196007827,1.533827256027468,1.155585613154726,0.1739952079755121,0.3668759403807553,0.30833618865745455,0.783625522679249,0.596410567563619,0.6170079728678594,Health Information Services,Healthcare,SLP
2019Q1,2019,Q1,2019-01-09,2018-11-30,1535947.0,7535903.0,2086745.0,0.09,5335532.0,0.7080149519,41948226.0,32322925.0,17401037.0,5080360.0,9625301.0,0.0,18259470.0,345300829.16,335948591.16,1.855310846077205,3.4251582565015077,0.0,0.0,0.04904964418678828,1.855310846077205,0.04751881211245579,45.82076350505043,56.20324613414395,10.682845972633974,0.6804095453814487,0.0,0.003026558037935526,0.17964771621093106,3.3263339605854703,0.0366153028735947,157.2549934648024,0.7080149518909679,0.17187500000000006,1.0651924848235417,1.6286940121216764,1.0750084804943891,0.1680765743981831,0.14795617884817755,0.09875410174432074,0.3518334205369577,0.5167065185662578,0.5790376635077,Health Information Services,Healthcare,SLP
2018Q4,2018,Q4,2018-11-14,2018-08-31,1337984.0,6687959.0,1899192.0,0.0768,4567793.0,0.6829875901,43279016.0,31922625.0,17823857.0,4826956.0,11356391.0,0.0,18461540.0,363245322.3,353844621.3,1.8323339362930593,3.6925667024932483,0.0,0.0,0.04324525075465102,1.8323339362930593,0.04191334515880195,54.313329716883736,67.87176122808644,11.378930219554315,0.780537734382474,0.0,0.002875045970000093,0.15453121669864214,3.501342253793074,0.03091530546812802,125.41126354381407,0.6829875900854058,-0.4092307692307693,4.035008702961088,2.929911112703664,1.0648367391621865,-0.3005014015107894,-0.443905476100326,-0.4442861774382515,1.6515565045777079,0.7546830322421473,0.5916045021891733,Health Information Services,Healthcare,SLP
2018Q3,2018,Q3,2018-07-10,2018-05-31,2406037.0,8553068.0,3417572.0,0.13,6530096.0,0.7634799583,42880139.0,31108822.0,17326848.0,5208804.0,11771317.0,0.0,18167903.0,332926790.4,325703675.4,1.7940562298467404,3.3264542109858617,0.0,0.0,0.0778189936514658,1.7940562298467404,0.07734259432902989,38.92483847901127,34.592858547063074,10.702005701148053,0.43276142469962015,0.0,0.003127534431065119,0.19946455863867418,3.252799107050294,0.056110755611123365,276.6751380563494,0.7634799583026816,-0.3157894736842105,1.2386621201880905,1.5540439212205999,0.9879721503038755,0.2459083578234358,-0.3075728094988268,0.4138662293530235,0.2630694702264731,0.39974250451471444,0.5265484365200821,Health Information Services,Healthcare,SLP
2018Q2,2018,Q2,2018-04-09,2018-02-28,3474787.0,7356715.0,2417182.0,0.19,5241233.0,0.7124420343,41065699.0,29434621.0,15334759.0,5522141.0,11631078.0,0.0,16803105.0,269057964.65000004,262137172.65000004,1.7011514866151725,2.7769589729780533,0.0,0.0,0.11966456188799995,1.7011514866151725,0.11805101890049816,36.573112408187626,19.35787464454656,9.14086730214736,0.2990298398146419,0.0,0.0038618630054369583,0.1791450085873371,2.6732013905476153,0.08461531362220329,348.60873491361167,0.7124420342503414,0.8999999999999999,2.027619977908305,1.1823018670071699,0.9557702249150467,-0.017239452528644294,1.0249270690195722,-0.05720358071847613,2.487469185738716,0.5661302193860603,0.5341912626482044,Health Information Services,Healthcare,SLP
2018Q1,2018,Q1,2018-01-09,2017-11-30,1716006.0,7068782.0,2563843.0,0.1,5333174.0,0.7544685916,39750135.0,26678336.0,13986530.0,5653963.0,13071799.0,0.0,14367386.0,268737152.6,261691396.60000002,1.5436947247017903,2.473756902901558,0.0,0.0,0.06551902302578384,1.5436947247017903,0.0643220776588165,38.017462216263006,39.151546177577465,10.073235174787513,0.6043615232114573,0.0,0.0038591165753089846,0.17783038975842472,2.412081932619651,0.0431698156496827,128.77232424672377,0.7544685916187541,0.5015015015015014,1.6943232470800156,1.8447880752689625,0.6423234939955014,0.2423625036340189,0.49186389310780415,0.7728908118663723,2.159635467353795,0.684693300455741,0.40702068068525726,Health Information Services,Healthcare,SLP
2017Q4,2017,Q4,2017-11-14,2017-08-31,1150243.0,6265869.0,1446137.0,0.0666,4292768.0,0.6851033751,38512468.0,25804887.0,12667870.0,2042433.0,12707581.0,0.0,13688468.0,250590914.0,244375196.0,1.4931541432503814,6.202342989953649,0.0,0.0,0.045945154230480435,1.4931541432503814,0.04457461875341675,39.993002407168106,54.46477700798875,9.710986682483826,0.7506639901307811,0.0,0.0034456396930656473,0.16269715563282,5.750751677043996,0.02986676937972399,156.58712302282842,0.6851033751264191,-0.44499999999999995,2.0379547585841555,2.5214027489420374,0.5705828071649292,-0.19061706104770318,-0.4470062677010753,-0.5327632464902406,3.8349378221176225,1.9388736186914612,0.5665404926714811,Health Information Services,Healthcare,SLP
2017Q3,2017,Q3,2017-07-10,2017-05-31,2080029.0,6748518.0,3095084.0,0.12,5303754.0,0.7859138851,29547914.0,25225488.0,14934888.0,1266961.0,4322426.0,0.0,13401671.0,210351070.2,202102873.2,1.4630348840507112,11.787961902536859,0.0,0.0,0.08273141543340427,1.4630348840507112,0.08245743352913529,31.16996505010433,25.28222806028185,8.338830558996518,0.4144322026279441,0.0,0.004098058541753024,0.2283923663782154,11.357050453802445,0.07039512163193652,78.3892882057795,0.7859138850929938,0.7142857142857141,1.2090803873557374,1.2481320827871456,0.49259068120639243,0.27750878087154995,0.7395037465712183,0.7243134410345377,0.4941011951785449,0.694492178513475,0.48398890441504583,Health Information Services,Healthcare,SLP
2017Q2,2017,Q2,2017-04-10,2017-02-28,1195760.0,5705590.0,1794966.0,0.07,4151638.0,0.7276439422,28760687.0,23864610.0,13989349.0,2140441.0,4896077.0,0.0,12183673.0,166298614.05,158871803.05,1.3848190366202273,6.535732122492514,0.0,0.0,0.050387043707907544,1.3848190366202273,0.05010599377069225,29.14661131451787,34.76839291538436,6.968419515340917,0.7206195223121696,0.0,0.00518157054358205,0.19838156160873346,6.222339228224464,0.04157619739751001,-270.222783805347,0.7276439421689956,-0.12499999999999993,0.29378641630504043,0.8560016915407027,0.4037210047960749,0.017071983470649206,-0.1217753100292678,-0.06904739183111214,0.3800476644082113,0.7306198265737739,0.5456158620270133,Health Information Services,Healthcare,SLP
2017Q1,2017,Q1,2017-01-09,2016-11-30,1361565.0,5417934.0,1928096.0,0.08,4081951.0,0.753414678,28503494.0,23354666.0,13611928.0,2243767.0,5148828.0,0.0,11849603.0,162787514.39999998,153942850.39999998,1.3557648724686222,6.066551473481872,0.0,0.0,0.05713247596845877,1.3557648724686222,0.058299484993705325,30.04604973039538,29.889780216148328,6.970235172705959,0.6325985171475471,0.0,0.005291093749877909,0.19007964427097956,5.926293148976699,0.04776835429368764,98.67494743095102,0.7534146779934935,0.7241379310344829,0.6301061820086964,1.178849907372842,0.39936134256748407,0.4085747412808453,0.7257390918596913,0.9275582112590587,0.8515155873577739,0.911362820798077,0.5163085010131603,Health Information Services,Healthcare,SLP
2016Q4,2016,Q4,2016-11-14,2016-09-30,788975.0,3957540.0,1000279.0,0.0464,2897930.0,0.732255391,28043030.0,22732594.0,12928942.0,2125517.0,5310436.0,0.0,11349360.0,149942010.96,141911726.96,1.3371934776404175,6.082728108032069,0.0,0.0,0.033808759509395755,1.3371934776404175,0.03470677389478737,37.88768046816962,47.51164832852752,6.595904143627428,1.0914148103552077,0.0,0.005742880160715699,0.14112383718877738,5.520507246001796,0.028134441962940526,65.7789844183898,0.7322553909752018,-0.5781818181818182,2.8956214620848115,0.7098889792543039,0.48355125557450973,-0.3984424722328204,-0.586781079734924,-0.6412512678230456,2.0426484228927513,1.3831625395897014,0.5068684617531322,Health Information Services,Healthcare,SLP
2016Q3,2016,Q3,2016-07-14,2016-05-31,1909339.0,6012193.0,2788244.0,0.11,4817378.0,0.8012680232,28797899.0,21505635.0,13588842.0,4027892.0,7292264.0,0.0,11421484.0,130098763.75999999,122819080.75999999,1.262910166487811,3.3736857889933494,0.0,0.0,0.08839370140656927,1.262910166487811,0.0887831956601142,21.63915292805803,17.03452919570595,6.049519754241156,0.44595276166254394,0.0,0.006544835441870613,0.20877193159125948,3.203202320221098,0.06630132982965181,72.43548323445044,0.8012680231655903,0.5714285714285713,0.6430679527830585,0.5859340540338333,0.4128466057973455,0.23522987908927856,0.6670368595074514,0.6250856767178473,0.8089934595989312,0.8281299102810908,0.3994155799274325,Health Information Services,Healthcare,SLP
2016Q2,2016,Q2,2016-04-13,2016-02-29,1145349.0,5163726.0,1715752.0,0.07,3899985.0,0.7552656744,27902581.0,20311303.0,12514457.0,3537202.0,7591278.0,0.0,10363620.0,162744060.93,155681067.93,1.1943856420886965,3.5379537272680497,0.0,0.0,0.05718443386994753,1.1943856420886965,0.05638973531141749,31.516788638669055,35.52281028097113,8.012487477046648,0.742917660905104,0.0,0.005228455005593057,0.18506266499145724,3.3155109603579325,0.04104813816327601,221.921701979982,0.7552656744374121,0.16666666666666682,0.14833386167082946,0.40270146911735577,0.4603282114564845,0.038535680361987,0.03513506429890291,-0.006819551348657305,0.015390892040514336,0.5585341765762091,0.37315453341019245,Health Information Services,Healthcare,SLP
2016Q1,2016,Q1,2016-01-14,2015-11-30,1106473.0,4838620.0,1727533.0,0.06,3755273.0,0.7761041371,27958081.0,19934527.0,12364381.0,3896728.0,8023554.0,0.0,10069171.0,151507174.76999998,144352661.76999998,1.1749630100372572,3.173016181781228,0.0,0.0,0.05584243981695216,1.1749630100372572,0.055505355105741915,31.312063102702833,34.23200899841207,7.600239261759258,0.7680259708099519,0.0,0.005608975293018725,0.173066956920255,3.0640804285030927,0.03957614258289043,-241.00324944484385,0.7761041371300081,1.0689655172413792,0.8032616316363715,0.591823517617509,0.4771036576563804,0.4253079086502879,1.2516610602702873,1.219666317608588,0.7696496483195346,0.9835466724950245,0.25003300528388583,Health Information Services,Healthcare,SLP
2015Q4,2015,Q4,2015-11-20,2015-08-31,491403.0,3711784.0,778285.0,0.029,2634710.0,0.7098230932,27344226.0,19532202.0,11532797.0,3613331.0,7812024.0,0.0,9812498.0,114521100.75,105969825.75,1.1512495307551434,3.1917355481687117,0.0,0.0,0.028820423182198074,1.1512495307551434,0.025158607309099097,30.85338498953603,58.26231257745679,5.863194572224883,1.7239414492789014,0.0,0.007397326732383858,0.13574288041650914,3.0277068444601394,0.01797099687517211,38.64231561141969,0.7098230931541275,-0.7363636363636363,0.3162161094500079,0.5560788509042319,0.3847046696116432,-0.4541361764194022,-0.7347240531585135,-0.7272797355091571,0.3220414859624007,1.1248714457524944,0.21094846632824932,Health Information Services,Healthcare,SLP
2015Q3,2015,Q3,2015-07-14,2015-05-31,1852422.0,5942082.0,2853785.0,0.11,4826680.0,0.8122876796,27912458.0,19816997.0,11823337.0,1716919.0,8095461.0,0.0,10168245.0,99149312.64,92720716.64,1.1752370163481145,6.886368547380512,0.0,0.0,0.09451105621446687,1.1752370163481145,0.09347642329460917,16.685954963260354,13.381037452589098,5.003246084156949,0.45548800435321973,0.0,0.008509953095323848,0.21288279233595264,6.607100276716607,0.06636542005723753,52.92338340494809,0.8122876796382144,0.8333333333333334,1.3783367606042127,0.8103545109736814,0.47220443976084236,0.3996336411068945,0.9092547872521343,0.9346632490012413,1.011659968502446,1.0240655216818058,0.1989788062696656,Health Information Services,Healthcare,SLP
2015Q2,2015,Q2,2015-04-14,2015-02-28,970233.0,4574191.0,1475081.0,0.06,3448531.0,0.7539105822,27062615.0,18682594.0,10731877.0,1468324.0,8380021.0,0.0,9159579.0,107159531.88000001,101056489.88000001,1.108826212240822,7.308929772992881,0.0,0.0,0.053020558322743945,1.108826212240822,0.05193245648864392,23.426991107279957,27.611803525544897,5.735795140653381,0.8684553091886176,0.0,0.00786308026189933,0.16902250577041428,6.763672731631439,0.0358514134720536,93.22305765309319,0.7539105822209873,1.0,0.4220312357603799,0.45657194909221877,0.5311012098874837,0.11658665910302164,0.8344217476139337,0.9684097590398424,0.07369821689846896,0.521877606698281,0.12396104012957909,Health Information Services,Healthcare,SLP
2015Q1,2015,Q1,2015-01-14,2014-11-30,528904.0,4086192.0,749377.0,0.03,3088458.0,0.75582792,27107597.0,18465169.0,10686408.0,1784408.0,8642428.0,0.0,9031951.0,106199312.89,100408135.89,1.0971371962706113,5.988769384580208,0.0,0.0,0.028766094435532,1.0971371962706113,0.02864333383572065,25.989800011844768,50.19782081909004,5.751331758187536,1.5920772011555973,0.0,0.007929015518887507,0.15073973543283825,5.3360212462620655,0.019511283128489775,-1155.847985306922,0.7558279199802652,1.1739130434782608,0.14417217892002931,0.5589706813441744,0.5879787288707315,1.009444550352609,1.3725860498916667,1.7320609573808743,-0.351886149286484,0.6819353916337143,0.13241714041348326,Health Information Services,Healthcare,SLP
2014Q4,2014,Q4,2014-11-28,2014-08-31,222923.0,1997821.0,274290.0,0.0138,1536971.0,0.7693236781,20980844.0,15435351.0,11533366.0,1391485.0,5545493.0,0.0,9345103.0,108823518.72,100208589.72,0.9531538764785128,8.288530598605087,0.0,0.0,0.01376737439908863,0.9531538764785128,0.014442366746308522,54.471105629583434,122.04160037322303,7.05027820358604,3.6644805605522985,0.0,0.007506621818596531,0.09522119319890086,7.532960110960593,0.010625073042819441,65.92671764382307,0.7693236781473415,-0.8275000000000001,0.3203061928817833,0.049359102351362566,0.41101572683425014,-0.562486354127437,-0.8295107869762434,-0.8677463994175422,0.15549917943115385,-0.09384930341284631,0.05747795951010418,Health Information Services,Healthcare,SLP
2014Q3,2014,Q3,2014-07-08,2014-05-31,1307549.0,3740567.0,2073970.0,0.08,3512967.0,0.9391536096,21899136.0,15965316.0,12385338.0,1621350.0,5933820.0,0.0,9939077.0,97811615.04,90053643.04,0.9858799346127226,7.638904616523267,0.0,0.0,0.08129737209014316,0.9858799346127226,0.08189934981556268,26.1488739648294,18.70132879150227,6.126506674844395,0.6181481535300015,0.0,0.008263425562183622,0.17080888488020715,6.847371017978845,0.05970778938493281,-86.0119760883444,0.9391536095998281,0.6,1.2771749982388367,0.3663311608162693,0.44700234111037473,0.3567282652059848,0.6145291061215217,0.8325514981811177,0.18319622213978048,0.03756656645573796,0.10292652343988994,Health Information Services,Healthcare,SLP
2014Q2,2014,Q2,2014-04-09,2014-02-28,809864.0,3081492.0,1131739.0,0.05,2589293.0,0.8402725044,16725538.0,14431615.0,13293655.0,944265.0,2293923.0,0.0,9439787.0,91811763.9,82110346.9,0.8959658545455742,14.078309584703447,0.0,0.0,0.05550988734985904,0.8959658545455742,0.05611735069151997,29.794581293736933,28.341722776910693,6.361849585094946,0.9970476524453489,0.0,0.008794875141267164,0.18423873719338654,13.62724870666603,0.048420804161875095,-1332.2077847265552,0.8402725043582784,0.25000000000000006,1.2223147306062678,0.2668471256344883,0.3944503675945276,0.1809343330688048,0.18201574826134231,0.17966526053995682,-0.14274078951483843,-0.11624304967548847,0.09546210854187033,Health Information Services,Healthcare,SLP
2014Q1,2014,Q1,2014-01-13,2013-11-30,685155.0,2641000.0,959373.0,0.04,2192580.0,0.8302082544,16404985.0,14350397.0,13136191.0,791125.0,2054588.0,0.0,9437396.0,80569529.14,70014822.14,0.8941220546892227,16.60444430399747,0.0,0.0,0.0461693176099861,0.8941220546892227,0.04774467215088196,30.507205278303672,29.398285475549326,5.61444600731255,0.9384095569615635,0.0,0.007980138482412882,0.1609876510097388,16.06597187549376,0.04176504885557652,83.2312649945249,0.8302082544490723,1.6666666666666667,1.2389305800889359,0.26108946493446156,0.4171432935847769,0.7417615895407558,1.798755754533163,3.155414448636263,0.18037875768579475,-0.08154806362232761,0.12404471127206823,Health Information Services,Healthcare,SLP
2013Q4,2013,Q4,2013-11-18,2013-08-30,244807.0,1567776.0,230873.0,0.015,1258829.0,0.802939323,16063181.0,14242493.0,12971830.0,626306.0,1820688.0,0.0,9395197.0,76717599.46000001,377747301.46000004,0.8873989413015453,20.711648938378364,0.0,0.0,0.016322165314846242,0.8873989413015453,0.017188493615548906,48.934031047802755,78.34498141393017,5.386528851374545,1.9645149035771037,0.0,0.006268796252556779,0.09760059355615802,19.62910462297982,0.015240256584296721,117.17351212322544,0.8029393229645051,-0.75,0.5128147353688471,-0.1302406092038479,0.46321832109960687,-0.523683955617509,-0.7535243599166356,-0.8493813081807453,-0.30684898630072843,-0.30521961484414817,0.06734936692888503,Health Information Services,Healthcare,SLP
2013Q3,2013,Q3,2013-07-10,2013-05-31,993230.0,3094779.0,1532831.0,0.06,2642844.0,0.8539685709,16402643.0,14461367.0,13441988.0,1030398.0,1941276.0,0.0,9631317.0,70347410.13,60341920.129999995,0.9024554139616625,13.045432929799942,0.0,0.0,0.0681076762133906,0.9024554139616625,0.06868161218783812,22.730996342549822,17.70672707479637,4.86450624826823,0.4841899660702959,0.0,0.006836243141165942,0.18867562989696235,12.70197050071914,0.06055304623773132,96.16318698037843,0.8539685709383449,0.0,0.3364598207810748,0.055892210130312696,0.5115097810098239,0.008972097201473805,-0.0643807550102442,0.010543644080646715,0.3418749194648969,-0.007836107987220205,0.1304944012476773,Health Information Services,Healthcare,SLP
2013Q2,2013,Q2,2013-04-11,2013-02-28,1061575.0,3118121.0,1516838.0,0.06,2619343.0,0.8400389209,15641700.0,13920809.0,12759129.0,843923.0,1720891.0,0.0,9118999.0,64337675.93999999,54582814.93999999,0.869811527419621,15.118830746406958,0.0,0.0,0.07356864470494562,0.869811527419621,0.07625813988253126,20.633476359640948,15.151467381014058,4.621690875867918,2.1128822739797,0.0,0.03486266743753318,0.1993466822659941,14.6699663357913,0.06786826240114566,123.80391541620321,0.8400389208757454,0.4999999999999999,0.8943528354671383,0.4418265535834438,0.5765393308982342,0.37626627238832633,0.8085184314447023,0.915613093230988,0.6380160495897184,0.045309716621290616,0.20106240933364566,Health Information Services,Healthcare,SLP
2013Q1,2013,Q1,2013-01-14,2012-11-30,586986.0,2290094.0,791829.0,0.04,1903224.0,0.8310680697,16529816.0,14971271.0,13784172.0,739140.0,1558545.0,0.0,10300407.0,72471517.3,61092139.3,0.939945589492991,18.64893254322591,0.0,0.0,0.03466403512618596,0.939945589492991,0.03920749280405117,31.645651794205826,30.865947952762074,4.840705728992549,1.3567444538711315,0.0,0.010989006849453668,0.13854322395361207,18.121688719322457,0.035510740107451894,-137.96031139885818,0.8310680696949557,0.8264840182648403,1.4104996633376286,0.15319695537124275,0.8521549143670806,0.4457266827098374,0.6821348433743226,1.806680065077998,0.3417718164266851,-0.07677219076533899,0.36046212587124227,Health Information Services,Healthcare,SLP
2012Q4,2012,Q4,2012-11-15,2012-08-31,348953.0,1639926.0,282123.0,0.0219,1316448.0,0.8027484167,17346869.0,15142576.0,14670296.0,1415436.0,2204293.0,0.0,10509811.0,71038014.76,58336939.760000005,0.9507006803071308,10.364506766819552,0.0,0.0,0.01915314471297899,0.9507006803071308,0.023044493882678877,43.31781724297316,50.893683934512666,4.691276752383478,2.2815422134212917,0.0,0.011207393712926445,0.0945372908505852,10.12107082199407,0.02011619503208331,112.73405945999131,0.8027484166968509,-0.562,7.087342051624984,-0.2674376229384646,0.9736032348919886,-0.43591259792112835,-0.5985968552902052,-0.7676990494634706,1.1012815713277269,-0.12423144914034535,0.40738410085627247,Health Information Services,Healthcare,SLP
2012Q3,2012,Q3,2012-07-12,2012-05-31,869333.0,2771500.0,1214472.0,0.05,2333766.0,0.8420588129,18412213.0,15603684.0,15777366.0,1935274.0,2808529.0,0.0,10957009.0,63038863.8,50149683.8,0.9801983239425074,8.15252310525538,0.0,0.0,0.052375970454774934,0.9801983239425074,0.05571331744477778,22.745395561970053,18.128514562313864,4.039998746449877,0.0,0.0,0.0,0.15052508897219471,7.981446554854765,0.047215019726308836,56.53238232147453,0.8420588129171929,0.0,0.0775786651427092,0.02138294919150532,0.9696354466790468,-0.024614445846881713,0.03667641731170781,0.03645645758410042,0.5401566669884411,0.0298493949661824,0.43866328921121156,Health Information Services,Healthcare,SLP
2012Q2,2012,Q2,2012-04-10,2012-02-29,838577.0,2789226.0,1171754.0,0.05,2392660.0,0.8578222059,18737702.0,15425351.0,16158773.0,2573377.0,3312351.0,0.0,10883827.0,62699950.98,49459020.98,0.9865343838901993,6.279209381291587,0.0,0.0,0.050573706807376946,0.9865343838901993,0.05436356034945331,22.479336912820976,18.692365453619644,4.064734149647551,0.0,0.0,0.0,0.14885635389014085,6.14249175305445,0.04475346016283107,157.99447895799156,0.8578222058736008,0.06837606837606841,0.20776635621506098,0.058834334731573415,1.2458698664556362,0.2622270896704238,0.11055239114341299,0.21373591144082676,1.3704841965430326,0.18126549283533416,0.535408104316719,Health Information Services,Healthcare,SLP
2012Q1,2012,Q1,2012-01-17,2011-11-30,755099.0,2247956.0,965411.0,0.0468,1895586.0,0.8432487113,16959682.0,15087775.0,14586199.0,1100181.0,1871907.0,0.0,10835942.0,47964664.44,35302424.44,0.9688454520125066,13.25799936555894,0.0,0.0,0.0454185643784426,0.9688454520125066,0.05004707453550971,21.33701213013066,15.880256906710247,3.179041604212682,0.0,0.0,0.0,0.13254706072908679,13.038963588718584,0.04452318150776648,95.63038828621728,0.8432487112737082,2.9327731092436973,8.860561350496893,0.4756716689869086,1.5066965062442759,0.22493915969948833,3.070066028837084,5.9918306452196965,1.5430336463962522,0.10627148240890992,0.5355765218394685,Health Information Services,Healthcare,SLP
2011Q4,2011,Q4,2011-11-29,2011-08-31,185525.0,2120183.0,138077.0,0.0119,1547494.0,0.7298869956,15867338.0,14036615.0,13274827.0,1141118.0,1830723.0,391653.0,9864921.0,50285032.947000004,40103983.947000004,0.9013463286932983,11.633176411203749,0.0,0.0,0.010580348923621674,0.9013463286932983,0.01321721796886215,23.717307867764248,67.76045404527692,3.5824187631419684,0.0,1.4622357035436981,0.0,0.13361932543442384,10.866831475798296,0.01169225739062217,175.6688510597417,0.7298869956036814,-0.83,-0.2603231657251555,0.14763358143239813,1.3674840855207704,-0.40991739192771487,-0.82400395392276,-0.8954680382494755,0.18157357266318677,0.2122295796687947,0.48621595137979884,Health Information Services,Healthcare,SLP
2011Q3,2011,Q3,2011-07-14,2011-05-31,1054143.0,3438902.0,1320907.0,0.07,2622504.0,0.762599225,16337433.0,13807952.0,13771189.0,1746888.0,2529481.0,386206.0,9679397.0,44797091.699999996,34903491.699999996,0.893876349566684,7.883269562788227,0.0,0.0,0.07316490993209654,0.893876349566684,0.07634318253713512,13.02656827673484,10.624054729766264,3.2442965980762386,0.0,2.1138925858220743,0.0,0.21049218686925908,7.345462330727557,0.06452317203075905,41.92160497177594,0.7625992249851842,0.16666666666666682,1.6125836768437132,0.8403334991876935,1.4464901306808506,0.00843585588675696,0.16161568299025875,-0.03272561377917497,0.47142245134455296,0.2171427471793549,0.4971408276584354,Health Information Services,Healthcare,SLP
2011Q2,2011,Q2,2011-04-13,2011-02-28,907480.0,3349387.0,1365597.0,0.06,2600566.0,0.7764304334,14784644.0,12654783.0,12403151.0,1460316.0,2129861.0,502505.0,8625254.0,50902990.9096,42144103.9096,0.817888494325159,8.493470591296678,0.0,0.0,0.07022438630328375,0.817888494325159,0.07171043549304638,15.19770361251178,14.023171560144576,4.022430958286681,0.0,1.490176217152068,0.0,0.22654498816474716,7.819089156045678,0.06137990201184418,77.67215564890586,0.7764304333897516,1.0,2.4661286375038314,1.1451008577553767,1.4035670254399768,0.2561282092524621,0.5991034250642739,0.7072331285965928,0.6750430163626318,0.6020058508022289,0.4824284789809324,Health Information Services,Healthcare,SLP
2011Q1,2011,Q1,2011-01-14,2010-11-30,567493.0,2811286.0,799889.0,0.03,2070303.0,0.7364256074,14062965.0,12481690.0,11774591.0,1095203.0,1581275.0,522478.0,7717774.0,46546805.808000006,37673725.808000006,0.7954506130608944,10.751058023033172,0.0,0.0,0.04410124646961788,0.7954506130608944,0.04546603865341953,16.55712218820853,20.50545372718254,3.7292070070639474,0.0,1.4182089963596554,0.0,0.19990706085096563,9.894874283580304,0.040353723414656865,111.36158947698331,0.736425607355495,0.36363636363636365,3.6591669980188626,2.1939835376209738,1.4887484284395522,0.24180007065827963,0.6435066928472548,1.423340614462686,1.3655690370502926,0.4369808953329298,0.5674287730971141,Health Information Services,Healthcare,SLP
2010Q4,2010,Q4,2010-11-29,2010-08-31,345294.0,2206122.0,330077.0,0.022,1667179.0,0.7557057135,14660445.0,13045853.0,12389997.0,1204069.0,1614592.0,554867.0,7150281.0,38600708.7,28968946.700000003,0.8314043824796409,10.2901054673777,0.0,0.0,0.02444414415706048,0.8314043824796409,0.026467721198452872,17.49708706046175,27.947711732610472,2.958848969093857,0.0,0.9713012307453859,0.0,0.150481243918585,9.412004627641771,0.023552763916784247,704.9585196142889,0.7557057134646226,-0.45000000000000007,4.564658586218622,0.6686084666841708,1.4960704944034788,-0.3109503730883716,-0.5334577287522311,-0.6908404275147777,7.114283721124269,0.00033547551018590726,0.7259505675699136,Health Information Services,Healthcare,SLP
2010Q3,2010,Q3,2010-07-15,2010-05-31,740113.0,3118936.0,1067659.0,0.04,2419534.0,0.7757562194,14565780.0,12790902.0,12335532.0,1342117.0,1774878.0,408741.0,6804987.0,38935890.0,30352697.0,0.7982838419771578,9.19110032880889,0.0,0.0,0.05555439090983395,0.7982838419771578,0.05786245567357173,12.48370918800514,13.152008544641156,3.0440300457309424,0.0,1.7111129052382805,0.0,0.2141276333982801,8.524567530252579,0.05081176565896231,73.21239665225706,0.775756219428677,0.0,3.4530063583854385,0.9830046118429014,1.4373424702489355,0.07570988296512073,0.15486929343713088,0.17541259920711375,-0.08855554037301934,0.14195645071765742,0.6040918590282841,Health Information Services,Healthcare,SLP
2010Q2,2010,Q2,2010-04-14,2010-02-28,640863.0,2949719.0,908327.0,0.04,2249244.0,0.7625282273,13612760.0,11461239.0,11447744.0,1294417.0,2151521.0,336177.0,6064873.0,26429470.099999998,17788181.099999998,0.7242017739129776,8.84393823628707,0.0,0.0,0.052153646216310474,0.7242017739129776,0.05591568241444053,8.959995884353729,10.310109219911276,2.3059871711950164,0.0,2.0836493870788306,0.0,0.21668779880053715,8.24405968092199,0.047078109068256546,41.35601325046317,0.7625282272650378,0.3333333333333334,24.020761346127692,1.6074859410771372,1.2906164049978894,0.2289856149424942,0.49106218430304116,0.6088971154782886,-0.08808150588572156,0.106307356966155,0.6486632071061176,Health Information Services,Healthcare,SLP
2010Q1,2010,Q1,2010-01-13,2009-11-30,429803.0,2437052.0,564565.0,0.03,1830163.0,0.7509741278,12828432.0,10811665.0,10749983.0,1221627.0,2016767.0,370691.0,5424011.0,22095865.56,14122525.559999999,0.6909016955477891,8.799726102975786,0.0,0.0,0.03394175721121305,0.6909016955477891,0.03975363646579875,9.066636887518198,12.852321621766249,2.043706085972882,0.0,1.637182990684964,0.0,0.189972710616543,8.170993273724303,0.033503938751049234,29.809528098376358,0.7509741277576351,1.8846153846153846,7.47302136756195,1.0859854339847916,1.1956206836937955,0.6045630409986332,1.6343070435656673,6.338207577825437,4.585493603855652,0.5920661217055464,0.7875718596711057,Health Information Services,Healthcare,SLP
2009Q4,2009,Q4,2009-11-30,2009-08-31,163156.0,1839735.0,76935.0,0.0104,1140599.0,0.6199800515,12303006.0,10570791.0,10265134.0,937075.0,1732215.0,325926.0,4994208.0,28167534.0,20694049.0,0.6755090381713926,10.954442280500494,0.0,0.0,0.0093584907308234,0.6755090381713926,0.015434606549311211,15.310647457378373,43.16043234695629,2.66465716709374,0.0,2.145075876119119,0.0,0.1495354062251128,10.07598538003895,0.01326147447217371,41.24566970410926,0.6199800514748048,-0.6533333333333333,-0.7540641620265364,0.14558320819042103,1.1703989068132634,-0.4744841706992647,-0.7133253562875461,-0.9091806247277544,-0.35265321055314963,-0.008986564359573736,0.7742978992488856,Health Information Services,Healthcare,SLP
2009Q3,2009,Q3,2009-07-15,2009-05-31,569133.0,2713524.0,847121.0,0.03,2170437.0,0.7998591499,12775004.0,10936050.0,10782466.0,1049654.0,1838954.0,375389.0,4831051.0,19261359.599999998,11888745.599999998,0.6813257356972869,10.2724002385548,0.0,0.0,0.04964768103827076,0.6813257356972869,0.05204191641406175,7.098282381139801,8.460834110831739,1.7612720863565912,0.0,1.44673125744228,0.0,0.21240885717139502,9.547857675005288,0.04455051442645341,-1293.6637517630463,0.7998591499467114,0.4999999999999999,2.783309098104226,0.9391416051888614,1.5282188784756465,0.14005155987532344,0.5462545371557739,0.6715127693622126,0.35747105025141546,0.3975151593153302,0.8647508561674201,Health Information Services,Healthcare,SLP
2009Q2,2009,Q2,2009-04-14,2009-02-28,368072.0,2456762.0,506799.0,0.02,1903806.0,0.7749248808,12629985.0,10452932.0,10634930.0,1383053.0,2177053.0,391677.0,4261917.0,14967096.360000001,7444885.360000001,0.6425225847881159,7.689459478414783,0.0,0.0,0.03193866471670348,0.6425225847881159,0.035212321289376035,6.092204438199549,10.165875399378383,1.431856283002702,0.0,1.4117653066174425,0.0,0.1945182040992131,7.016405734270487,0.029142710779149778,15.269898446187907,0.7749248807983842,0.0,8.624864537999922,0.5313622664810268,1.479983864700395,0.1848158836272752,0.18077004510429165,0.2614816713918392,0.33706115443689927,0.49642980106136986,0.8882110564123038,Health Information Services,Healthcare,SLP
2009Q1,2009,Q1,2009-01-14,2008-11-30,311722.0,2133250.0,401749.0,0.02,1606837.0,0.753234267,12108321.0,10315004.0,9341402.0,1016017.0,1793317.0,337259.0,3893846.0,16347183.1182,10283429.1182,0.6309327071840912,9.19413946813882,0.0,0.0,0.026797972059952588,0.6309327071840912,0.03022025003577313,7.663041424211883,13.110386111823995,1.5847965854593948,0.0,1.5608567895890102,0.0,0.17618049604069796,8.403608404190088,0.025744444667431594,130.41543170718086,0.7532342669635532,0.9801980198019803,4.578509791806312,0.5662609918451498,1.5647005678973454,0.23480600359490258,0.8910809400744973,23.535788445095882,2.4019301292833686,1.3261794237880224,0.9740166864832283,Health Information Services,Healthcare,SLP
2008Q4,2008,Q4,2008-11-26,2008-08-31,164838.0,1836133.0,16374.0,0.0101,1301287.0,0.7087106435,11553303.0,9915078.0,8850456.0,895825.0,1638225.0,342051.0,3582124.0,29591360.580000002,23701759.580000002,0.6064706329228204,9.879670694611113,0.0,0.0,0.0018029557195986948,0.6064706329228204,0.01662498267789724,16.116131336891176,44.87945828631748,2.984480866413759,0.0,1.5636440179973161,0.0,0.15892710508847557,8.924371389501298,0.014267608146345681,45.76688971135242,0.708710643510029,-0.7475,-0.9337044913016572,-0.24249757960569665,1.5280528874444737,-0.4449847884305917,-0.7809930367057679,-0.9861281254924287,1.5496504295929945,0.33291625870913505,0.8207667465572018,Health Information Services,Healthcare,SLP
2008Q3,2008,Q3,2008-07-15,2008-05-31,752661.0,2968353.0,1180374.0,0.04,2344597.0,0.7898646152,11353876.0,9689556.0,9395001.0,941020.0,1664320.0,260228.0,3417286.0,32784000.889999997,26797971.889999997,0.5970556229935485,9.983848377292725,0.0,0.0,0.0771800953018861,0.5970556229935485,0.07767755302719753,11.044508820211073,10.889364830248942,3.3834368561366484,0.0,2.396959589283244,0.0,0.2614396176248534,9.401285838770695,0.06629110622663133,68.86078688738077,0.7898646151586418,0.3333333333333334,1.788038675870205,0.9799001064329156,5.790447323085361,0.3598472765320196,0.33259385031045896,0.8449830018365831,3.4629455060471597,0.8633204740875307,0.8229468648881317,Health Information Services,Healthcare,SLP
2008Q2,2008,Q2,2008-04-14,2008-02-29,564809.0,2179675.0,639775.0,0.03,1724162.0,0.791017927,9994294.0,8899620.0,8128572.0,1011674.0,1094674.0,281385.0,2664625.0,44359210.5,38852131.5,0.5517220600668715,8.034774047766374,0.0,0.0,0.057857398059870176,0.5517220600668715,0.06346439510900466,20.351295720692306,19.634606787427252,4.984393771868912,0.0,1.618824741901665,0.0,0.21809194326282577,7.385606430529993,0.0565131464013366,67.24383372468648,0.7910179269845276,1.9999999999999996,6.164956436187108,0.64504136632104,6.783323484089936,0.15107662953168802,1.3218326070870674,-0.4466772526858564,20.635044903239816,0.890401021806122,0.7450711214914355,Health Information Services,Healthcare,SLP
2008Q1,2008,Q1,2008-01-14,2007-11-30,243260.0,1983809.0,1156242.0,0.01,1497869.0,0.7550469828,9213859.0,8074793.0,7471087.0,825851.0,1139066.0,237167.0,2099815.0,78442768.16,73858455.16,0.5074875660787747,9.046531396099297,0.0,0.0,0.08591477939496661,0.5074875660787747,0.030125849665743755,39.541492230350805,80.61618038312916,9.71452372339452,0.0,2.0489359818187185,0.0,0.21530707166237295,8.432377026848668,0.026401532734546946,-681.2757241990255,0.7550469828496594,3.777777777777778,0.5945850363002152,0.5775106349038877,6.699494227471652,-0.12062571367346998,5.247969964201519,0.8189229070246699,3.7163919762735613,0.6700007343439587,0.6127478105499997,Health Information Services,Healthcare,SLP
2007Q4,2007,Q4,2007-11-26,2007-08-31,-57265.0,2236298.0,635674.0,-0.0036,1703335.0,0.7616762167,8895423.0,7664608.0,7190569.0,1003615.0,1230815.0,230914.0,1856555.0,106208007.6,101670293.6,0.48170810804288167,7.164668722567917,0.0,0.0,-0.007073067427560691,0.48170810804288167,-0.007471354047069335,47.492779405964676,-463.66894088885005,13.85693927204105,0.0,2.308058411356609,0.0,0.2513987249397808,6.621449460201372,-0.006437580315180065,72.69855414709875,0.7616762166759529,-1.08,-1.3327873132738743,0.5836260302752303,7.55244113743171,-0.1812617433147523,-1.073201566678427,-0.34354120152260886,-1.084894267429038,0.3695294456021519,0.5477198557246957,Health Information Services,Healthcare,SLP
2007Q3,2007,Q3,2007-07-02,2007-05-31,782292.0,2631225.0,968338.0,0.045,2080439.0,0.7906731655,8617985.0,7681977.0,6492318.0,873507.0,936008.0,260568.0,1913820.0,101185339.8,98147161.8,0.4976546932048747,7.432473924078456,0.0,0.0,0.09832156326170834,0.4976546932048747,0.10183472301466145,38.45560140238862,32.33618003251983,13.171783747855532,0.0,2.1137898744281722,0.0,0.30531789043494506,6.862720046891439,0.09077435154505374,-214.9696190322416,0.7906731655407653,0.28571428571428553,5.336535211702842,1.0749594698817877,9.935160735054977,0.05246279974948577,0.17134831460674158,0.17489941615262536,4.407390587072885,0.9552155344264186,0.8466644138062909,Health Information Services,Healthcare,SLP
2007Q2,2007,Q2,2007-04-10,2007-02-28,667856.0,2533836.0,824188.0,0.035,1976734.0,0.7801349416,7653169.0,6606528.0,5327066.0,986994.0,1046641.0,274384.0,1131528.0,58505304.36,55286188.36,0.4392660494826969,5.397262799976494,0.0,0.0,0.09730774931657803,0.4392660494826969,0.10109031551822682,23.08961762324002,21.90041878788242,8.855680980993345,0.0,2.0303734911656655,0.0,0.3310832414650715,4.859669866280849,0.08726528840536515,62.82340852130326,0.7801349416457892,6.0,1.7779212799396769,1.0755601155476422,10.710111427052787,0.9475000763538524,8.121846616130574,10.047059927352661,17.890730946253992,0.7084310010429845,0.6954621375480755,Health Information Services,Healthcare,SLP
2007Q1,2007,Q1,2007-01-16,2006-11-30,73215.0,1456451.0,74607.0,0.005,1015011.0,0.6969070707,6533746.0,5754681.0,3983871.0,716564.0,779065.0,233906.0,463672.0,,,,,,,,,,,,,,,,,,,,,,,,,,,,,,,Health Information Services,Healthcare,SLP
