Quarters,Year,Quarter,FillingDate,Date,NetIncome,Revenue,OperatingIncome,EPSDiluted,GrossProfit,GrossProfitRatio,TotalAssets,CommonStockEquity,CurrentAssets,CurrentLiability,TotalLiability,Inventory,RetainedEarnings,MarketCap,EnterpriseValue,bookValuePerShare,currentRatio,debtToAssets,debtToEquity,roic,shareholdersEquityPerShare,roe,priceToSalesRatio,peRatio,pbRatio,payoutRatio,inventoryTurnover,dividendYield,assetTurnover,quickRatio,returnOnAssets,priceToFreeCashFlowsRatio,grossProfitMargin,epsdilutedGrowth,fiveYNetIncomeGrowthPerShare,fiveYRevenueGrowthPerShare,fiveYShareholdersEquityGrowthPerShare,grossProfitGrowth,netIncomeGrowth,operatingIncomeGrowth,threeYNetIncomeGrowthPerShare,threeYRevenueGrowthPerShare,threeYShareholdersEquityGrowthPerShare,Industry,Sector,Symbol
2023Q4,2023,Q4,2023-05-22,2023-03-31,-58561000.0,666099000.0,-72692000.0,-0.76,174047000.0,0.261292991,7730337000.0,3824310000.0,2244512000.0,956719000.0,3869768000.0,268563000.0,1318336000.0,2584470509.28,3968062509.28,50.0739512930458,2.3460514529344563,0.353470489061473,0.714493856408084,-0.009140744709690878,50.0739512930458,-0.015312827673488813,3.880009592087663,-11.033241019108281,0.6758004736226928,0.0,1.8321660094651906,0.0,0.08616687733018626,1.8488061802890923,-0.007575478274750505,-9.81490465735737,0.261292990981821,-0.28813559322033905,-1.2695854491748575,0.16848973669456063,0.605527111420262,0.033465747486803116,-0.3087719298245614,-1.3216122129603014,-11.17152191483295,-0.07008961036645155,0.5579375876649073,Communication Equipment,Technology,VSAT
2023Q3,2023,Q3,2023-02-09,2022-12-31,-44745000.0,651444000.0,-31311000.0,-0.59,168411000.0,0.2585195351,6801924000.0,2588754000.0,1252179000.0,851223000.0,4179736000.0,260886000.0,121498000.0,2409767700.0,5449116700.0,34.000814310856605,1.4710352046408521,0.4736129071715591,1.244412949241218,-0.0058178419819639605,34.000814310856605,-0.01728437696281686,3.699117191961243,-13.463893731143143,0.9308600585455395,0.0,1.8515098548791427,0.0,0.09577348997136692,0.6472534224286702,-0.006578285790902692,-11.672177337324538,0.2585195350636432,0.3854166666666667,-0.28224436444345213,0.31936172766662174,0.09208131443657168,-0.22793288405996423,0.3843306685746522,-28.369755244755243,-5.1567546278640535,-0.09637735133381607,0.052821138374054305,Communication Equipment,Technology,VSAT
2023Q2,2023,Q2,2022-11-09,2022-09-30,-72677000.0,656683000.0,1144000.0,-0.96,218130000.0,0.3321694029,6510280000.0,2596560000.0,1147076000.0,803622000.0,3882089000.0,244284000.0,163726000.0,2290164340.0,5116294340.0,34.27440006335964,1.4273825256152768,0.4570159808794706,1.145862987953292,-0.004169384388069924,34.27440006335964,-0.027989724866746772,3.487473164373069,-7.877885507106788,0.8819993915026035,0.0,1.7952587971377576,0.0,0.10086862623420191,0.5841315942072268,-0.01116342154254502,-23.990575627743265,0.3321694028930245,-2.428571428571428,-2.817459606002602,0.2840806047606356,0.0818081565237159,0.11383446437598616,-2.4543942202576168,1.0422732983519325,-9.520181592307923,-0.10205343714171794,0.056213166336386525,Communication Equipment,Technology,VSAT
2023Q1,2023,Q1,2022-08-09,2022-06-30,-21039000.0,678223000.0,-27062000.0,-0.28,195837000.0,0.2887501603,6483355000.0,2652859000.0,1128337000.0,726128000.0,3781243000.0,362007000.0,211966000.0,2293053690.0,5015945690.0,35.43618342839587,1.5539092281250688,0.45414943343377,1.109901430871373,-0.003027675824870522,35.43618342839587,-0.007930689116911227,3.380973057534174,-27.2476554256381,0.8643707373818208,0.0,1.3325322438516383,0.0,0.10460988176646197,0.8175390564748914,-0.003245079129555608,-9.917194403598305,0.28875016034549106,0.034482758620689495,-0.8668302351200159,0.38287149849906,0.12496853649331192,-0.040588471600317456,0.027323162274618586,-0.30187136190888536,-0.5508701386692003,0.03370852716075335,0.10604439198317668,Communication Equipment,Technology,VSAT
2022Q4,2022,Q4,2022-05-31,2022-03-31,-21630000.0,701704000.0,-20787000.0,-0.29,204122000.0,0.2908947362,6389346000.0,2633866000.0,1159472000.0,770421000.0,3706752000.0,341890000.0,233530000.0,3632126220.7999997,6135458220.799999,35.38771864918555,1.504984936807278,0.4403879520689598,1.068312131292936,-0.002403001304222255,35.38771864918555,-0.008212262886570539,5.176151512318584,-41.980192103559865,1.3790094943326654,0.0,1.4553862353388516,0.0,0.10982407276112453,0.8693013300520105,-0.0033853230048897023,-22.872475398459684,0.2908947362420622,-4.410447761194029,-4.939632877676461,0.3040954512836834,0.17510261355165518,-0.0704657644037232,-4.421052631578948,-5.231019743537553,-4.453711329518198,0.02447220731766621,0.1231722718440903,Communication Equipment,Technology,VSAT
2022Q3,2022,Q3,2022-02-07,2021-12-31,-3990000.0,719717000.0,4913000.0,-0.0536,219596000.0,0.3051143713,6086794000.0,2634450000.0,1027871000.0,786627000.0,3411064000.0,353993000.0,262710000.0,3313459899.62,5694399899.62,35.41265219882601,1.3066815657230173,0.418442286694769,0.966794587105468,0.007093218663722272,35.41265219882601,-0.0015145476285372658,4.60383720215029,-207.61026939974937,1.2577425647174931,0.0,1.412799123146503,0.0,0.11824237850007738,0.6725487429239017,-0.0006555175023173119,-42.10722826778157,0.3051143713431807,-1.7790697674418605,-1.6696494570019789,0.3465001407796154,0.09648792408658574,0.03139809591801269,-1.774757281553398,-0.4129525630302306,0.7316506120538004,0.054849393483390046,0.13889584109475947,Communication Equipment,Technology,VSAT
2022Q2,2022,Q2,2021-11-09,2021-09-30,5150000.0,701354000.0,8369000.0,0.0688,212911000.0,0.3035713776,5992860000.0,2634813000.0,1066387000.0,734305000.0,3319390000.0,348342000.0,269323000.0,4042032155.46,6327164155.46,35.89757486565248,1.4522398730772634,0.4176279772929786,0.9498913205605104,0.0034431657618411017,35.89757486565248,0.0019545979164365744,5.7631840061652175,196.21515317766992,1.5340869182974275,0.0,1.4021938210149796,0.0,0.1170316009384501,0.7992264794601698,0.0008593559669339848,-78.63722798116768,0.3035713776495179,-0.7008695652173913,-0.6848856531622904,0.18466503600603193,0.48701804812233657,0.009611919349026004,-0.6964875058934464,-0.4863123005155905,1.1615227580406036,0.10147887392872541,0.14220073220851118,Communication Equipment,Technology,VSAT
2022Q1,2022,Q1,2021-08-09,2021-06-30,16968000.0,664860000.0,16292000.0,0.23,210884000.0,0.3171855729,5994533000.0,2620123000.0,1133028000.0,744555000.0,3337523000.0,349687000.0,266032000.0,3654311363.36,5887847363.360001,35.73503112770618,1.5217519189314423,0.41858540106460335,0.9576741244590425,0.003818392184484024,35.73503112770618,0.00647603185041313,5.496362186565593,53.841221171617164,1.3947098526901218,0.0,1.2982352789780576,0.0,0.11091105845943296,0.8598182807180128,0.002830579129350026,-18.665587366098336,0.31718557290256594,0.09523809523809533,5.129605287189135,0.2269132123295073,0.5105418743483751,0.07775886829288237,0.1535794411584744,-0.43955968352253183,1.3747603083885738,0.2233428180210875,0.12396303692601406,Communication Equipment,Technology,VSAT
2021Q4,2021,Q4,2021-05-28,2021-03-31,14709000.0,595782000.0,29070000.0,0.21,195669000.0,0.3284238195,5349467000.0,2351469000.0,991233000.0,708437000.0,2962233000.0,336672000.0,249064000.0,3294195423.31,5194060423.309999,34.313421125581726,1.3991829901600283,0.41047341725820535,0.9338052085738745,0.003693714827329256,34.313421125581726,0.006255238746502718,5.529195953066726,55.98945243235434,1.4009095690013351,0.0,1.188435628742515,0.0,0.11137221708256169,0.7546203826169441,0.002749619728470145,-261.5686377092266,0.3284238194507387,1.127659574468085,1.359887566515492,0.14354864541222026,0.4868729873951455,0.06186031367015792,1.175887573964497,0.3359375,1.635312194346913,0.16476815303434675,0.10019534069310009,Communication Equipment,Technology,VSAT
2021Q3,2021,Q3,2021-02-08,2020-12-31,6760000.0,575559000.0,21760000.0,0.0987,184270000.0,0.3201583157,5248706000.0,2318681000.0,967603000.0,641642000.0,2901380000.0,334919000.0,241707000.0,2236666309.2,4110125309.2,33.84721911292962,1.508010697554088,0.41739868836242683,0.9448488170645294,0.00223387484394894,33.84721911292962,0.002915450637668571,3.886076508576879,82.71694930473373,0.9646287303859392,0.0,1.1683093524105828,0.0,0.10965731363120738,0.8106327204266554,0.0012879364932994913,-117.10294812565444,0.3201583156548677,0.7978142076502732,-0.5068333722628962,0.1768725185008682,0.48684262788215005,0.10364447638726679,0.8230852211434736,0.7156824095245604,1.2153061507157712,0.2955676547381057,0.08714794889686209,Communication Equipment,Technology,VSAT
2021Q2,2021,Q2,2020-11-06,2020-09-30,3708000.0,554278000.0,12683000.0,0.0549,166965000.0,0.3012297078,5203396000.0,2280046000.0,1041119000.0,624583000.0,2895705000.0,332927000.0,234947000.0,2322455364.91,4180404364.91,33.76201890667491,1.6669025573862881,0.4244116726845314,0.9685690551857287,0.0032098467488474664,33.76201890667491,0.001626282978501311,4.190055107563352,156.58409957591695,1.0186002233770723,0.0,1.1633571323443277,0.0,0.10652235578456838,0.9606633545901826,0.0007126115329296483,-43.002858238931985,0.30122970783614,1.3921428571428571,-0.4637819099737431,0.11975758970617977,0.4903105631285881,0.1521263602426183,1.4186046511627908,3.4956709956709955,1.2184894565275253,0.21584287620426876,0.06563579133202986,Communication Equipment,Technology,VSAT
2021Q1,2021,Q1,2020-08-07,2020-06-30,-8858000.0,530488000.0,-5082000.0,-0.14,144919000.0,0.2731805432,4904374000.0,2072966000.0,921525000.0,565187000.0,2805191000.0,312686000.0,232984000.0,2398547070.0,4337109070.0,33.16161955495833,1.6304780541661432,0.44266199926840816,1.0472820104140637,-0.0006744202983006581,33.16161955495833,-0.0042731043345621686,4.521397411440033,-67.69437429442313,1.157060496891893,0.0,1.233086866696942,0.0,0.1081663021621108,0.8897126083933282,-0.0018061428431029119,-33.14970727662221,0.27318054319796115,-2.8567639257294433,-3.6089644269847767,0.18326013625347823,0.4883048658488846,-0.19855437944497903,-2.862489486963835,-1.357308584686775,0.058704053114477454,0.29537543425982615,0.05275949634563187,Communication Equipment,Technology,VSAT
2020Q4,2020,Q4,2020-05-29,2020-03-31,4756000.0,591721000.0,14223000.0,0.0754,180822000.0,0.3055865856,4883868000.0,2027787000.0,1045704000.0,604579000.0,2833726000.0,294416000.0,245373000.0,2266192800.0,4142030800.0,32.14117926771279,1.729639964338821,0.44639760943579965,1.075136096641314,0.002676015273481945,32.14117926771279,0.0023454139907199325,3.829833316715141,119.12283431455005,1.1175694488622325,0.0,1.3956408619096787,0.0,0.12115827045284598,1.050329237370137,0.0009738182932053037,-115.23404861181734,0.3055865855698885,-0.4614285714285715,-0.5236932702686297,0.22645722821911307,0.47610020377701,-0.017239692598671696,-0.45849937379027667,0.01818311976519436,0.021931209547557166,0.29733756476524414,0.06729637291808967,Communication Equipment,Technology,VSAT
2020Q3,2020,Q3,2020-02-10,2019-12-31,8783000.0,588224000.0,13969000.0,0.14,183994000.0,0.3127958057,4513684000.0,2006268000.0,750241000.0,538403000.0,2488373000.0,283300000.0,243787000.0,4547111869.309999,6404113869.309999,32.29495787229961,1.3934562028814848,0.42200118572766726,0.949414534847787,0.005935047566035419,32.29495787229961,0.004377780037362905,7.730238598408088,129.42934843760673,2.2664528713561696,0.0,1.4268619837627956,0.0,0.1303201553320968,0.6764765426641381,0.0019458606318032011,-37.039155046715265,0.312795805679469,0.2727272727272728,-0.5452888754062373,0.3283491641922113,0.5098019109267863,0.010084707148229274,0.2714244354371743,-0.24184531886024424,0.7652035433322671,0.31784600598363677,-4.577129539372876e-05,Communication Equipment,Technology,VSAT
2020Q2,2020,Q2,2019-11-12,2019-09-30,6908000.0,592256000.0,18425000.0,0.11,182157000.0,0.3075646342,4367051000.0,1990907000.0,755633000.0,501719000.0,2361215000.0,269517000.0,237311000.0,4621074819.2,6346597819.2,32.45026776388793,1.5060880692180285,0.4150553771870308,0.9104232392572832,0.0033048216452401286,32.45026776388793,0.0034697753335540035,7.802495574886535,167.23634985524026,2.3210902464052814,0.0,1.5216071713472619,0.0,0.13561920847729966,0.7596124523886877,0.0015818455062695626,-115.16984396371248,0.30756463421223257,1.6111111111111112,-0.7797364405998112,0.2605187590340836,0.5254948670998633,0.19386150034736332,1.6221181556195965,3.580532212885154,-0.4943322281313106,0.1967949850302391,0.34421709577585785,Communication Equipment,Technology,VSAT
2020Q1,2020,Q1,2019-08-09,2019-06-30,-11104000.0,537037000.0,-7140000.0,-0.18,152578000.0,0.2841107782,4262286000.0,1963231000.0,804182000.0,490081000.0,2288994000.0,263833000.0,234117000.0,4989167884.86,6600563884.86,32.038662901095265,1.6409165015579057,0.40853171279449574,0.8869455504726647,-0.0010707085515605297,32.038662901095265,-0.005655982408590736,9.29017532285485,-112.32816743650936,2.5413045560405267,0.0,1.4572058840251219,0.0,0.12599741077909835,0.884551737365864,-0.0026051747817954964,-35.23747155360308,0.28411077821453645,-3.1686746987951806,-0.3338623909479157,0.27640980512396324,0.5489139355579782,-0.041691789769872374,-3.1793915603532876,-1.7534824820599408,-5.799674673603955,0.18581882573533998,0.3542941025372124,Communication Equipment,Technology,VSAT
2019Q4,2019,Q4,2019-05-29,2019-03-31,5095000.0,557221000.0,9476000.0,0.083,159216000.0,0.2857322319,3915287000.0,1907748000.0,887172000.0,485480000.0,1999209000.0,234518000.0,245585000.0,4728356762.37,5879495762.37,31.506937569856415,1.827412045810332,0.3608522184963708,0.7405799927453731,-0.0605819160140714,31.506937569856415,0.002670688162168169,8.485604028509334,232.00965467958787,2.478501753046,0.0,1.697119197673526,0.0,0.14231932422833882,1.157633682129027,0.0013013094570078771,-95.34707431529914,0.2857322319151647,1.415,2.1142854438616365,0.2369926236614758,0.547846762011242,0.04755638603047609,1.4214923891462607,0.5774929249209256,-0.07484867463560076,0.21047315926022217,0.3652621292616897,Communication Equipment,Technology,VSAT
2019Q3,2019,Q3,2019-02-11,2018-12-31,-12088000.0,554694000.0,6007000.0,-0.2,151988000.0,0.2740033244,3629716000.0,1880564000.0,684656000.0,474865000.0,1743670000.0,230122000.0,243070000.0,3565311503.8500004,4680536503.85,31.093846268492584,1.4417908247607214,0.31919577179041003,0.6160864506605466,0.002697265516442956,31.093846268492584,-0.00642785887637964,6.427528518155957,-73.73658801807578,1.8958735272237477,0.0,1.7499674085919643,0.0,0.1528202206453618,0.7391721857791161,-0.003330288099675016,-54.17418561736462,0.27400332435541036,0.5348837209302325,-0.544949600917491,0.2705627283893963,0.5361356490547546,0.2125670155731427,0.5334979932077801,1.2788506173985703,-1.9988626527850133,0.28468714928601735,0.3658923039603164,Communication Equipment,Technology,VSAT
2019Q2,2019,Q2,2018-11-07,2018-09-30,-25912000.0,517474000.0,-21542000.0,-0.43,125344000.0,0.2422227977,3629627000.0,1874713000.0,785766000.0,463426000.0,1745290000.0,232078000.0,252107000.0,3744841376.62,4899683376.62,31.42842921860367,1.6955587299806225,0.3304196271407503,0.6397245871768106,-0.005098425928292663,31.42842921860367,-0.013821848997686579,7.236772043851478,-36.13037759165638,1.9975544932050933,0.0,1.6896474461172537,0.0,0.14256947063706546,0.9630038021172744,-0.007139025580314451,-26.96225395717536,0.24222279766712917,0.3064516129032258,-11.435687925634566,0.11716872005344257,0.5259013288921475,0.33360286842077264,0.29128603468081615,0.6043201146152857,-5.242342774413749,0.18355376815529845,0.38730210940566984,Communication Equipment,Technology,VSAT
2019Q1,2019,Q1,2018-08-09,2018-06-30,-36562000.0,438869000.0,-54443000.0,-0.62,93989000.0,0.214161857,3544268000.0,1882446000.0,613869000.0,447160000.0,1652321000.0,220018000.0,277831000.0,3891149760.0,4954561760.0,31.793777867855695,1.372817336076572,0.31549561150567623,0.5940149146376577,-0.010086698822442957,31.793777867855695,-0.019422602295099036,8.866312635433353,-26.60651605492041,2.067071119171546,0.0,1.567508112972575,0.0,0.12382500420397104,0.6504919939171662,-0.010315811332551602,-37.06774782327052,0.2141618569550367,-0.8235294117647057,-17.867232959326735,0.048772112086043345,0.5619723225349017,-0.16324804586649574,-0.8371941108487011,-0.6561615915797159,-12.369424477813167,0.03351225209938681,0.4269156615233254,Communication Equipment,Technology,VSAT
2018Q4,2018,Q4,2018-05-30,2018-03-31,-19901000.0,439670000.0,-32873000.0,-0.34,112326000.0,0.2554779721,3414109000.0,1837166000.0,612553000.0,466457000.0,1566102000.0,196307000.0,285960000.0,3871254607.2799997,4823513607.28,31.188480678317532,1.3132035750347835,0.2998454355148005,0.5572196524429475,-0.006240068925601806,31.188480678317532,-0.010832445190037263,8.804909607842244,-48.631408060901464,2.1071882493362057,0.0,1.6675105829134977,0.0,0.1287803054911252,0.7269930561659489,-0.00582904646571038,-39.16767444990793,0.2554779721154502,0.2608695652173913,-8.868677701874503,0.08755540645567292,0.5533499199713608,-0.04909206349206349,0.2625435410953828,-0.32477633593938904,-3.1346472508476984,-0.02395777802176877,0.432347030620819,Communication Equipment,Technology,VSAT
2018Q3,2018,Q3,2018-02-09,2017-12-31,-26986000.0,381837000.0,-24814000.0,-0.46,118125000.0,0.309359753,3315607000.0,1833161000.0,648273000.0,386579000.0,1480555000.0,182059000.0,308123000.0,4407152431.2,5267068431.2,31.133958489527274,1.6769483081077865,0.3081598633372411,0.5573634830765001,-0.009452526850346317,31.133958489527274,-0.01472102013952948,11.54197322731951,-40.82813710071889,2.404127314076614,0.0,1.4484974651074651,0.0,0.11516352812622244,1.0084820955095855,-0.008139082828574075,-63.64486658001906,0.30935975298360296,-0.8400000000000001,0.01751902184172157,0.00043578604733910775,0.5570168047878288,-0.04593254288760379,-0.8441877947105857,-0.5645649432534678,-2.4740736039941846,-0.09022191190604416,0.45552473572111757,Communication Equipment,Technology,VSAT
2018Q2,2018,Q2,2017-11-09,2017-09-30,-14633000.0,393074000.0,-15860000.0,-0.25,123812000.0,0.314983947,3288221000.0,1844841000.0,748375000.0,330997000.0,1440448000.0,181399000.0,332754000.0,3745289279.9999995,4521998280.0,31.682512150303115,2.2609721538261676,0.31002082889197535,0.552577159766072,-0.003104801469225669,31.682512150303115,-0.007931848869360558,9.528204053180826,-63.9870375179389,2.0301420447615808,0.0,1.4843631993561155,0.0,0.11954001875178098,1.4942340867137769,-0.004450126679441558,-44.933945363582914,0.31498394704305044,-0.6666666666666667,-0.3949966493608762,0.041016646397882564,0.5395401848958294,0.03566768160069596,-0.6755983052788275,0.11183289466315731,-1.491605863047456,-0.1185300339428186,0.48940249164605854,Communication Equipment,Technology,VSAT
2018Q1,2018,Q1,2017-08-09,2017-06-30,-8733000.0,380044000.0,-17857000.0,-0.15,119548000.0,0.3145635768,3078714000.0,1827330000.0,619746000.0,307545000.0,1248278000.0,177943000.0,346443000.0,3840328795.8,4529915795.8,31.499710684225473,2.0151392479149393,0.2761357501866039,0.4652378059792156,-0.00325146087763864,31.499710684225473,-0.00477910393853327,10.104958362189642,-109.93727229474408,2.1016066040616637,0.0,1.4639294605575943,0.0,0.1234424503217902,1.221313954055504,-0.002836573972119528,150.12426393807905,0.31456357684899644,-3.063273727647868,0.5461336848000067,0.17913938988682007,0.5415537025891652,-0.15999381666409027,-3.055307131089668,-7.181031498788508,-0.10810683922849297,-0.045872518784048716,0.5228582102648685,Communication Equipment,Technology,VSAT
2017Q4,2017,Q4,2017-05-25,2017-03-31,4249000.0,416419000.0,2889000.0,0.0727,142318000.0,0.3417663459,2954653000.0,1734618000.0,614856000.0,325517000.0,1216722000.0,163201000.0,297471000.0,3676070866.38,4394743866.38,30.11457743441567,1.8888598752138905,0.2872658819834343,0.48931292076987554,0.0018205556531656136,30.11457743441567,0.00244953067476528,8.827817333935291,216.29035457637093,2.1192394327627175,0.0,1.6795301499378068,0.0,0.14093668528927086,1.2098262149135068,0.001438070731148463,-90.09315164032057,0.34176634591601246,-0.09125000000000001,1.4407383774246911,0.3078299798162319,0.4757322124549418,0.13777941223497808,0.0014140938015555031,-0.6194177315241733,1.976847432558714,-0.028242478454537763,0.47944404523125905,Communication Equipment,Technology,VSAT
2017Q3,2017,Q3,2017-02-09,2016-12-31,4243000.0,380630000.0,7591000.0,0.08,125084000.0,0.3286235977,2883080000.0,1710936000.0,751724000.0,278555000.0,1166438000.0,158460000.0,290821000.0,3508070720.0,4070555720.0,32.29643612201752,2.6986555617382564,0.29393148993437573,0.49530081779797724,0.0025062276012171193,32.29643612201752,0.002479929114823699,9.216485090507842,206.6975441904313,2.0503810312016344,0.0,1.6126845891707686,0.0,0.1320220042454597,1.9375060580495773,0.0014716899981963734,-131.2851584895775,0.32862359771957017,-0.6363636363636365,-0.3331971387601404,0.5000749849712468,0.5650320095738524,-0.02348312150641726,-0.6149378346492422,-0.5877593135657652,1.6191094093767167,-0.004640042110832583,0.5955474416403216,Communication Equipment,Technology,VSAT
2017Q2,2017,Q2,2016-11-09,2016-09-30,11019000.0,399158000.0,18414000.0,0.22,128092000.0,0.3209055061,2583235000.0,1194639000.0,528705000.0,284190000.0,1383268000.0,151631000.0,286578000.0,3694176406.9500003,4703658406.950001,24.140645038559207,1.8603926950279743,0.41063124338281265,0.8879309984020277,0.00611633801036398,24.140645038559207,0.009223706910623209,9.25492262951012,83.81378543765315,3.092295167787089,0.0,1.787668748474916,0.0,0.15451865587141705,1.1533551497237764,0.004265581722142972,-134.95201311280778,0.32090550609032015,4.5,0.17800966866360976,0.5259159085569722,0.17255771331957617,0.1151234460424139,4.9401617250673855,1.3674466443815891,4.349172808903041,0.038722091352914635,0.172067559865396,Communication Equipment,Technology,VSAT
2017Q1,2017,Q1,2016-08-09,2016-06-30,1855000.0,363130000.0,7778000.0,0.04,114868000.0,0.316327486,2491249000.0,1162344000.0,518886000.0,251307000.0,1323295000.0,155511000.0,275559000.0,3508096200.0000005,4495181200.0,23.657094010135754,2.0647494896680154,0.4151881245110384,0.8898716731019388,0.0025741481837695973,23.657094010135754,0.0015959130859711066,9.660717098559745,472.78924528301894,3.0181221738142927,0.0,1.5964272623801532,0.0,0.14576222609622724,1.2332406180488407,0.0007446064203136659,-44.14809846215802,0.31632748602428884,-0.5555555555555556,-0.09661551918568148,0.5943996315498652,0.16376979850061651,0.049741832305231895,-0.5831460674157304,0.03789698425406992,2.1535310531420477,0.04572011953906294,0.16223137209489585,Communication Equipment,Technology,VSAT
2016Q4,2016,Q4,2016-05-26,2016-03-31,4450000.0,371964000.0,7494000.0,0.09,109425000.0,0.294181695,2405846000.0,1129103000.0,523334000.0,279989000.0,1271422000.0,145161000.0,273704000.0,3595113121.1600003,4507361121.16,23.07757381865915,1.8691234298490298,0.39667376881147004,0.8452160697474013,0.010491865086645359,23.07757381865915,0.003941181628248264,9.665217927433838,201.97264725617978,3.184043547098892,0.0,1.8086056172112344,0.0,0.15460839970638188,1.1743747075777977,0.0018496612002597008,-95.91828182705905,0.2941816950027422,-0.55,-0.684773533779557,0.4788504946673682,0.15614970824045066,-0.006726213169217363,-0.5434492664409561,-0.2783822821376986,1.118349606277185,0.10773591240035199,0.14938421701538188,Communication Equipment,Technology,VSAT
2016Q3,2016,Q3,2016-02-09,2015-12-31,9747000.0,347759000.0,10385000.0,0.2,110166000.0,0.3167883506,2336058000.0,1108904000.0,580708000.0,248944000.0,1221911000.0,141261000.0,269254000.0,2971919120.0,3845284120.0,22.76449334866152,2.332685262549007,0.40120108319228376,0.8451849754352045,0.010429851732432728,22.76449334866152,0.008789759979222728,8.545915763502885,76.22650866933415,2.6800508610303506,0.0,1.6819433530840076,0.0,0.14886573877874607,1.2999630438974228,0.004172413527403857,-55.33784787263756,0.31678835055311294,1.0,-0.35680186529798696,0.5136442579562301,0.1539334861058233,-0.02123387469348591,0.9746758508914101,-0.24887892376681614,1.4289304783848609,0.10133614700806547,0.13845782598667947,Communication Equipment,Technology,VSAT
2016Q2,2016,Q2,2015-11-09,2015-09-30,4936000.0,353330000.0,13826000.0,0.1,112556000.0,0.3185577222,2245799000.0,1092053000.0,584118000.0,252377000.0,1148700000.0,123342000.0,259507000.0,3099099450.0000005,3912056450.0000005,22.654351208380874,2.3144660567325865,0.38265356783933024,0.7869242610019843,0.00451070765062157,22.654351208380874,0.004519927146393078,8.771118925650244,156.96411314829822,2.8378654241140313,0.0,1.9520844481198618,0.0,0.15732930685248322,1.3904713979483074,0.0021978814666851307,1186.9396591344314,0.31855772224266266,1.0,-0.45541424031543076,0.5337846558454777,0.17576900798519385,0.11508931136627072,0.8926380368098159,0.4686636923730614,1.5684106251649437,0.1303452507654287,0.10083707638417388,Communication Equipment,Technology,VSAT
2016Q1,2016,Q1,2015-08-10,2015-06-30,2608000.0,344378000.0,9414000.0,0.05,100939000.0,0.2931052506,2202996000.0,1069893000.0,569606000.0,227344000.0,1128041000.0,127278000.0,254571000.0,2893514362.9,3712767362.9,22.281469553648158,2.505480681258357,0.39117047874803224,0.8054515731947026,0.0034817201698818896,22.281469553648158,0.00243762694026412,8.402146370848312,277.3690915356595,2.704489479695633,0.0,1.9126557614041704,0.0,0.15632257162518678,1.4824055176296713,0.0011838423673942212,-44.43835121865065,0.29310525062576587,-0.6875,-0.32089755465807823,0.5230130658375066,0.18054814366850588,-0.11595827604025259,-0.6545237779838389,-0.5216220336399208,1.1637517623877183,0.29086424229904084,0.09042531323168682,Communication Equipment,Technology,VSAT
2015Q4,2015,Q4,2015-05-26,2015-04-03,7549000.0,364753000.0,19679000.0,0.16,114179000.0,0.31303101,2158378000.0,1038582000.0,548746000.0,268257000.0,1114645000.0,128367000.0,251963000.0,2861367805.87,3615757805.87,21.774388476792232,2.045598064542584,0.3737311073407902,0.7766868672863577,0.005818283347848686,21.774388476792232,0.007268564253953949,7.8446724382527355,94.75982931083588,2.755071632158077,0.0,1.9520125889052482,0.0,0.16899403162930682,1.1876745061638652,0.003497533796211785,-92.04979269326041,0.3130310100259628,-0.48387096774193544,-0.503391921078,0.17875677195242753,-0.052198682473796304,0.08082089340312947,-0.4903112551482007,0.0825723401914402,1.9456181805150294,0.38341307149004367,0.067030296264009,Communication Equipment,Technology,VSAT
2015Q3,2015,Q3,2015-02-11,2015-01-02,14811000.0,339553000.0,18178000.0,0.31,105641000.0,0.311117852,2153324000.0,1018934000.0,577145000.0,269333000.0,1129126000.0,129187000.0,244414000.0,2951499483.48,3673739483.48,21.390195388264857,2.1428677510739496,0.3807527339127786,0.8046487799994897,0.012825815169395276,21.390195388264857,0.014535779550000294,8.692308663095305,49.819382274660725,2.8966542322466418,0.0,1.8106465820864328,0.0,0.15768783517947135,1.357969502437503,0.0068782031872583966,-82.6519037658919,0.31111785199954056,-0.38,2.1395959855872575,0.49419988550762384,0.09537440062924821,-0.09758681074616667,-0.38150916607508245,-0.6087050111933873,1.5885506417206308,0.48821400344877247,0.03653357748818609,Communication Equipment,Technology,VSAT
2015Q2,2015,Q2,2014-11-12,2014-10-03,23947000.0,358758000.0,46456000.0,0.5,117065000.0,0.3263063123,2014764000.0,996510000.0,525742000.0,245266000.0,1012963000.0,126817000.0,229603000.0,2631349593.58,3314587593.58,21.271961291865587,2.143558422284377,0.35992652241155787,0.7277066963703325,0.016830261011446475,21.271961291865587,0.02403086772837202,7.334608827064484,27.47055574372573,2.6405651660093725,0.0,1.9058406995907489,0.0,0.17806452765683722,1.3114781502531945,0.01188575932466532,54.85063668271736,0.32630631233310475,4.571428571428571,0.7381916841649409,0.48706598372444687,0.35231943413189476,0.432233042967603,4.788482834994463,41.643919510061245,1.7044034247654591,0.4487753505058831,0.03322020809188398,Communication Equipment,Technology,VSAT
2015Q1,2015,Q1,2014-08-13,2014-07-04,-6321000.0,319471000.0,-1143000.0,-0.14,81736000.0,0.2558479486,2056280000.0,962413000.0,541018000.0,253044000.0,1088621000.0,128567000.0,205656000.0,2681873920.0,3414915920.0,20.684598521320495,2.1380392342833656,0.3847637481276869,0.8220815803610301,-0.00042161811661383525,20.684598521320495,-0.006567866394157186,8.394733543889743,-106.07000158202815,2.786614395275209,0.0,1.8491136916938251,0.0,0.15536356916373256,1.3329223376171733,-0.0030739977045927598,-52.75125727773407,0.25584794864009563,-0.8543046357615897,-1.5209393212063775,0.37438583921096935,0.3723508652221495,-0.12273132197786865,-0.8106559725007161,-0.009717314487632508,-4.250673864498105,0.4812398739397811,0.017543027174416997,Communication Equipment,Technology,VSAT
2014Q4,2014,Q4,2014-05-27,2014-04-04,-3491000.0,343924000.0,-1132000.0,-0.0755,93171000.0,0.2709057815,1960115000.0,941012000.0,531621000.0,274826000.0,1013480000.0,119601000.0,211600000.0,3016921442.34,3650191442.34,20.355333837386404,1.934391214805004,0.3528451136795545,0.7349714987694099,-0.0002452650240572701,20.355333837386404,-0.0037098357938049674,8.772058484839674,-216.04994574190778,3.2060392878518025,0.0,2.0965794600379595,0.0,0.17546113365797414,1.2016257559328447,-0.0017810179504773955,-798.3385663773486,0.27090578150986844,0.4192307692307693,-1.1921903992120935,0.38549895086872876,0.3682393693479801,0.041959762466589876,0.41426174496644297,-1.7427821522309712,-1.26172125340084,0.4471459215778197,0.019769819052782096,Communication Equipment,Technology,VSAT
2014Q3,2014,Q3,2014-02-12,2014-01-03,-5960000.0,332555000.0,1524000.0,-0.13,89419000.0,0.2688848461,1929408000.0,932534000.0,519758000.0,269669000.0,991276000.0,126491000.0,215116000.0,2819033579.92,3449254579.92,20.241601897349277,1.9273924700280713,0.3480772340531396,0.7201699884400997,0.0007409487198139444,20.241601897349277,-0.006391187881621474,8.476894287922299,-118.24805284899327,3.022982089575286,0.0,1.9221604699148556,0.0,0.17236115948518924,1.2013097538092996,-0.003089030417620327,-44.33767288844152,0.2688848461156801,-4.25,-1.3740097478751303,0.4803473452316866,0.41137346686473797,-0.02590498600172119,-4.141802846599894,4.011857707509882,-1.415849549210723,0.5304709349155241,0.026047972341446464,Communication Equipment,Technology,VSAT
2014Q2,2014,Q2,2013-11-13,2013-10-04,1897000.0,353881000.0,-506000.0,0.04,91797000.0,0.259400759,1899553000.0,938633000.0,530538000.0,283336000.0,955355000.0,128159000.0,221109000.0,2942594242.0599995,3497428242.0599995,20.596632707189332,1.8724694355817828,0.32741229120745774,0.6625986940582741,7.128603226609122e-05,20.596632707189332,0.0020210241915636887,8.315208338565787,387.79576200052713,3.13497846555576,0.0,2.0449909877573953,0.0,0.186296986712137,1.2011675184233561,0.0009986559995956944,-60.54471507468828,0.2594007590122103,2.223241590214067,-0.8617717514956611,0.498796428251687,0.4786499762210066,0.06995745672824756,2.2757229320780095,-1.1477803738317758,-0.7786135922126121,0.6249260978931209,0.06897267475082113,Communication Equipment,Technology,VSAT
2014Q1,2014,Q1,2013-08-07,2013-06-28,-1487000.0,321102000.0,3424000.0,-0.0327,85795000.0,0.267189242,1837271000.0,924780000.0,530319000.0,268589000.0,907310000.0,125692000.0,219212000.0,3246628816.9799995,3755029816.9799995,20.354891958813997,1.9744628409949774,0.32008506094092815,0.6359166504465927,0.0005009623915105923,20.354891958813997,-0.0016079499989186618,10.110895656146644,-545.8353760894418,3.5107039695711406,0.0,1.8720920981446711,0.0,0.17477116876062376,1.2673005968226547,-0.000809352566932151,-104.78404392525172,0.2671892420476982,-1.8175,-1.1587577847836692,0.40995756956789653,0.498560929066524,0.12417778243664666,-1.7700673226307613,1.4926618705035972,-1.4092282096509792,0.500852897889961,0.0784715011140918,Communication Equipment,Technology,VSAT
2013Q4,2013,Q4,2013-05-24,2013-03-29,1931000.0,308663000.0,-6950000.0,0.04,76318000.0,0.2472534771,1794072000.0,903001000.0,544873000.0,247148000.0,886237000.0,106281000.0,221046000.0,2178549569.8399997,2661490569.8399997,20.078206640582668,2.2046425623513035,0.32812451228267314,0.6519140067397489,0.000617262166616084,20.078206640582668,0.0021384250958747554,7.058019813971871,282.04940054893837,2.412566065641123,0.0,2.186138632493108,0.0,0.17204604943391347,1.5080356709340152,0.0010763224664339002,-109.78932469082294,0.2472534770931404,1.0851063829787235,-0.8754814545327855,0.42071736698484097,0.5160253269594203,0.01693605340653191,1.0936742019986416,-6.489731437598736,-0.8652781178002668,0.057892197527526924,-0.1260305322562558,Communication Equipment,Technology,VSAT
2013Q3,2013,Q3,2013-02-06,2012-12-28,-20614000.0,286442000.0,1266000.0,-0.47,75047000.0,0.2619971931,1748935000.0,883599000.0,533532000.0,217504000.0,860870000.0,126437000.0,219115000.0,1680949560.0,2154636560.0,19.995903957998596,2.4529755774606445,0.3352634603344321,0.6635974010835232,0.0004949635973328459,19.995903957998596,-0.023329587290162167,5.868376704533553,-20.386018725138253,1.9023896133879736,0.0,1.6719393848319717,0.0,0.16378081518181065,1.6101680888627337,-0.011786601560378173,-37.34779505865624,0.26199719314904935,-1.6111111111111112,-2.3841135761530228,0.2933452656413954,0.5539143585876796,0.13674851179205985,-1.6236477026855034,2.555282555282555,-5.710519259350696,0.35879816978379203,0.023973877538734603,Communication Equipment,Technology,VSAT
2013Q2,2013,Q2,2012-11-07,2012-09-28,-7857000.0,282822000.0,-814000.0,-0.18,66019000.0,0.2334295069,1743369000.0,897562000.0,555623000.0,236322000.0,841552000.0,132890000.0,239891000.0,1630328700.0,2043650700.0,20.57920440215522,2.3511268523455287,0.31515990017030243,0.6121471274407785,-0.0003573943362886844,20.57920440215522,-0.008753712835436437,5.764504529350616,-51.87503818251241,1.816396750308057,0.0,1.631447061479419,0.0,0.1622272737441127,1.5560294851939303,-0.004506791161251577,-652.6536028823058,0.2334295068983318,0.4545454545454546,-1.6336216287603094,0.33542254503703506,0.6461313762161792,0.21930002770338905,0.45562253169819167,0.940709447155656,-1.612550018257974,0.25915758094167923,0.308278896814711,Communication Equipment,Technology,VSAT
2013Q1,2013,Q1,2012-08-08,2012-06-29,-14433000.0,241763000.0,-13729000.0,-0.33,54145000.0,0.2239590012,1721617000.0,889159000.0,542309000.0,225250000.0,828253000.0,137837000.0,247798000.0,1643533298.0400002,2063265298.0400002,20.433742030082467,2.407587125416204,0.3192487063034345,0.618139162961855,-0.005448902722190383,20.433742030082467,-0.01623219244252153,6.798117569851467,-28.46832429224694,1.848413273711451,0.0,1.3611584697867771,0.0,0.1404278651988218,1.5617580466148724,-0.008383397701114709,-38.746128955632045,0.22395900117056788,-0.9411764705882353,-3.3766090032074008,0.2946682870312745,0.6796515428250298,-0.016475332412991355,-0.9817382946587945,-1.3452340280150326,-2.2718644352301656,0.11211559060129674,0.3557074132140163,Communication Equipment,Technology,VSAT
2012Q4,2012,Q4,2012-05-25,2012-03-30,-7283000.0,240538000.0,-5854000.0,-0.17,55052000.0,0.2288702825,1727153000.0,887975000.0,563152000.0,236042000.0,834960000.0,127646000.0,262218000.0,2097822088.92,2475044088.92,20.406532553977947,2.385812694351005,0.31833022320547166,0.6191672062839607,-0.0021773355828423966,20.406532553977947,-0.008201807483318788,8.721374954975929,-72.01091888370176,2.3624787735240296,0.0,1.4531281826300864,0.0,0.13926849561098525,1.62807466467832,-0.004216765972672948,88.39262162052839,0.22887028245017418,-2.416666666666667,-1.5846646435791665,0.2542928454903219,0.752716931871361,-0.053812969424058575,-2.4169260700389104,-4.266741071428571,-1.4259685737597176,0.02946793343062635,0.37168083094523346,Communication Equipment,Technology,VSAT
2012Q3,2012,Q3,2012-02-08,2011-12-30,5140000.0,204964000.0,1792000.0,0.12,58183000.0,0.2838693624,1579663000.0,883076000.0,429896000.0,203466000.0,692464000.0,129763000.0,269596000.0,1973585764.7199998,2372725764.72,20.636278315362777,2.1128640657407134,0.28169426010484516,0.5039000040766594,0.004663008273937386,20.636278315362777,0.005820563575501995,9.62893856833395,95.99152552140077,2.234899108026942,0.0,1.1311467829812814,0.0,0.12975172552626732,1.2305299165462533,0.003253858576164663,302.88302098219765,0.2838693624246209,-0.3333333333333333,-0.6444032606794844,0.10509375445431315,0.8721097095754243,-0.0447866559406347,-0.3554858934169279,-0.6384180790960452,-0.652741510920402,-0.017730122844895148,0.43889282166710747,Communication Equipment,Technology,VSAT
2012Q2,2012,Q2,2011-11-09,2011-09-30,7975000.0,223024000.0,4956000.0,0.18,60911000.0,0.2731141043,1525567000.0,868640000.0,419719000.0,184415000.0,652782000.0,122343000.0,264456000.0,1405399564.51,1814549564.51,20.588022887347435,2.2759482688501476,0.29179773815243776,0.5124758242770308,0.006476606184620561,20.588022887347435,0.009181018603794437,6.3015620045824665,44.056412680564264,1.617930977746823,0.0,1.3250696811423621,0.0,0.1461908916488099,1.271561423962259,0.00522756457107423,-16.333308902434773,0.27311410431164357,3.4999999999999996,-0.17368133683671172,0.14908128861929562,0.9654985213830068,0.13852336448598132,3.533826037521319,2.8093774019984625,-0.37232536541018285,0.020261307805707646,0.47803186984966534,Communication Equipment,Technology,VSAT
2012Q1,2012,Q1,2011-08-10,2011-07-01,1759000.0,195101000.0,1301000.0,0.04,53500000.0,0.274216944,1414245000.0,855583000.0,370489000.0,181035000.0,554711000.0,124439000.0,256481000.0,1831710016.0000002,2156093016.0,20.327984143097027,2.0465048195100395,0.24783258911998982,0.4096575083890166,0.001295743190199556,20.327984143097027,0.0020559080767149416,9.38852192454165,260.33399886299037,2.140891083623681,0.0,1.1379149623510314,0.0,0.13795417342822494,1.1223188886126991,0.0012437731793289,-57.64263511344684,0.27421694404436675,-0.8571428571428571,-0.7833511575508549,0.0009535282582646069,0.9404505362470099,-0.19741974197419743,-0.8551548089591567,-0.8896054306321596,-0.79728228836638,-0.07525003831046449,0.49657993101448006,Communication Equipment,Technology,VSAT
2011Q4,2011,Q4,2011-05-27,2011-04-01,12144000.0,216372000.0,11785000.0,0.28,66660000.0,0.308080528,1405748000.0,840125000.0,370880000.0,203423000.0,561507000.0,98555000.0,254722000.0,1647781413.75,1942661413.75,19.960714130855088,1.8231960004522596,0.2385704976994454,0.39919059663740514,0.010396755607588773,19.960714130855088,0.014454991816693944,7.6155020693527815,33.92171882719862,1.9613526722213956,0.0,1.5190705697326365,0.0,0.15391947916696308,1.14247159859013,0.008638817199099697,-112.00254307707993,0.3080805279795907,-0.06666666666666654,0.3926001535523519,0.2094610927692064,1.106845499816154,0.12965818773407448,-0.060352831940575676,0.6806902452937821,-0.16322441155616646,0.06419117717099755,0.5071539360198026,Communication Equipment,Technology,VSAT
2011Q3,2011,Q3,2011-02-09,2010-12-31,12924000.0,195941000.0,7012000.0,0.3,59009000.0,0.3011569809,1355901000.0,819566000.0,359735000.0,177961000.0,532433000.0,95747000.0,242578000.0,1844962289.6799998,1852349289.6799998,19.727734416898503,2.021426042784655,0.03890475779573877,0.06436455392244188,0.014848800824663827,19.727734416898503,0.01576932181178819,9.415907286785307,35.68868557876818,2.2511454717252786,0.0,1.4301440254002737,0.0,0.1445098130320724,1.260455942594164,0.00953166934754086,-102.02744509649946,0.30115698092793236,0.6666666666666666,0.27525597615608977,0.14818775848935212,1.128878110816843,-0.1289027324663055,0.6599023889031596,-0.463627323491165,-0.07697416032876671,-0.05895464926752512,0.5330744655112472,Communication Equipment,Technology,VSAT
2011Q2,2011,Q2,2010-11-10,2010-10-01,7786000.0,197889000.0,13073000.0,0.18,67741000.0,0.3423181683,1333651000.0,797861000.0,354869000.0,182410000.0,531891000.0,88215000.0,229654000.0,1722211705.66,1716134705.66,19.26768868249175,1.9454470697878405,0.03576947792188511,0.05978986314658819,0.009897314417405741,19.26768868249175,0.009758592035454797,8.702917825952934,55.298346572694584,2.158536017752466,0.0,1.475349997166015,0.0,0.14838139813189508,1.2535222849624472,0.00583810907051395,-111.97735407412225,0.34231816826604816,1.2499999999999998,-0.14729971727500732,0.23919243827061715,1.1730875399956964,0.16337500858693413,1.3876111622201779,0.770689421644318,-0.3386583109879977,-0.015840635910124194,0.5412231817909041,Communication Equipment,Technology,VSAT
2011Q1,2011,Q1,2010-08-11,2010-07-02,3261000.0,192004000.0,7383000.0,0.08,58228000.0,0.3032645153,1271787000.0,769547000.0,347116000.0,170994000.0,498356000.0,88466000.0,221868000.0,1283948729.29,1528541729.29,18.873833882292498,2.0299893563516846,0.23740138875456346,0.39233990906338406,0.004353798970345014,18.873833882292498,0.004237557939930895,6.687093650601029,98.43213196028825,1.66844744933058,0.0,1.5121741686071486,0.0,0.15097182153929864,1.2971683216954981,0.002564108612527098,-198.17081791788857,0.30326451532259746,-0.11111111111111106,-0.5844987714910954,0.2665605497107219,1.1794583666639982,-0.17961000901713256,-0.6878230901780585,-0.586340206185567,-0.426929006880862,0.09732544969875614,0.5514272497296461,Communication Equipment,Technology,VSAT
2010Q4,2010,Q4,2010-06-01,2010-04-02,10446000.0,212642000.0,17848000.0,0.09,70976000.0,0.3337816612,1293552000.0,753005000.0,395147000.0,180606000.0,536802000.0,82962000.0,218607000.0,1133428660.0,1375598660.0,22.973579034078774,2.1878951972802674,0.25650379729612727,0.440635852351578,0.013086611286413214,22.973579034078774,0.013872417845831037,5.330220088223399,27.125901301933755,1.5052073492207887,0.0,1.7076010703695668,0.0,0.16438612440783207,1.5226736653267334,0.008075438791791904,637.8326730444569,0.3337816611958127,0.0,0.275650263511281,0.9183174405450061,1.730030714752669,0.5415155398214713,2.2181146025878005,8.585392051557465,0.11329142625494128,0.4720637532827533,0.9732005352798405,Communication Equipment,Technology,VSAT
2010Q3,2010,Q3,2010-02-10,2010-01-01,3246000.0,156364000.0,1862000.0,0.09,46043000.0,0.2944603617,1254031000.0,640061000.0,394788000.0,167243000.0,610171000.0,80173000.0,208161000.0,1041653060.0,1386214060.0,19.52774811605699,2.3605651656571576,0.32828295313273753,0.6431840090241399,0.04408735014177926,19.52774811605699,0.005071391632984981,6.661719193676293,80.22589802834257,1.6274277920385714,0.0,1.376036820375937,0.0,0.12468910258199359,1.541332073689183,0.002588452757547461,44.922074348801104,0.29446036172008905,-0.6785714285714286,-0.49406510516269253,0.44841322430663355,1.3821596433856334,-0.060538665578453374,-0.6462125340599455,-0.8452074154127525,-0.7068157266134005,0.10066666210723438,0.7715445728892718,Communication Equipment,Technology,VSAT
2010Q2,2010,Q2,2009-11-10,2009-10-02,9175000.0,160666000.0,12029000.0,0.28,49010000.0,0.3050427595,738518000.0,490744000.0,407947000.0,139349000.0,243792000.0,67364000.0,204915000.0,884151320.0,880267320.0,15.729982691198154,2.9275201113750366,0.10832505098047712,0.16301778524036972,0.01610277170874237,15.729982691198154,0.018696102244754903,5.50303934871099,24.091316621253405,1.8016548750468675,0.0,1.6575025236031113,0.0,0.2175519080103667,2.1433666549454964,0.01242352928432347,-42.40940713737529,0.30504275951352494,0.1200000000000001,1.1013450761238932,0.667481534475017,0.9778615550302913,0.049577042509904704,0.10956584834925626,0.06725224026262089,0.28564590600949924,0.1194934622266578,0.5017108680178687,Communication Equipment,Technology,VSAT
2010Q1,2010,Q1,2009-08-12,2009-07-03,8269000.0,158408000.0,11271000.0,0.25,46695000.0,0.294776779,703235000.0,477915000.0,401668000.0,116533000.0,221255000.0,67646000.0,195740000.0,836139722.6700001,811867722.6700001,15.07238348843987,3.4468176396385575,0.11375998066080328,0.1673937834133685,0.014971400606765618,15.07238348843987,0.0173022399380643,5.278393279821727,25.27934824857903,1.7495573954991996,0.0,1.6514354137716938,0.0,0.22525613770645658,2.4722954013026355,0.01175851600105228,-20.95063198872463,0.29477677895055804,-0.26470588235294124,0.9459773403969178,0.5780486676799651,0.9180174116908175,-0.02417871771294826,-0.31751403103334436,-0.21005046257359125,0.35189397546783174,0.07877441379055322,0.43876610768586655,Communication Equipment,Technology,VSAT
2009Q4,2009,Q4,2009-05-28,2009-04-03,12116000.0,165576000.0,14268000.0,0.34,47852000.0,0.2890032372,622942000.0,458748000.0,338824000.0,135434000.0,160152000.0,65562000.0,187471000.0,703369160.0,639878160.0,14.877026851731742,2.501764697195682,0.0,0.0,0.026766926419262614,14.877026851731742,0.026411014325948015,4.2480139633763345,14.513229613733905,1.5332364609763967,0.0,1.7956133125896099,0.0,0.2657968157549178,1.6805012035382547,0.019449643787062036,-391.84911420612815,0.28900323718413296,0.0,1.7055049692665083,0.6944712968736286,0.9296233074709421,0.06733879062297861,0.13594599662478904,0.23436283415520373,0.8964165700686544,0.26327536127729756,0.570264313578063,Communication Equipment,Technology,VSAT
2009Q3,2009,Q3,2009-02-11,2009-01-02,10666000.0,150362000.0,11559000.0,0.34,44833000.0,0.2981670901,584795000.0,442243000.0,332298000.0,120036000.0,138729000.0,62391000.0,175355000.0,738213840.0,674502840.0,14.341775846413283,2.768319504148755,0.0,0.0,0.02406707431731806,14.341775846413283,0.02411796229674636,4.909577153802157,17.302968310519407,1.6692493493396166,0.0,1.691413825712042,0.0,0.25711916141553876,1.914925522343297,0.01823887003137852,-26.471611862157996,0.2981670900892513,0.17241379310344845,0.28140484872752075,0.7845861902676291,0.927276118460536,0.02524640398820005,0.1520846835169583,0.24250241857465335,0.41791658058560904,0.18706464253410185,0.5476634074877724,Communication Equipment,Technology,VSAT
2009Q2,2009,Q2,2008-11-12,2008-10-03,9258000.0,159280000.0,9303000.0,0.29,43729000.0,0.2745416876,563290000.0,428230000.0,344210000.0,112571000.0,131156000.0,59760000.0,164689000.0,654211040.0,563421040.0,13.929349770679504,3.0577146867310407,0.0,0.0,0.02060255089110562,13.929349770679504,0.021619223314573943,4.107301858362632,17.666100669691076,1.527709501903183,0.0,1.9335843373493975,0.0,0.2827673134619823,2.2086860736779457,0.01643558380230432,-31.252617398366215,0.2745416875941738,0.44999999999999984,3.3841020918723896,1.1126398155447166,0.9522834636948243,-0.026968692285440913,0.4716261325703386,0.01594408649120891,0.36568505030178766,0.3434754015303809,0.5710081746551751,Communication Equipment,Technology,VSAT
2009Q1,2009,Q1,2008-08-06,2008-06-27,6291000.0,152961000.0,9157000.0,0.2,44941000.0,0.2938069181,540878000.0,414484000.0,352589000.0,104196000.0,122520000.0,57822000.0,155431000.0,622200850.0,511335850.0,13.58295920039325,3.3839014933394758,0.0,0.0,0.0143998171448719,13.58295920039325,0.015177907953021106,4.067709089244971,24.72583253854713,1.5011456413275301,0.0,1.8681470720487012,0.0,0.28280129715018915,2.526843640830742,0.011631088711317525,-49.12758389261745,0.2938069181033074,-0.3939393939393939,10.638963028132254,1.2108809009722938,0.9189234340545724,0.10580448315740262,-0.40210986504466834,-0.2903200806014105,0.071032983246641,0.34821154367716606,0.5684939402336749,Communication Equipment,Technology,VSAT
2008Q4,2008,Q4,2008-05-27,2008-03-28,10522000.0,147410000.0,12903000.0,0.33,40641000.0,0.2757004274,551094000.0,404140000.0,375626000.0,127375000.0,144665000.0,60326000.0,149140000.0,660039450.0,534863450.0,13.243978371292807,2.9489774288518156,0.0,0.0,0.0237036239768418,13.243978371292807,0.02603553224130252,4.477575808968184,15.682366707850218,1.6331950561686543,0.0,1.7698670556642244,0.0,0.2674861275934777,2.2037526987242395,0.01909293151440589,-69.13579658531476,0.27570042737941797,0.03125000000000003,8.025014670857477,1.3514094268136287,0.8825928458630719,-0.12053407197420528,0.02904645476772616,-0.10995378354142236,0.3801799875190104,0.42841433482328284,0.5738282522507814,Communication Equipment,Technology,VSAT
2008Q3,2008,Q3,2008-02-06,2007-12-28,10225000.0,152053000.0,14497000.0,0.32,46211000.0,0.3039137669,543454000.0,390392000.0,373481000.0,133464000.0,150828000.0,56371000.0,138618000.0,1054548879.9999999,933475879.9999999,12.86808622849232,2.798365102199844,0.0,0.0,0.02585034626502732,12.86808622849232,0.02619162277915531,6.935403313318382,25.78359119804401,2.701256378204471,0.0,1.8775966365684482,0.0,0.27979000982603863,2.123119343043817,0.01881483989445289,256.2694726609963,0.3039137669102221,0.18518518518518512,4.357258262498767,1.6633635441748953,0.8086571576239822,0.09733567629179331,0.19103086779266162,0.33440721649484534,0.721835626186522,0.5217137222074065,0.5697578399178171,Communication Equipment,Technology,VSAT
2008Q2,2008,Q2,2007-11-07,2007-09-28,8585000.0,146625000.0,10864000.0,0.27,42112000.0,0.2872088662,512327000.0,377497000.0,335438000.0,112940000.0,133405000.0,46728000.0,128393000.0,930942680.0,806481680.0,12.501556497549345,2.9700548964051707,0.006909649501197477,0.009377557967348085,0.020376500032482567,12.501556497549345,0.0227419025846563,6.3491401875532825,27.109571345369833,2.466092922592762,0.0,2.2366247217942132,0.0,0.2861941689584972,2.348184876925801,0.016756875979598965,67.81836380855249,0.2872088661551577,1.076923076923077,2.7796184981745418,2.1974337525456265,0.7363332553528165,0.30920848100478765,1.053336522363071,1.3283326189455638,1.0314631103492784,0.5722529344869292,0.571924677855992,Communication Equipment,Technology,VSAT
2008Q1,2008,Q1,2007-08-08,2007-06-29,4181000.0,128562000.0,4666000.0,0.13,32166000.0,0.2501983479,490250000.0,364453000.0,312590000.0,103798000.0,124552000.0,43511000.0,119808000.0,961651800.0,852590800.0,12.165464984311368,3.011522380007322,0.008424273329933707,0.011332051046362632,0.009257806855815884,12.165464984311368,0.011471986785676068,7.480062537919448,57.50130351590529,2.6386167763744575,0.0,2.215439773850291,0.0,0.2622376338602754,2.359120599626197,0.008528301886792452,65.59251074278698,0.25019834787884443,-0.5185185185185185,3.285891638770469,1.5942510815984599,0.6457505052853814,-0.15079993663868207,-0.5124766791044776,-0.5118225570202971,0.041407891527135025,0.3555383596200654,0.5481011134781976,Communication Equipment,Technology,VSAT
2007Q4,2007,Q4,2007-05-31,2007-03-30,8576000.0,132028000.0,9558000.0,0.27,37878000.0,0.2868936892,483939000.0,348795000.0,308154000.0,120748000.0,134021000.0,46034000.0,115969000.0,987715260.0,888500260.0,11.642799919887842,2.5520422698512606,0.008534133434172489,0.011840766066027323,0.022701597426298226,11.642799919887842,0.024587508421852377,7.481104462689732,28.79300548041045,2.8317930589601343,0.0,2.045227440587392,0.0,0.2728195082438076,2.0139546824792127,0.017721241726746554,47.000488222698074,0.28689368921743874,-0.12903225806451607,3.1606922770040984,1.420364941894398,0.568387012283475,0.11560097782228375,-0.11496388028895768,0.16803128437003545,0.9711472306640939,0.3907468822148102,0.5101282207487073,Communication Equipment,Technology,VSAT
2007Q3,2007,Q3,2007-02-07,2006-12-29,9690000.0,124336000.0,8183000.0,0.31,33953000.0,0.2730745721,442724000.0,316217000.0,299850000.0,114345000.0,125530000.0,50813000.0,107393000.0,,,,,,,,,,,,,,,,,,,,,,,,,,,,,,,Communication Equipment,Technology,VSAT
2007Q2,2007,Q2,2006-11-07,2006-09-29,6539000.0,131501000.0,9814000.0,0.21,34057000.0,0.2589866237,415687000.0,299430000.0,275101000.0,104015000.0,115329000.0,45341000.0,97703000.0,,,,,,,,,,,,,,,,,,,,,,,,,,,,,,,Communication Equipment,Technology,VSAT
2007Q1,2007,Q1,2006-08-10,2006-06-30,5361000.0,128701000.0,7890000.0,0.18,30586000.0,0.2376516111,406641000.0,291136000.0,261841000.0,104276000.0,114601000.0,48657000.0,91164000.0,,,,,,,,,,,,,,,,,,,,,,,,,,,,,,,Communication Equipment,Technology,VSAT
