Year,Date,FillingDate,NetIncome,Revenue,OperatingIncome,EPSDiluted,GrossProfit,GrossProfitRatio,TotalAssets,CommonStockEquity,CurrentAssets,CurrentLiability,TotalLiability,Inventory,RetainedEarnings,EnterpriseValue,bookValuePerShare,currentRatio,debtToAssets,debtToEquity,roic,shareholdersEquityPerShare,roe,priceToSalesRatio,peRatio,pbRatio,payoutRatio,inventoryTurnover,dividendYield,assetTurnover,quickRatio,returnOnAssets,priceToFreeCashFlowsRatio,grossProfitMargin,epsdilutedGrowth,fiveYNetIncomeGrowthPerShare,fiveYRevenueGrowthPerShare,fiveYShareholdersEquityGrowthPerShare,grossProfitGrowth,netIncomeGrowth,operatingIncomeGrowth,threeYNetIncomeGrowthPerShare,threeYRevenueGrowthPerShare,threeYShareholdersEquityGrowthPerShare,Industry,Sector,Price,MarketCap,AvgVolume,Symbol
2023,2023-03-31,2023-05-22,-211573000.0,2556158000.0,-155956000.0,-2.77,721404000.0,0.282221991,7730337000.0,3824310000.0,2244512000.0,956719000.0,3869768000.0,268563000.0,1318336000.0,3968062509.28,50.0739512930458,2.3460514529344563,0.353470489061473,0.714493856408084,-0.029793835632674223,50.0739512930458,-0.05532318248259163,1.0110761968861082,-12.215502494552709,0.6758004736226928,0.0,6.8317452515797035,0.0,0.33066579115502986,1.8488061802890923,-0.027369181964512025,-3.244963324125878,0.28222199097238904,-91.33333333333334,-1.3227813135579083,0.2363518416871093,0.605527111420262,-0.14879889748003866,-95.08219800181654,-13.528598971722365,-19.274223404006243,-0.10672735673013921,0.5219338944834929,Communication Equipment,Technology,43.22,5327988720,435813,VSAT
2022,2022-03-31,2022-05-31,-2202000.0,2787635000.0,12448000.0,-0.03,847513000.0,0.304025814,6389346000.0,2633866000.0,1159472000.0,770421000.0,3706752000.0,341890000.0,233530000.0,6085105600.0,35.885199667561345,1.504984936807278,0.4403879520689598,1.068312131292936,0.00028871235611736823,35.885199667561345,-0.000836033420075281,1.2848789744711915,-1626.6001816530425,1.3598921129624666,0.0,5.67469653982275,0.0,0.43629426235486385,0.8693013300520105,-0.00034463621159348703,-7.390143788853837,0.3040258139964522,-1.12,-1.0727095931474955,0.40295806744718876,0.19162222168692528,0.22504311073786215,-1.1330915684496827,-0.7862380437209142,0.9738497842570161,0.11190504621700731,0.13896184254650434,Communication Equipment,Technology,43.22,5327988720,435813,VSAT
2021,2021-03-31,2021-05-28,16545000.0,2256107000.0,58233000.0,0.25,691823000.0,0.3066445873,5349467000.0,2351469000.0,991233000.0,708437000.0,2962233000.0,336672000.0,249064000.0,5044932080.0,35.390238396243454,1.3991829901600283,0.4013330673878351,0.9130113984066981,0.007704730203430556,35.390238396243454,0.00703602726635988,1.4156966314097692,193.04702810516773,1.3582841534377021,25.33097612571774,4.646314513829484,0.1312166075507673,0.4217442597552242,0.7546203826169441,0.0030928314914364366,-20.20779394644936,0.3066445873356184,0.6666666666666667,-0.4396299721759237,0.1720480297549365,0.5335337533458139,-0.011047085916537894,0.7708444825002676,0.5156555008979464,1.2087854874500508,0.25429455042994503,0.13472146210850905,Communication Equipment,Technology,43.22,5327988720,435813,VSAT
2020,2020-03-31,2020-05-29,9343000.0,2309238000.0,38421000.0,0.15,699551000.0,0.3029358602,4883868000.0,2027787000.0,1045704000.0,604579000.0,2833726000.0,294416000.0,245373000.0,4047513440.0,32.90152842679128,1.729639964338821,0.4377679740730093,1.054351862399749,0.0564597146922083,32.90152842679128,0.0046074858947216845,0.9586804998012332,236.94974205287383,1.0917425942665575,0.0,5.467389679908701,0.0,0.47282973249891275,1.050329237370137,0.0019130328665721513,-6.829788919671008,0.3029358602274863,1.1304347826086956,-0.8208604518891919,0.29265051713360996,0.5110196303266414,0.31857156051321583,1.1344955158564498,1.6353624051198095,-0.6326053763086877,0.38404281643622423,0.09254491445032255,Communication Equipment,Technology,43.22,5327988720,435813,VSAT
2019,2019-03-31,2019-05-29,-69467000.0,2068258000.0,-60471000.0,-1.15,530537000.0,0.2565139359,3915287000.0,1907748000.0,887172000.0,485480000.0,1999209000.0,234518000.0,245585000.0,5879495762.37,31.506937569856415,1.827412045810332,0.3608522184963708,0.7405799927453731,-0.011450464476216735,31.506937569856415,-0.03641309019849582,2.2861542236848593,-68.06622946679718,2.478501753046,0.0,6.5569423242565605,0.0,0.5282519519003332,1.157633682129027,-0.017742505210984534,-13.161048580228185,0.2565139358822739,0.033613445378151294,-5.126511373387411,0.16843078718685878,0.547846762011242,0.11972284307455927,0.011188134314548844,0.3371370317997961,-3.5818298985026176,0.17904772333182045,0.3652621292616897,Communication Equipment,Technology,43.22,5327988720,435813,VSAT
2018,2018-03-31,2018-05-30,-70253000.0,1594625000.0,-91227000.0,-1.19,473811000.0,0.2971300462,3414109000.0,1837166000.0,612553000.0,466457000.0,1566102000.0,196307000.0,285960000.0,4823513607.28,31.188480678317532,1.3132035750347835,0.2998454355148005,0.5572196524429475,-0.021240319563328967,31.188480678317532,-0.03823987598289975,2.427689649466175,-55.10447393392453,2.1071882493362057,0.0,5.709495840698498,0.0,0.4670691533281451,0.7269930561659489,-0.020577257492364772,-17.140518243112805,0.29713004624911815,-3.902439024390244,-0.32019435853155215,0.08735135554253652,0.5533499199713608,-0.07161779286075375,-3.9559052467707327,-3.5021805315559944,-2.409360452299858,-0.0660511795020918,0.432347030620819,Communication Equipment,Technology,43.22,5327988720,435813,VSAT
2017,2017-03-31,2017-05-25,23767000.0,1559337000.0,36459000.0,0.41,510362000.0,0.3272942283,2954653000.0,1734618000.0,614856000.0,325517000.0,1216722000.0,163201000.0,297471000.0,4394743866.38,30.11457743441567,1.8888598752138905,0.2872658819834343,0.48931292076987554,0.012101897347112749,30.11457743441567,0.01370157579363295,2.357457603058223,154.67121918542517,2.1192394327627175,0.0,6.427503507944191,0.0,0.5277563896674161,1.2098262149135068,0.00804392258583326,-21.083223597040607,0.3272942282521354,-0.06818181818181825,1.4344192567524208,0.3863227779135692,0.4998702684360116,0.17843107373593237,0.09318798583321834,-0.11332960431917119,3.2034175578583017,-0.07396798338216667,0.47944404523125905,Communication Equipment,Technology,43.22,5327988720,435813,VSAT
2016,2016-03-31,2016-05-26,21741000.0,1417431000.0,41119000.0,0.44,433086000.0,0.3055429153,2405846000.0,1129103000.0,523334000.0,279989000.0,1271422000.0,145161000.0,273704000.0,4507361121.16,23.07757381865915,1.8691234298490298,0.39667376881147004,0.8452160697474013,0.024416395424371337,23.07757381865915,0.01925510781567315,2.536358469061281,165.36098252886254,3.184043547098892,0.0,6.781056895447124,0.0,0.5891611516281591,1.1743747075777977,0.009036738012324979,-23.39228255400552,0.3055429153165128,-0.47619047619047616,-0.4873541549126818,0.5046710523788336,0.14449842116320039,0.03455392825491316,-0.4613631295988901,-0.5054483787164438,1.4918846636839607,0.1636544280056393,0.14938421701538188,Communication Equipment,Technology,43.22,5327988720,435813,VSAT
2015,2015-04-03,2015-05-26,40363000.0,1382535000.0,83144000.0,0.84,418621000.0,0.3027923344,2158378000.0,1038582000.0,548746000.0,268257000.0,1114645000.0,128367000.0,251963000.0,3615757805.87,21.774388476792232,2.045598064542584,0.3737311073407902,0.7766868672863577,0.03346064584228186,21.774388476792232,0.03886356590042962,2.0696530690868586,70.89086058692367,2.755071632158077,0.0,7.509048275647168,0.0,0.640543500721375,1.1876745061638652,0.018700616852099124,-41.075016592546866,0.3027923343712817,5.421052631578948,-0.13401083485248366,0.342236482741832,-0.07862850839498957,0.1622485299098789,5.662469677717454,24.202788723855715,3.9927140945348736,0.4843378442983009,0.08448335231804195,Communication Equipment,Technology,43.22,5327988720,435813,VSAT
2014,2014-04-04,2014-05-27,-8657000.0,1351462000.0,3299000.0,-0.19,360182000.0,0.2665128579,1960115000.0,941012000.0,531621000.0,274826000.0,1013480000.0,119601000.0,211600000.0,3650191442.34,20.355333837386404,1.934391214805004,0.3528451136795545,0.7349714987694099,0.0005055171841220372,20.355333837386404,-0.009199670142357378,2.232339083407451,-348.49502626082943,3.2060392878518025,0.0,8.288225014841013,0.0,0.6894809743305877,1.2016257559328447,-0.004416577598763338,-20.53081705075334,0.2665128579271929,0.7888888888888889,-1.1503336006836364,0.4320534123794264,0.36539959377273445,0.32649551244986724,0.7869255950183367,1.1634058150477984,-1.2160388334442556,0.5183432327573908,0.009492922531671328,Communication Equipment,Technology,43.22,5327988720,435813,VSAT
2013,2013-03-29,2013-05-24,-40629000.0,1119690000.0,-20189000.0,-0.9,271529000.0,0.2425037287,1794072000.0,903001000.0,544873000.0,247148000.0,886237000.0,106281000.0,221046000.0,2661490569.8399997,20.078206640582668,2.2046425623513035,0.32812451228267314,0.6519140067397489,-0.0060638632013471265,20.078206640582668,-0.04499330565525398,1.9456720787360784,-53.6205560028551,2.412566065641123,0.0,7.980363376332552,0.0,0.6241053870747663,1.5080356709340152,-0.02264624831110457,-19.847035719660735,0.24250372871062525,-6.294117647058823,-1.8149414240974802,0.3097787970824204,0.5019655148168832,0.19276859685652284,-6.420090715048025,-10.201914311759344,-1.9244781827704733,0.1528749870004237,-0.1504015269634524,Communication Equipment,Technology,43.22,5327988720,435813,VSAT
2012,2012-03-30,2012-05-25,7496000.0,863627000.0,2194000.0,0.17,227646000.0,0.2635929632,1727153000.0,887975000.0,563152000.0,236042000.0,834960000.0,127646000.0,262218000.0,2509357460.0,20.078121467010355,2.385812694351005,0.31833022320547166,0.6191672062839607,-0.001915458735249315,20.078121467010355,0.00844167910132605,2.4688151945226355,284.4364274279616,2.401121045074467,0.0,4.982380959842064,0.0,0.5000292388688206,1.62807466467832,0.0043400903104704675,-24.34695008735569,0.26359296316581116,-0.7976190476190476,-0.839367597756365,0.08074117196335422,0.6457042521262033,-0.09534331062876036,-0.7924408140661775,-0.944106182966907,-0.8639315334186617,-0.043420961916238655,0.34680468096393363,Communication Equipment,Technology,43.22,5327988720,435813,VSAT
2011,2011-04-01,2011-05-27,36115000.0,802206000.0,39253000.0,0.84,251638000.0,0.3136825204,1405748000.0,840125000.0,370880000.0,203423000.0,561507000.0,98555000.0,254722000.0,1926055628.05,20.163919313409338,1.8231960004522596,0.2385704976994454,0.39919059663740514,0.03339457458814706,20.163919313409338,0.042987650647225116,2.033362537864339,45.16615334487055,1.9415868210682934,0.0,5.5864035310232865,0.0,0.570661313407524,1.14247159859013,0.025690948875616397,-29.845493981227357,0.3136825204498595,-0.023255813953488393,0.00016463331416959127,0.20420989078193658,1.077902690984115,0.18293187416558546,0.15991135662898254,-0.08735177865612648,-0.21806215313021907,0.012932291428921194,0.5083773164818901,Communication Equipment,Technology,43.22,5327988720,435813,VSAT
2010,2010-04-02,2010-06-01,31136000.0,688080000.0,43010000.0,0.86,212724000.0,0.3091559121,1293552000.0,753005000.0,395147000.0,180606000.0,536802000.0,82962000.0,218607000.0,1343992540.0,23.632583247026332,2.1878951972802674,0.25650379729612727,0.440635852351578,0.03370437560163199,23.632583247026332,0.04134899502659345,1.6013000523194978,35.38741456834532,1.4632340289905112,0.0,5.729804006653649,0.0,0.5319306838843741,1.5226736653267334,0.024070157210533478,-30.78318498030341,0.30915591210324384,-0.2833333333333333,0.356655589225672,0.6697840033704324,1.7936167068436755,0.17297014143530645,-0.1877070778221283,-0.0288346467360625,-0.07390104749846775,0.19515826164967695,0.9370458935742653,Communication Equipment,Technology,43.22,5327988720,435813,VSAT
2009,2009-04-03,2009-05-28,38331000.0,628179000.0,44287000.0,1.2,181355000.0,0.2886995586,622942000.0,458748000.0,338824000.0,135434000.0,160152000.0,65562000.0,187471000.0,638418320.0,14.907968282854544,2.501764697195682,0.0,0.0,0.08204126346812689,14.907968282854544,0.08355567762693243,1.117371513533563,18.311792543893976,1.53005423456887,0.0,6.815289344437327,0.0,1.0084068821816476,1.6805012035382547,0.061532213271861584,-11.09211946902655,0.2886995585653134,0.15384615384615377,1.4838176682491648,0.9240857322639942,0.9332684193254068,0.12551976664804815,0.1437651060782383,0.03160959701840205,0.43729944370921986,0.2767707703376008,0.5362741206491971,Communication Equipment,Technology,43.22,5327988720,435813,VSAT
TTM,,,,,,,,,,,,,,,,6711580720.0,50.0739512930458,2.3460514529344563,0.353470489061473,0.714493856408084,-0.027533826263079555,50.0739512930458,-0.06757463226312956,2.0087054341101376,-16.753720494361033,0.8631234181434037,0.0,7.059885390020218,0.0,0.34312203982827655,1.8488061802890923,-0.025486857817453495,-6.689620920678606,0.2851798470017708,,,,,,,,,,,Communication Equipment,Technology,43.22,5327988720,435813,VSAT
